1815 3184
422 241 577 275 LIBER
601 241 767 285 xxvii,
792 240 846 274 31.
867 240 921 274 32.
951 242 998 283 [a.
1016 238 1151 283 0208]
1384 229 1465 271 361

112 361 212 401 pum
238 346 289 386 ab
313 345 420 385 ludis
447 344 615 392 excivit3
653 343 884 398 raptimque
915 357 1009 383 cum
1034 342 1218 395 equitatu
1242 341 1466 396 profectus,

112 407 236 448 iussis
264 405 461 459 subsequi
484 405 710 459 peditibus,
746 405 907 459 palatos
933 404 1089 458 passim
1119 419 1193 459 per
1225 418 1347 458 agros
1373 418 1467 457 gra-

113 470 258 522 visque
282 469 455 524 praeda,
492 475 538 508 ut
569 468 638 520 qui
668 467 769 507 nihil
794 467 874 507 tale
905 474 1152 515 metuerent,
1191 466 1357 506 adortus
1382 466 1468 506 Ro-

112 546 257 571 manos
284 530 480 585 compulit
504 529 547 569 in
571 544 712 569 naves.
762 529 906 569 classis
931 529 1122 569 Romana
1146 528 1466 581 haudquaquam

112 593 221 633 laeta
240 592 394 646 praeda
406 592 667 645 Naupactum
688 590 818 630 rediit.
855 590 1051 644 Philippo
1076 590 1266 630 ludorum
1291 603 1466 642 quoque,

112 654 181 706 qui
219 653 367 705 reliqui
404 660 536 701 erant,
575 652 855 692 celebritatem
891 661 1264 704 quantaecumque,
1303 651 1352 691 de
1382 651 1468 691 Ro-

111 715 243 755 manis
278 723 433 762 tamen,
474 714 666 754 victoriae
691 722 833 767 partae
864 713 976 753 fama
1006 721 1194 762 auxerat,
1231 712 1467 765 laetitiaque

111 777 269 831 ingenti
295 776 489 816 celebrati
514 776 611 816 festi
637 775 744 823 dies,
783 790 831 816 eo
856 775 989 829 magis
1016 775 1158 823 etiam,
1196 775 1307 827 quod
1336 790 1468 829 popu-

110 839 249 879 lariter
275 838 441 892 dempto
468 837 612 891 capitis
638 837 791 891 insigni
815 850 1079 890 purpuraque
1105 845 1227 889 atque
1249 836 1327 877 alio
1352 836 1467 890 regio

111 900 254 940 habitu
280 907 529 952 aequaverat
553 898 698 938 ceteris
727 913 770 938 se
795 898 837 937 in
863 898 1062 952 speciem,
1089 912 1169 950 quo
1188 898 1290 937 nihil
1309 898 1466 952 gratius

111 969 175 1001 est
210 960 445 1001 civitatibus
482 960 636 1000 liberis.
696 960 1040 1013 praebuissetque
1077 959 1189 998 haud
1220 959 1386 998 dubiam
1418 974 1466 999 eo

110 1024 219 1063 facto
265 1038 382 1076 spem
422 1022 650 1068 libertatis,
698 1021 778 1060 nisi
821 1021 958 1061 omnia
998 1021 1257 1061 intoleranda
1297 1021 1467 1060 libidine

110 1084 232 1124 foeda
263 1097 309 1122 ac
342 1082 543 1122 deformia
574 1082 795 1122 effecisset.
856 1082 1087 1135 vagabatur
1118 1081 1227 1121 enim
1259 1095 1353 1121 eum
1383 1096 1466 1121 uno

109 1153 178 1185 aut
204 1145 331 1184 altero
363 1144 510 1184 comite
541 1158 615 1198 per
646 1143 814 1183 maritas
847 1143 991 1183 domos
1024 1143 1112 1183 dies
1142 1150 1388 1195 noctesque,
1427 1150 1467 1182 et

109 1206 402 1248 summittendo
440 1221 484 1245 se
521 1206 564 1245 in
599 1205 806 1260 privatum
837 1205 1051 1260 fastigium
1083 1219 1164 1257 quo
1201 1205 1337 1244 minus
1371 1218 1468 1245 con-

108 1275 293 1322 spectus,
332 1282 380 1308 eo
408 1266 579 1307 solutior
604 1273 708 1315 erat,
748 1274 788 1307 et
817 1266 1051 1307 libertatem
1081 1280 1176 1306 cum
1201 1265 1290 1306 aliis
1317 1280 1467 1306 vanam

108 1329 378 1377 ostendisset,
428 1336 557 1369 totam
592 1328 634 1368 in
672 1343 789 1368 suam
824 1328 1033 1369 licentiam
1069 1335 1261 1368 verterat.
1333 1342 1466 1380 neque

108 1392 218 1431 enim
248 1391 386 1431 omnia
417 1391 580 1430 emebat
611 1397 681 1430 aut
711 1390 1041 1439 eblandicbatur,
1080 1390 1154 1430 sed
1185 1390 1268 1429 vim
1298 1389 1465 1444 flagitiis

109 1453 356 1501 adhibebat,
404 1452 765 1506 periculosumque
808 1460 849 1492 et
884 1452 982 1492 viris
1020 1459 1060 1492 et
1101 1451 1342 1506 parentibus
1380 1459 1468 1491 erat

108 1530 266 1555 moram
291 1513 554 1553 incommoda
581 1513 799 1554 severitate
824 1513 986 1553 libidini
1010 1513 1150 1567 regiae
1181 1513 1345 1554 fecisse.
1394 1513 1465 1552 uni

109 1576 233 1616 ctiam
269 1574 443 1629 principi
468 1574 736 1614 Achaeorum
760 1576 892 1615 Arato
930 1575 1124 1629 adempta
1158 1590 1264 1615 uxor
1299 1574 1465 1615 nomine

107 1636 346 1690 Polycratia
382 1650 429 1675 ac
467 1650 539 1689 spe
575 1636 782 1690 regiarum
819 1636 1057 1690 nuptiarum
1092 1636 1134 1675 in
1169 1635 1465 1676 BIacedoniam

110 1705 320 1752 asportata
344 1697 490 1737 fuerat.

191 1760 274 1799 Per
300 1759 402 1798 haec
426 1758 583 1813 flagitia
609 1758 798 1799 sollemni
821 1758 1078 1799 Nemeorum
1103 1765 1270 1813 peracto
1301 1758 1465 1812 paucis-

108 1836 187 1874 que
220 1821 368 1861 additis
402 1821 547 1860 diebus
579 1820 742 1873 Dymas
779 1828 842 1860 est
876 1820 1087 1874 profectus
1125 1820 1176 1859 ad
1212 1820 1465 1874 praesidium

107 1883 372 1931 Aetolorum,
399 1883 510 1935 quod
535 1883 585 1922 ab
600 1882 715 1922 Eleis
743 1882 923 1921 adcitum
944 1889 1240 1936 acceptumque
1260 1882 1302 1921 in
1321 1882 1463 1922 urbem

108 1951 212 1992 erat,
239 1944 485 1984 eiciundum.
549 1942 770 1996 Cycliadas
796 1968 829 1971 —
853 1958 981 1998 penes
1015 1958 1109 1983 eum
1135 1958 1295 1983 summa
1319 1943 1464 1997 imperi

109 2013 196 2045 erat
219 2031 252 2034 —
276 2006 519 2058 Achaeique
551 2005 603 2045 ad
626 2005 789 2058 Dymas
821 2005 910 2058 regi
942 2019 1173 2053 occurrere,
1212 2012 1253 2044 et
1275 2005 1464 2045 Eliorum

109 2067 272 2106 accensi
298 2067 411 2115 odio,
451 2067 562 2119 quod
587 2082 611 2106 a
636 2066 782 2106 ceteris
807 2066 990 2106 Achaeis
1018 2066 1302 2114 dissentirent,
1340 2074 1380 2106 et
1403 2066 1465 2105 in-

108 2128 216 2168 fensi
248 2129 431 2177 Aetolis,
470 2144 573 2181 quos
599 2129 835 2169 Romanum
873 2143 1037 2181 quoque
1071 2129 1269 2169 adversus
1303 2143 1346 2168 se
1377 2143 1465 2169 mo-

108 2191 218 2230 visse
262 2191 416 2230 bellum
459 2191 693 2230 credebant.
776 2190 951 2244 profecti
993 2206 1016 2230 a
1051 2190 1203 2243 Dymis
1247 2190 1463 2231 coniuncto

110 2251 292 2291 exercitu
318 2260 533 2292 transeunt
556 2252 755 2292 Larisum
781 2267 962 2301 amnem,
1000 2252 1069 2305 qui
1093 2252 1245 2292 Eleum
1271 2267 1415 2307 agrum
1441 2268 1466 2292 a

108 2314 300 2367 Dymaeo
327 2314 491 2354 dirimit.

193 2375 399 2415 XXXII.
459 2376 646 2416 Primum
678 2376 805 2425 diem,
843 2391 924 2429 quo
955 2376 1048 2417 finis
1081 2376 1262 2417 hostium
1286 2377 1462 2432 ingressi

109 2444 221 2485 sunt,
248 2437 485 2490 populando
513 2438 845 2492 absumpserunt.
882 2446 1050 2492 postero
1071 2438 1136 2478 die
1156 2438 1242 2478 acie
1263 2438 1464 2479 instructa

109 2498 160 2538 ad
185 2499 329 2538 urbem
362 2506 626 2541 accesserunt
656 2499 896 2553 praemissis
929 2500 1154 2553 equitibus,
1194 2499 1263 2552 qui
1294 2500 1464 2552 obequi-

107 2560 232 2599 tando
258 2569 496 2615 promptum
522 2561 574 2600 ad
599 2561 865 2601 excursiones
897 2576 1029 2615 genus
1054 2562 1308 2602 lacesserent
1332 2562 1464 2602 Aeto-

106 2621 251 2661 lorum.
301 2621 548 2676 ignorabant
574 2621 806 2677 Sulpicium
831 2637 924 2662 cum
950 2622 1184 2675 quindecim
1208 2622 1384 2663 navibus
1410 2623 1461 2663 ab

106 2684 321 2738 Naupacto
348 2682 552 2737 Cyllenen
578 2684 787 2726 traiecisse
813 2692 853 2726 et
878 2684 1076 2740 expositis
1101 2684 1144 2725 in
1169 2692 1320 2725 terram
1345 2692 1463 2737 quat-

1491 540 1510 570 3

1492 726 1513 754 4

1493 974 1512 1001 5

1493 1156 1511 1185 6

1495 1342 1510 1370 7

1490 1526 1510 1555 8

1495 1958 1533 1985 10

1492 2204 1527 2232 11

1488 2636 1506 2665 2
