<?xml version="1.0" encoding="UTF-8"?>
<!DOCTYPE html PUBLIC "-//W3C//DTD XHTML 1.0 Transitional//EN"
    "http://www.w3.org/TR/xhtml1/DTD/xhtml1-transitional.dtd">
<html xmlns="http://www.w3.org/1999/xhtml" xml:lang="en" lang="en">
 <head>
  <title>
</title>
<meta http-equiv="Content-Type" content="text/html;charset=utf-8" />
  <meta name='ocr-system' content='tesseract 3.04.00' />
  <meta name='ocr-capabilities' content='ocr_page ocr_carea ocr_par ocr_line ocrx_word'/>
</head>
<body>
  <div class='ocr_page' id='page_1' title='image "./aburbeconditalib02livyuoft_0504.png"; bbox 0 0 1815 3184; ppageno 0'>
   <div class='ocr_carea' id='block_1_1' title="bbox 263 422 300 450">
    <p class='ocr_par' dir='ltr' id='par_1_1' title="bbox 263 422 300 450">
     <span class='ocr_line' id='line_1_1' title="bbox 263 422 300 450; baseline 0 0"><span class='ocrx_word' id='word_1_1' title='bbox 263 422 300 450; x_wconf 72' lang='lat'>17</span> 
     </span>
    </p>
   </div>
   <div class='ocr_carea' id='block_1_2' title="bbox 261 605 301 696">
    <p class='ocr_par' dir='ltr' id='par_1_2' title="bbox 261 605 301 696">
     <span class='ocr_line' id='line_1_2' title="bbox 261 605 301 635; baseline -0.025 0"><span class='ocrx_word' id='word_1_2' title='bbox 261 605 301 635; x_wconf 78' lang='lat'>18</span> 
     </span>
     <span class='ocr_line' id='line_1_3' title="bbox 261 667 300 696; baseline 0 0"><span class='ocrx_word' id='word_1_3' title='bbox 261 667 300 696; x_wconf 88' lang='grc'>19</span> 
     </span>
    </p>
   </div>
   <div class='ocr_carea' id='block_1_3' title="bbox 277 2221 292 2248">
    <p class='ocr_par' dir='ltr' id='par_1_3' title="bbox 277 2221 292 2248">
     <span class='ocr_line' id='line_1_4' title="bbox 277 2221 292 2248; baseline 0 0"><span class='ocrx_word' id='word_1_4' title='bbox 277 2221 292 2248; x_wconf 78' lang='grc'><strong>7</strong></span> 
     </span>
    </p>
   </div>
   <div class='ocr_carea' id='block_1_4' title="bbox 274 2343 292 2373">
    <p class='ocr_par' dir='ltr' id='par_1_4' title="bbox 274 2343 292 2373">
     <span class='ocr_line' id='line_1_5' title="bbox 274 2343 292 2373; baseline 0 0"><span class='ocrx_word' id='word_1_5' title='bbox 274 2343 292 2373; x_wconf 82' lang='grc'>8</span> 
     </span>
    </p>
   </div>
   <div class='ocr_carea' id='block_1_5' title="bbox 275 2530 293 2560">
    <p class='ocr_par' dir='ltr' id='par_1_5' title="bbox 275 2530 293 2560">
     <span class='ocr_line' id='line_1_6' title="bbox 275 2530 293 2560; baseline 0 0"><span class='ocrx_word' id='word_1_6' title='bbox 275 2530 293 2560; x_wconf 85' lang='grc'>9</span> 
     </span>
    </p>
   </div>
   <div class='ocr_carea' id='block_1_6' title="bbox 330 215 1389 287">
    <p class='ocr_par' dir='ltr' id='par_1_6' title="bbox 330 215 1389 287">
     <span class='ocr_line' id='line_1_7' title="bbox 330 215 1389 287; baseline 0.005 -15"><span class='ocrx_word' id='word_1_7' title='bbox 330 232 413 272; x_wconf 82' lang='grc'>400</span> <span class='ocrx_word' id='word_1_8' title='bbox 611 239 763 273; x_wconf 81' lang='lat' dir='ltr'>LIBER</span> <span class='ocrx_word' id='word_1_9' title='bbox 786 215 969 283; x_wconf 70' lang='lat' dir='ltr'>XXVm,</span> <span class='ocrx_word' id='word_1_10' title='bbox 996 239 1124 274; x_wconf 90' lang='lat'>14.15.</span> <span class='ocrx_word' id='word_1_11' title='bbox 1151 243 1199 285; x_wconf 82' lang='lat' dir='ltr'>[a.</span> <span class='ocrx_word' id='word_1_12' title='bbox 1213 252 1249 276; x_wconf 88' lang='lat' dir='ltr'>u.</span> <span class='ocrx_word' id='word_1_13' title='bbox 1264 252 1293 276; x_wconf 80' lang='lat' dir='ltr'>e.</span> <span class='ocrx_word' id='word_1_14' title='bbox 1306 241 1389 287; x_wconf 82' lang='lat'>548]</span> 
     </span>
    </p>
   </div>
   <div class='ocr_carea' id='block_1_7' title="bbox 318 343 1671 2636">
    <p class='ocr_par' dir='ltr' id='par_1_7' title="bbox 318 343 1671 2636">
     <span class='ocr_line' id='line_1_8' title="bbox 325 343 1665 399; baseline 0.003 -15"><span class='ocrx_word' id='word_1_15' title='bbox 325 359 508 399; x_wconf 81' lang='lat' dir='ltr'>pugnam</span> <span class='ocrx_word' id='word_1_16' title='bbox 534 349 796 385; x_wconf 84' lang='lat' dir='ltr'>consererent</span> <span class='ocrx_word' id='word_1_17' title='bbox 827 357 920 384; x_wconf 91' lang='lat' dir='ltr'>cum</span> <span class='ocrx_word' id='word_1_18' title='bbox 949 343 1068 385; x_wconf 88' lang='lat' dir='ltr'>hoste</span> <span class='ocrx_word' id='word_1_19' title='bbox 1099 344 1356 398; x_wconf 86' lang='lat' dir='ltr'>quam-coire</span> <span class='ocrx_word' id='word_1_20' title='bbox 1380 345 1487 387; x_wconf 89' lang='lat' dir='ltr'>inter</span> <span class='ocrx_word' id='word_1_21' title='bbox 1517 361 1562 387; x_wconf 92' lang='lat' dir='ltr'>se</span> <span class='ocrx_word' id='word_1_22' title='bbox 1584 362 1665 389; x_wconf 88' lang='lat' dir='ltr'>me-</span> 
     </span>
     <span class='ocr_line' id='line_1_9' title="bbox 328 405 1671 463; baseline 0.003 -18"><span class='ocrx_word' id='word_1_23' title='bbox 328 406 418 446; x_wconf 82' lang='lat' dir='ltr'>diae</span> <span class='ocrx_word' id='word_1_24' title='bbox 444 405 552 446; x_wconf 86' lang='lat' dir='ltr'>acies</span> <span class='ocrx_word' id='word_1_25' title='bbox 577 414 761 460; x_wconf 81' lang='lat' dir='ltr'>possent.</span> <span class='ocrx_word' id='word_1_26' title='bbox 820 405 878 447; x_wconf 86' lang='lat' dir='ltr'>ita</span> <span class='ocrx_word' id='word_1_27' title='bbox 908 405 1083 446; x_wconf 90' lang='lat' dir='ltr'>diductis</span> <span class='ocrx_word' id='word_1_28' title='bbox 1110 406 1301 447; x_wconf 87' lang='lat' dir='ltr'>cornibus</span> <span class='ocrx_word' id='word_1_29' title='bbox 1333 421 1425 448; x_wconf 89' lang='lat' dir='ltr'>cum</span> <span class='ocrx_word' id='word_1_30' title='bbox 1450 408 1575 449; x_wconf 90' lang='lat' dir='ltr'>ternis</span> <span class='ocrx_word' id='word_1_31' title='bbox 1599 425 1671 463; x_wconf 89' lang='lat' dir='ltr'>pe-</span> 
     </span>
     <span class='ocr_line' id='line_1_10' title="bbox 327 467 1671 521; baseline 0.002 -14"><span class='ocrx_word' id='word_1_32' title='bbox 327 467 457 508; x_wconf 90' lang='lat' dir='ltr'>ditum</span> <span class='ocrx_word' id='word_1_33' title='bbox 481 467 718 508; x_wconf 84' lang='lat' dir='ltr'>cohortibus</span> <span class='ocrx_word' id='word_1_34' title='bbox 745 467 953 521; x_wconf 88' lang='lat' dir='ltr'>ternisque</span> <span class='ocrx_word' id='word_1_35' title='bbox 978 468 1163 521; x_wconf 88' lang='lat' dir='ltr'>equitum</span> <span class='ocrx_word' id='word_1_36' title='bbox 1192 469 1355 518; x_wconf 88' lang='lat' dir='ltr'>turmis,</span> <span class='ocrx_word' id='word_1_37' title='bbox 1393 469 1446 510; x_wconf 89' lang='lat' dir='ltr'>ad</span> <span class='ocrx_word' id='word_1_38' title='bbox 1469 469 1548 510; x_wconf 90' lang='lat' dir='ltr'>hoc</span> <span class='ocrx_word' id='word_1_39' title='bbox 1571 471 1671 511; x_wconf 88' lang='lat' dir='ltr'>veli-</span> 
     </span>
     <span class='ocr_line' id='line_1_11' title="bbox 325 529 1671 584; baseline 0.002 -15"><span class='ocrx_word' id='word_1_40' title='bbox 325 530 453 579; x_wconf 85' lang='lat' dir='ltr'>tibus,</span> <span class='ocrx_word' id='word_1_41' title='bbox 491 529 614 571; x_wconf 85' lang='lat' dir='ltr'>citato</span> <span class='ocrx_word' id='word_1_42' title='bbox 646 529 778 584; x_wconf 84' lang='lat' dir='ltr'>gradu</span> <span class='ocrx_word' id='word_1_43' title='bbox 808 530 851 570; x_wconf 92' lang='lat' dir='ltr'>in</span> <span class='ocrx_word' id='word_1_44' title='bbox 879 530 1042 571; x_wconf 86' lang='lat' dir='ltr'>hostem</span> <span class='ocrx_word' id='word_1_45' title='bbox 1073 531 1295 580; x_wconf 83' lang='lat' dir='ltr'>ducebant,</span> <span class='ocrx_word' id='word_1_46' title='bbox 1333 531 1599 584; x_wconf 86' lang='lat' dir='ltr'>sequentibus</span> <span class='ocrx_word' id='word_1_47' title='bbox 1628 532 1671 572; x_wconf 92' lang='lat' dir='ltr'>in</span> 
     </span>
     <span class='ocr_line' id='line_1_12' title="bbox 326 592 1671 649; baseline 0.001 -16"><span class='ocrx_word' id='word_1_48' title='bbox 326 592 537 645; x_wconf 89' lang='lat' dir='ltr'>obliquum</span> <span class='ocrx_word' id='word_1_49' title='bbox 563 592 665 633; x_wconf 89' lang='lat' dir='ltr'>aliis.</span> <span class='ocrx_word' id='word_1_50' title='bbox 720 592 833 633; x_wconf 90' lang='lat' dir='ltr'>sinus</span> <span class='ocrx_word' id='word_1_51' title='bbox 858 592 901 632; x_wconf 90' lang='lat' dir='ltr'>in</span> <span class='ocrx_word' id='word_1_52' title='bbox 925 593 1060 634; x_wconf 86' lang='lat' dir='ltr'>medio</span> <span class='ocrx_word' id='word_1_53' title='bbox 1086 600 1190 643; x_wconf 87' lang='lat' dir='ltr'>erat,</span> <span class='ocrx_word' id='word_1_54' title='bbox 1217 608 1297 647; x_wconf 86' lang='lat' dir='ltr'>qua</span> <span class='ocrx_word' id='word_1_55' title='bbox 1322 594 1489 648; x_wconf 81' lang='lat' dir='ltr'>segnius</span> <span class='ocrx_word' id='word_1_56' title='bbox 1514 594 1671 649; x_wconf 88' lang='lat' dir='ltr'>Hispa-</span> 
     </span>
     <span class='ocr_line' id='line_1_13' title="bbox 325 654 1669 710; baseline 0.001 -16"><span class='ocrx_word' id='word_1_57' title='bbox 325 670 472 695; x_wconf 85' lang='lat' dir='ltr'>norum</span> <span class='ocrx_word' id='word_1_58' title='bbox 508 654 628 710; x_wconf 83' lang='lat' dir='ltr'>signa</span> <span class='ocrx_word' id='word_1_59' title='bbox 667 654 926 696; x_wconf 80' lang='lat' dir='ltr'>incedebant.</span> <span class='ocrx_word' id='word_1_60' title='bbox 996 662 1037 696; x_wconf 91' lang='lat' dir='ltr'>et</span> <span class='ocrx_word' id='word_1_61' title='bbox 1076 655 1159 696; x_wconf 85' lang='lat' dir='ltr'>iam</span> <span class='ocrx_word' id='word_1_62' title='bbox 1200 656 1469 697; x_wconf 83' lang='lat' dir='ltr'>conflixerant</span> <span class='ocrx_word' id='word_1_63' title='bbox 1504 670 1669 705; x_wconf 90' lang='lat' dir='ltr'>cornua,</span> 
     </span>
     <span class='ocr_line' id='line_1_14' title="bbox 325 716 1670 770; baseline 0.001 -14"><span class='ocrx_word' id='word_1_64' title='bbox 325 731 418 756; x_wconf 87' lang='lat' dir='ltr'>eum</span> <span class='ocrx_word' id='word_1_65' title='bbox 454 717 564 770; x_wconf 91' lang='lat' dir='ltr'>quod</span> <span class='ocrx_word' id='word_1_66' title='bbox 593 716 751 757; x_wconf 89' lang='lat' dir='ltr'>roboris</span> <span class='ocrx_word' id='word_1_67' title='bbox 782 716 824 757; x_wconf 89' lang='lat' dir='ltr'>in</span> <span class='ocrx_word' id='word_1_68' title='bbox 855 716 941 757; x_wconf 90' lang='lat' dir='ltr'>acie</span> <span class='ocrx_word' id='word_1_69' title='bbox 971 716 1153 758; x_wconf 88' lang='lat' dir='ltr'>hostium</span> <span class='ocrx_word' id='word_1_70' title='bbox 1182 724 1287 766; x_wconf 88' lang='lat' dir='ltr'>erat,</span> <span class='ocrx_word' id='word_1_71' title='bbox 1324 717 1456 758; x_wconf 89' lang='lat' dir='ltr'>Poeni</span> <span class='ocrx_word' id='word_1_72' title='bbox 1487 718 1670 759; x_wconf 81' lang='lat' dir='ltr'>veterani</span> 
     </span>
     <span class='ocr_line' id='line_1_15' title="bbox 323 778 1670 832; baseline 0.001 -14"><span class='ocrx_word' id='word_1_73' title='bbox 323 778 501 831; x_wconf 83' lang='lat' dir='ltr'>Afrique</span> <span class='ocrx_word' id='word_1_74' title='bbox 536 779 720 819; x_wconf 90' lang='lat' dir='ltr'>nondum</span> <span class='ocrx_word' id='word_1_75' title='bbox 755 778 808 819; x_wconf 91' lang='lat' dir='ltr'>ad</span> <span class='ocrx_word' id='word_1_76' title='bbox 843 778 912 819; x_wconf 90' lang='lat' dir='ltr'>teli</span> <span class='ocrx_word' id='word_1_77' title='bbox 949 778 1179 819; x_wconf 88' lang='lat' dir='ltr'>coniectum</span> <span class='ocrx_word' id='word_1_78' title='bbox 1213 778 1425 820; x_wconf 71' lang='lat' dir='ltr'>venissent.</span> <span class='ocrx_word' id='word_1_79' title='bbox 1459 794 1592 832; x_wconf 89' lang='lat' dir='ltr'>neque</span> <span class='ocrx_word' id='word_1_80' title='bbox 1627 779 1670 819; x_wconf 90' lang='lat' dir='ltr'>in</span> 
     </span>
     <span class='ocr_line' id='line_1_16' title="bbox 325 841 1670 895; baseline 0 -14"><span class='ocrx_word' id='word_1_81' title='bbox 325 854 495 890; x_wconf 89' lang='lat' dir='ltr'>cornua,</span> <span class='ocrx_word' id='word_1_82' title='bbox 521 848 566 881; x_wconf 90' lang='lat' dir='ltr'>ut</span> <span class='ocrx_word' id='word_1_83' title='bbox 591 841 832 881; x_wconf 79' lang='lat' dir='ltr'>adiuvarent</span> <span class='ocrx_word' id='word_1_84' title='bbox 855 847 1108 895; x_wconf 81' lang='lat' dir='ltr'>pugnantes,</span> <span class='ocrx_word' id='word_1_85' title='bbox 1135 841 1346 882; x_wconf 83' lang='lat' dir='ltr'>discedere</span> <span class='ocrx_word' id='word_1_86' title='bbox 1371 841 1587 890; x_wconf 85' lang='lat' dir='ltr'>auderent,</span> <span class='ocrx_word' id='word_1_87' title='bbox 1617 855 1670 881; x_wconf 88' lang='lat' dir='ltr'>ne</span> 
     </span>
     <span class='ocr_line' id='line_1_17' title="bbox 325 903 1670 958; baseline 0 -15"><span class='ocrx_word' id='word_1_88' title='bbox 325 903 527 958; x_wconf 87' lang='lat' dir='ltr'>aperirent</span> <span class='ocrx_word' id='word_1_89' title='bbox 547 903 725 944; x_wconf 89' lang='lat' dir='ltr'>mediam</span> <span class='ocrx_word' id='word_1_90' title='bbox 745 903 875 944; x_wconf 88' lang='lat' dir='ltr'>aciem</span> <span class='ocrx_word' id='word_1_91' title='bbox 895 903 1075 944; x_wconf 70' lang='lat' dir='ltr'>venienti</span> <span class='ocrx_word' id='word_1_92' title='bbox 1094 918 1145 944; x_wconf 81' lang='lat' dir='ltr'>ex</span> <span class='ocrx_word' id='word_1_93' title='bbox 1165 904 1339 945; x_wconf 75' lang='lat' dir='ltr'>adverso</span> <span class='ocrx_word' id='word_1_94' title='bbox 1358 903 1480 944; x_wconf 90' lang='lat' dir='ltr'>hosti.</span> <span class='ocrx_word' id='word_1_95' title='bbox 1517 917 1670 945; x_wconf 83' lang='lat' dir='ltr'>cornua</span> 
     </span>
     <span class='ocr_line' id='line_1_18' title="bbox 324 966 1669 1021; baseline 0.001 -15"><span class='ocrx_word' id='word_1_96' title='bbox 324 966 491 1021; x_wconf 85' lang='lat' dir='ltr'>ancipiti</span> <span class='ocrx_word' id='word_1_97' title='bbox 515 966 670 1021; x_wconf 90' lang='lat' dir='ltr'>proelio</span> <span class='ocrx_word' id='word_1_98' title='bbox 696 966 966 1020; x_wconf 83' lang='lat' dir='ltr'>urgebantur:</span> <span class='ocrx_word' id='word_1_99' title='bbox 993 980 1119 1019; x_wconf 86' lang='lat' dir='ltr'>eques</span> <span class='ocrx_word' id='word_1_100' title='bbox 1145 966 1330 1019; x_wconf 84' lang='lat' dir='ltr'>levisque</span> <span class='ocrx_word' id='word_1_101' title='bbox 1355 974 1574 1016; x_wconf 86' lang='lat' dir='ltr'>armatura,</span> <span class='ocrx_word' id='word_1_102' title='bbox 1598 980 1669 1007; x_wconf 86' lang='lat' dir='ltr'>ve-</span> 
     </span>
     <span class='ocr_line' id='line_1_19' title="bbox 323 1027 1670 1078; baseline -0.001 -10"><span class='ocrx_word' id='word_1_103' title='bbox 323 1028 434 1077; x_wconf 89' lang='lat' dir='ltr'>lites,</span> <span class='ocrx_word' id='word_1_104' title='bbox 472 1028 760 1068; x_wconf 86' lang='lat' dir='ltr'>circumductis</span> <span class='ocrx_word' id='word_1_105' title='bbox 787 1027 861 1068; x_wconf 86' lang='lat' dir='ltr'>alis</span> <span class='ocrx_word' id='word_1_106' title='bbox 891 1028 934 1068; x_wconf 92' lang='lat' dir='ltr'>in</span> <span class='ocrx_word' id='word_1_107' title='bbox 957 1028 1087 1069; x_wconf 82' lang='lat' dir='ltr'>latera</span> <span class='ocrx_word' id='word_1_108' title='bbox 1114 1028 1395 1078; x_wconf 82' lang='lat' dir='ltr'>incurrebant,</span> <span class='ocrx_word' id='word_1_109' title='bbox 1431 1028 1619 1070; x_wconf 90' lang='lat' dir='ltr'>cohortes</span> <span class='ocrx_word' id='word_1_110' title='bbox 1646 1042 1670 1067; x_wconf 86' lang='lat' dir='ltr'>a</span> 
     </span>
     <span class='ocr_line' id='line_1_20' title="bbox 323 1089 1598 1145; baseline -0.001 -15"><span class='ocrx_word' id='word_1_111' title='bbox 323 1090 458 1131; x_wconf 88' lang='lat' dir='ltr'>fronte</span> <span class='ocrx_word' id='word_1_112' title='bbox 483 1091 704 1145; x_wconf 78' lang='lat' dir='ltr'>urgebant,</span> <span class='ocrx_word' id='word_1_113' title='bbox 730 1097 775 1130; x_wconf 90' lang='lat' dir='ltr'>ut</span> <span class='ocrx_word' id='word_1_114' title='bbox 800 1090 1090 1144; x_wconf 86' lang='lat' dir='ltr'>abrumperent</span> <span class='ocrx_word' id='word_1_115' title='bbox 1114 1104 1267 1130; x_wconf 88' lang='lat' dir='ltr'>cornua</span> <span class='ocrx_word' id='word_1_116' title='bbox 1291 1105 1315 1130; x_wconf 89' lang='lat' dir='ltr'>a</span> <span class='ocrx_word' id='word_1_117' title='bbox 1339 1097 1475 1131; x_wconf 87' lang='lat' dir='ltr'>cetera</span> <span class='ocrx_word' id='word_1_118' title='bbox 1500 1089 1598 1130; x_wconf 86' lang='lat' dir='ltr'>acie.</span> 
     </span>
     <span class='ocr_line' id='line_1_21' title="bbox 408 1151 1670 1206; baseline -0.001 -14"><span class='ocrx_word' id='word_1_119' title='bbox 408 1152 509 1194; x_wconf 89' lang='lat' dir='ltr'>XV.</span> <span class='ocrx_word' id='word_1_120' title='bbox 545 1153 603 1192; x_wconf 89' lang='lat' dir='ltr'>Et</span> <span class='ocrx_word' id='word_1_121' title='bbox 627 1166 719 1192; x_wconf 88' lang='lat' dir='ltr'>cum</span> <span class='ocrx_word' id='word_1_122' title='bbox 745 1152 796 1192; x_wconf 88' lang='lat' dir='ltr'>ab</span> <span class='ocrx_word' id='word_1_123' title='bbox 821 1152 931 1193; x_wconf 73' lang='lat' dir='ltr'>omni</span> <span class='ocrx_word' id='word_1_124' title='bbox 954 1160 1070 1206; x_wconf 88' lang='lat' dir='ltr'>parte</span> <span class='ocrx_word' id='word_1_125' title='bbox 1094 1151 1412 1205; x_wconf 85' lang='lat' dir='ltr'>haudquaquam</span> <span class='ocrx_word' id='word_1_126' title='bbox 1436 1167 1510 1206; x_wconf 86' lang='lat' dir='ltr'>par</span> <span class='ocrx_word' id='word_1_127' title='bbox 1528 1165 1670 1206; x_wconf 82' lang='lat' dir='ltr'>pugna</span> 
     </span>
     <span class='ocr_line' id='line_1_22' title="bbox 324 1214 1668 1269; baseline -0.001 -14"><span class='ocrx_word' id='word_1_128' title='bbox 324 1222 428 1264; x_wconf 86' lang='lat' dir='ltr'>erat,</span> <span class='ocrx_word' id='word_1_129' title='bbox 461 1222 547 1255; x_wconf 90' lang='lat' dir='ltr'>tum</span> <span class='ocrx_word' id='word_1_130' title='bbox 572 1215 682 1267; x_wconf 91' lang='lat' dir='ltr'>quod</span> <span class='ocrx_word' id='word_1_131' title='bbox 707 1214 826 1255; x_wconf 82' lang='lat' dir='ltr'>turba</span> <span class='ocrx_word' id='word_1_132' title='bbox 849 1214 1077 1255; x_wconf 87' lang='lat' dir='ltr'>Baliarium</span> <span class='ocrx_word' id='word_1_133' title='bbox 1101 1214 1359 1268; x_wconf 89' lang='lat' dir='ltr'>tironumque</span> <span class='ocrx_word' id='word_1_134' title='bbox 1383 1214 1668 1269; x_wconf 82' lang='lat' dir='ltr'>Hispanorum</span> 
     </span>
     <span class='ocr_line' id='line_1_23' title="bbox 323 1275 1667 1330; baseline -0.002 -13"><span class='ocrx_word' id='word_1_135' title='bbox 323 1276 512 1318; x_wconf 85' lang='lat' dir='ltr'>Romano</span> <span class='ocrx_word' id='word_1_136' title='bbox 538 1276 772 1329; x_wconf 87' lang='lat' dir='ltr'>Latinoque</span> <span class='ocrx_word' id='word_1_137' title='bbox 803 1276 920 1316; x_wconf 90' lang='lat' dir='ltr'>militi</span> <span class='ocrx_word' id='word_1_138' title='bbox 951 1276 1111 1317; x_wconf 86' lang='lat' dir='ltr'>obiecta</span> <span class='ocrx_word' id='word_1_139' title='bbox 1135 1284 1220 1317; x_wconf 87' lang='lat' dir='ltr'>erat</span> <span class='ocrx_word' id='word_1_140' title='bbox 1246 1284 1287 1317; x_wconf 92' lang='lat' dir='ltr'>et</span> <span class='ocrx_word' id='word_1_141' title='bbox 1314 1276 1562 1330; x_wconf 86' lang='lat' dir='ltr'>procedente</span> <span class='ocrx_word' id='word_1_142' title='bbox 1585 1275 1667 1315; x_wconf 89' lang='lat' dir='ltr'>iam</span> 
     </span>
     <span class='ocr_line' id='line_1_24' title="bbox 323 1337 1667 1392; baseline -0.001 -14"><span class='ocrx_word' id='word_1_143' title='bbox 323 1338 388 1379; x_wconf 91' lang='lat' dir='ltr'>die</span> <span class='ocrx_word' id='word_1_144' title='bbox 419 1338 525 1379; x_wconf 73' lang='lat' dir='ltr'>vires</span> <span class='ocrx_word' id='word_1_145' title='bbox 557 1338 731 1378; x_wconf 88' lang='lat' dir='ltr'>deficere</span> <span class='ocrx_word' id='word_1_146' title='bbox 755 1338 1032 1379; x_wconf 84' lang='lat' dir='ltr'>Hasdrubalis</span> <span class='ocrx_word' id='word_1_147' title='bbox 1064 1337 1289 1378; x_wconf 79' lang='lat' dir='ltr'>exercitum</span> <span class='ocrx_word' id='word_1_148' title='bbox 1319 1345 1556 1392; x_wconf 84' lang='lat' dir='ltr'>coeperant,</span> <span class='ocrx_word' id='word_1_149' title='bbox 1594 1352 1667 1391; x_wconf 92' lang='lat' dir='ltr'>op-</span> 
     </span>
     <span class='ocr_line' id='line_1_25' title="bbox 321 1399 1668 1455; baseline 0 -15"><span class='ocrx_word' id='word_1_150' title='bbox 321 1415 488 1455; x_wconf 89' lang='lat' dir='ltr'>pressos</span> <span class='ocrx_word' id='word_1_151' title='bbox 524 1400 723 1441; x_wconf 89' lang='lat' dir='ltr'>matutino</span> <span class='ocrx_word' id='word_1_152' title='bbox 758 1400 935 1440; x_wconf 84' lang='lat' dir='ltr'>tumultu</span> <span class='ocrx_word' id='word_1_153' title='bbox 977 1407 1246 1452; x_wconf 87' lang='lat' dir='ltr'>coactosque,</span> <span class='ocrx_word' id='word_1_154' title='bbox 1295 1399 1535 1454; x_wconf 86' lang='lat' dir='ltr'>priusquam</span> <span class='ocrx_word' id='word_1_155' title='bbox 1576 1399 1668 1440; x_wconf 90' lang='lat' dir='ltr'>cibo</span> 
     </span>
     <span class='ocr_line' id='line_1_26' title="bbox 323 1461 1667 1517; baseline -0.001 -14"><span class='ocrx_word' id='word_1_156' title='bbox 323 1477 494 1517; x_wconf 85' lang='lat' dir='ltr'>corpora</span> <span class='ocrx_word' id='word_1_157' title='bbox 523 1463 750 1511; x_wconf 87' lang='lat' dir='ltr'>firmarent,</span> <span class='ocrx_word' id='word_1_158' title='bbox 786 1462 936 1517; x_wconf 86' lang='lat' dir='ltr'>raptim</span> <span class='ocrx_word' id='word_1_159' title='bbox 966 1462 1008 1502; x_wconf 91' lang='lat' dir='ltr'>in</span> <span class='ocrx_word' id='word_1_160' title='bbox 1039 1461 1168 1502; x_wconf 86' lang='lat' dir='ltr'>aciem</span> <span class='ocrx_word' id='word_1_161' title='bbox 1193 1461 1316 1502; x_wconf 77' lang='lat' dir='ltr'>exire.</span> <span class='ocrx_word' id='word_1_162' title='bbox 1377 1461 1430 1502; x_wconf 90' lang='lat' dir='ltr'>ad</span> <span class='ocrx_word' id='word_1_163' title='bbox 1458 1461 1501 1501; x_wconf 90' lang='lat' dir='ltr'>id</span> <span class='ocrx_word' id='word_1_164' title='bbox 1525 1461 1667 1502; x_wconf 91' lang='lat' dir='ltr'>sedulo</span> 
     </span>
     <span class='ocr_line' id='line_1_27' title="bbox 322 1524 1668 1580; baseline 0.001 -15"><span class='ocrx_word' id='word_1_165' title='bbox 322 1526 431 1566; x_wconf 88' lang='lat' dir='ltr'>diem</span> <span class='ocrx_word' id='word_1_166' title='bbox 468 1533 701 1566; x_wconf 75' lang='lat' dir='ltr'>extraxerat</span> <span class='ocrx_word' id='word_1_167' title='bbox 727 1524 887 1580; x_wconf 83' lang='lat' dir='ltr'>Scipio,</span> <span class='ocrx_word' id='word_1_168' title='bbox 923 1532 969 1565; x_wconf 90' lang='lat' dir='ltr'>ut</span> <span class='ocrx_word' id='word_1_169' title='bbox 1005 1540 1098 1567; x_wconf 88' lang='lat' dir='ltr'>sera</span> <span class='ocrx_word' id='word_1_170' title='bbox 1131 1540 1272 1580; x_wconf 82' lang='lat' dir='ltr'>pugna</span> <span class='ocrx_word' id='word_1_171' title='bbox 1307 1532 1436 1566; x_wconf 86' lang='lat' dir='ltr'>esset:</span> <span class='ocrx_word' id='word_1_172' title='bbox 1484 1540 1581 1566; x_wconf 88' lang='lat' dir='ltr'>nam</span> <span class='ocrx_word' id='word_1_173' title='bbox 1616 1526 1668 1566; x_wconf 87' lang='lat' dir='ltr'>ab</span> 
     </span>
     <span class='ocr_line' id='line_1_28' title="bbox 322 1587 1668 1642; baseline 0 -14"><span class='ocrx_word' id='word_1_174' title='bbox 322 1588 497 1642; x_wconf 82' lang='lat' dir='ltr'>septima</span> <span class='ocrx_word' id='word_1_175' title='bbox 533 1588 700 1628; x_wconf 83' lang='lat' dir='ltr'>demum</span> <span class='ocrx_word' id='word_1_176' title='bbox 736 1587 838 1629; x_wconf 85' lang='lat' dir='ltr'>hora</span> <span class='ocrx_word' id='word_1_177' title='bbox 872 1588 1057 1642; x_wconf 88' lang='lat' dir='ltr'>peditum</span> <span class='ocrx_word' id='word_1_178' title='bbox 1094 1587 1213 1642; x_wconf 80' lang='lat' dir='ltr'>signa</span> <span class='ocrx_word' id='word_1_179' title='bbox 1254 1587 1444 1628; x_wconf 89' lang='lat' dir='ltr'>cornibus</span> <span class='ocrx_word' id='word_1_180' title='bbox 1481 1587 1668 1628; x_wconf 88' lang='lat' dir='ltr'>incucur-</span> 
     </span>
     <span class='ocr_line' id='line_1_29' title="bbox 321 1649 1666 1705; baseline 0 -16"><span class='ocrx_word' id='word_1_181' title='bbox 321 1657 477 1698; x_wconf 86' lang='lat' dir='ltr'>rerunt,</span> <span class='ocrx_word' id='word_1_182' title='bbox 517 1650 569 1690; x_wconf 89' lang='lat' dir='ltr'>ad</span> <span class='ocrx_word' id='word_1_183' title='bbox 592 1650 749 1690; x_wconf 86' lang='lat' dir='ltr'>medias</span> <span class='ocrx_word' id='word_1_184' title='bbox 774 1649 883 1691; x_wconf 88' lang='lat' dir='ltr'>acies</span> <span class='ocrx_word' id='word_1_185' title='bbox 910 1650 1118 1704; x_wconf 88' lang='lat' dir='ltr'>aliquanto</span> <span class='ocrx_word' id='word_1_186' title='bbox 1149 1649 1279 1691; x_wconf 90' lang='lat' dir='ltr'>serius</span> <span class='ocrx_word' id='word_1_187' title='bbox 1304 1649 1489 1704; x_wconf 81' lang='lat' dir='ltr'>pervenit</span> <span class='ocrx_word' id='word_1_188' title='bbox 1513 1665 1666 1705; x_wconf 83' lang='lat' dir='ltr'>pugna,</span> 
     </span>
     <span class='ocr_line' id='line_1_30' title="bbox 319 1711 1667 1766; baseline 0.001 -15"><span class='ocrx_word' id='word_1_189' title='bbox 319 1720 364 1752; x_wconf 89' lang='lat' dir='ltr'>ut</span> <span class='ocrx_word' id='word_1_190' title='bbox 398 1711 511 1766; x_wconf 88' lang='lat' dir='ltr'>prius</span> <span class='ocrx_word' id='word_1_191' title='bbox 548 1720 686 1752; x_wconf 85' lang='lat' dir='ltr'>aestus</span> <span class='ocrx_word' id='word_1_192' title='bbox 725 1727 748 1752; x_wconf 86' lang='lat' dir='ltr'>a</span> <span class='ocrx_word' id='word_1_193' title='bbox 782 1711 1009 1752; x_wconf 88' lang='lat' dir='ltr'>meridiano</span> <span class='ocrx_word' id='word_1_194' title='bbox 1053 1711 1138 1753; x_wconf 91' lang='lat' dir='ltr'>sole</span> <span class='ocrx_word' id='word_1_195' title='bbox 1180 1711 1376 1765; x_wconf 88' lang='lat' dir='ltr'>laborque</span> <span class='ocrx_word' id='word_1_196' title='bbox 1419 1711 1554 1752; x_wconf 89' lang='lat' dir='ltr'>standi</span> <span class='ocrx_word' id='word_1_197' title='bbox 1590 1712 1667 1752; x_wconf 87' lang='lat' dir='ltr'>sub</span> 
     </span>
     <span class='ocr_line' id='line_1_31' title="bbox 321 1773 1666 1828; baseline 0 -15"><span class='ocrx_word' id='word_1_198' title='bbox 321 1773 443 1814; x_wconf 89' lang='lat' dir='ltr'>armis</span> <span class='ocrx_word' id='word_1_199' title='bbox 481 1780 521 1814; x_wconf 92' lang='lat' dir='ltr'>et</span> <span class='ocrx_word' id='word_1_200' title='bbox 557 1773 678 1814; x_wconf 83' lang='lat' dir='ltr'>simul</span> <span class='ocrx_word' id='word_1_201' title='bbox 713 1773 844 1814; x_wconf 86' lang='lat' dir='ltr'>fames</span> <span class='ocrx_word' id='word_1_202' title='bbox 883 1773 1053 1826; x_wconf 86' lang='lat' dir='ltr'>sitisque</span> <span class='ocrx_word' id='word_1_203' title='bbox 1090 1787 1262 1828; x_wconf 84' lang='lat' dir='ltr'>corpora</span> <span class='ocrx_word' id='word_1_204' title='bbox 1293 1773 1514 1814; x_wconf 87' lang='lat' dir='ltr'>adficerent</span> <span class='ocrx_word' id='word_1_205' title='bbox 1544 1788 1666 1826; x_wconf 85' lang='lat' dir='ltr'>quam</span> 
     </span>
     <span class='ocr_line' id='line_1_32' title="bbox 319 1834 1664 1877; baseline -0.001 -2"><span class='ocrx_word' id='word_1_206' title='bbox 319 1850 466 1876; x_wconf 86' lang='lat' dir='ltr'>manus</span> <span class='ocrx_word' id='word_1_207' title='bbox 492 1849 586 1876; x_wconf 89' lang='lat' dir='ltr'>cum</span> <span class='ocrx_word' id='word_1_208' title='bbox 610 1835 728 1877; x_wconf 89' lang='lat' dir='ltr'>hoste</span> <span class='ocrx_word' id='word_1_209' title='bbox 754 1842 1029 1877; x_wconf 90' lang='lat' dir='ltr'>consererent.</span> <span class='ocrx_word' id='word_1_210' title='bbox 1077 1835 1135 1876; x_wconf 86' lang='lat' dir='ltr'>ita</span> <span class='ocrx_word' id='word_1_211' title='bbox 1159 1843 1359 1877; x_wconf 87' lang='lat' dir='ltr'>steterunt</span> <span class='ocrx_word' id='word_1_212' title='bbox 1378 1835 1503 1876; x_wconf 89' lang='lat' dir='ltr'>scutis</span> <span class='ocrx_word' id='word_1_213' title='bbox 1524 1834 1664 1875; x_wconf 80' lang='lat' dir='ltr'>innixi.</span> 
     </span>
     <span class='ocr_line' id='line_1_33' title="bbox 320 1897 1665 1953; baseline 0 -16"><span class='ocrx_word' id='word_1_214' title='bbox 320 1913 415 1938; x_wconf 84' lang='lat' dir='ltr'>nam</span> <span class='ocrx_word' id='word_1_215' title='bbox 453 1912 574 1952; x_wconf 88' lang='lat' dir='ltr'>super</span> <span class='ocrx_word' id='word_1_216' title='bbox 611 1906 747 1939; x_wconf 83' lang='lat' dir='ltr'>cetera</span> <span class='ocrx_word' id='word_1_217' title='bbox 782 1897 990 1953; x_wconf 87' lang='lat' dir='ltr'>elephanti</span> <span class='ocrx_word' id='word_1_218' title='bbox 1026 1897 1172 1947; x_wconf 90' lang='lat' dir='ltr'>etiam,</span> <span class='ocrx_word' id='word_1_219' title='bbox 1220 1897 1473 1938; x_wconf 87' lang='lat' dir='ltr'>tumultuoso</span> <span class='ocrx_word' id='word_1_220' title='bbox 1514 1911 1665 1952; x_wconf 85' lang='lat' dir='ltr'>genere</span> 
     </span>
     <span class='ocr_line' id='line_1_34' title="bbox 318 1959 1665 2015; baseline -0.001 -16"><span class='ocrx_word' id='word_1_221' title='bbox 318 1974 483 2015; x_wconf 81' lang='lat' dir='ltr'>pugnae</span> <span class='ocrx_word' id='word_1_222' title='bbox 520 1959 702 2013; x_wconf 89' lang='lat' dir='ltr'>equitum</span> <span class='ocrx_word' id='word_1_223' title='bbox 737 1960 989 2013; x_wconf 80' lang='lat' dir='ltr'>velitumque</span> <span class='ocrx_word' id='word_1_224' title='bbox 1019 1967 1060 2001; x_wconf 87' lang='lat' dir='ltr'>et</span> <span class='ocrx_word' id='word_1_225' title='bbox 1087 1959 1190 2000; x_wconf 68' lang='lat' dir='ltr'>levis</span> <span class='ocrx_word' id='word_1_226' title='bbox 1222 1967 1452 2000; x_wconf 84' lang='lat' dir='ltr'>armaturae</span> <span class='ocrx_word' id='word_1_227' title='bbox 1483 1966 1665 1999; x_wconf 88' lang='lat' dir='ltr'>conster-</span> 
     </span>
     <span class='ocr_line' id='line_1_35' title="bbox 319 2019 1666 2070; baseline -0.001 -9"><span class='ocrx_word' id='word_1_228' title='bbox 319 2021 422 2070; x_wconf 88' lang='lat' dir='ltr'>nati,</span> <span class='ocrx_word' id='word_1_229' title='bbox 461 2036 483 2062; x_wconf 91' lang='lat' dir='ltr'>e</span> <span class='ocrx_word' id='word_1_230' title='bbox 509 2021 701 2062; x_wconf 88' lang='lat' dir='ltr'>cornibus</span> <span class='ocrx_word' id='word_1_231' title='bbox 726 2022 769 2062; x_wconf 92' lang='lat' dir='ltr'>in</span> <span class='ocrx_word' id='word_1_232' title='bbox 793 2022 972 2063; x_wconf 90' lang='lat' dir='ltr'>mediam</span> <span class='ocrx_word' id='word_1_233' title='bbox 997 2021 1126 2062; x_wconf 89' lang='lat' dir='ltr'>aciem</span> <span class='ocrx_word' id='word_1_234' title='bbox 1151 2036 1242 2062; x_wconf 90' lang='lat' dir='ltr'>sese</span> <span class='ocrx_word' id='word_1_235' title='bbox 1271 2021 1503 2061; x_wconf 86' lang='lat' dir='ltr'>intulerant.</span> <span class='ocrx_word' id='word_1_236' title='bbox 1564 2019 1666 2060; x_wconf 84' lang='lat' dir='ltr'>fessi</span> 
     </span>
     <span class='ocr_line' id='line_1_36' title="bbox 318 2082 1664 2138; baseline -0.001 -15"><span class='ocrx_word' id='word_1_237' title='bbox 318 2083 443 2138; x_wconf 82' lang='lat' dir='ltr'>igitur</span> <span class='ocrx_word' id='word_1_238' title='bbox 484 2084 722 2138; x_wconf 90' lang='lat' dir='ltr'>corporibus</span> <span class='ocrx_word' id='word_1_239' title='bbox 765 2084 994 2137; x_wconf 88' lang='lat' dir='ltr'>animisque</span> <span class='ocrx_word' id='word_1_240' title='bbox 1033 2083 1226 2125; x_wconf 85' lang='lat' dir='ltr'>rettulere</span> <span class='ocrx_word' id='word_1_241' title='bbox 1267 2083 1441 2138; x_wconf 89' lang='lat' dir='ltr'>pedem,</span> <span class='ocrx_word' id='word_1_242' title='bbox 1500 2082 1664 2123; x_wconf 88' lang='lat' dir='ltr'>ordines</span> 
     </span>
     <span class='ocr_line' id='line_1_37' title="bbox 318 2143 1666 2199; baseline -0.001 -14"><span class='ocrx_word' id='word_1_243' title='bbox 318 2153 457 2186; x_wconf 87' lang='lat' dir='ltr'>tamen</span> <span class='ocrx_word' id='word_1_244' title='bbox 482 2154 713 2195; x_wconf 82' lang='lat' dir='ltr'>servantes,</span> <span class='ocrx_word' id='word_1_245' title='bbox 750 2145 862 2186; x_wconf 89' lang='lat' dir='ltr'>haud</span> <span class='ocrx_word' id='word_1_246' title='bbox 892 2160 1011 2187; x_wconf 91' lang='lat' dir='ltr'>secus</span> <span class='ocrx_word' id='word_1_247' title='bbox 1043 2160 1167 2199; x_wconf 88' lang='lat' dir='ltr'>quam</span> <span class='ocrx_word' id='word_1_248' title='bbox 1198 2145 1232 2185; x_wconf 90' lang='lat' dir='ltr'>si</span> <span class='ocrx_word' id='word_1_249' title='bbox 1261 2144 1432 2199; x_wconf 88' lang='lat' dir='ltr'>imperio</span> <span class='ocrx_word' id='word_1_250' title='bbox 1459 2143 1574 2184; x_wconf 89' lang='lat' dir='ltr'>ducis</span> <span class='ocrx_word' id='word_1_251' title='bbox 1600 2158 1666 2184; x_wconf 91' lang='lat' dir='ltr'>ce-</span> 
     </span>
     <span class='ocr_line' id='line_1_38' title="bbox 319 2205 1665 2262; baseline -0.001 -15"><span class='ocrx_word' id='word_1_252' title='bbox 319 2207 463 2248; x_wconf 88' lang='lat' dir='ltr'>derent</span> <span class='ocrx_word' id='word_1_253' title='bbox 491 2207 652 2262; x_wconf 83' lang='lat' dir='ltr'>integra</span> <span class='ocrx_word' id='word_1_254' title='bbox 683 2207 805 2248; x_wconf 90' lang='lat' dir='ltr'>acies.</span> <span class='ocrx_word' id='word_1_255' title='bbox 866 2208 940 2249; x_wconf 91' lang='lat' dir='ltr'>sed</span> <span class='ocrx_word' id='word_1_256' title='bbox 975 2221 1068 2248; x_wconf 90' lang='lat' dir='ltr'>cum</span> <span class='ocrx_word' id='word_1_257' title='bbox 1098 2222 1147 2248; x_wconf 92' lang='lat' dir='ltr'>eo</span> <span class='ocrx_word' id='word_1_258' title='bbox 1182 2207 1272 2262; x_wconf 87' lang='lat' dir='ltr'>ipso</span> <span class='ocrx_word' id='word_1_259' title='bbox 1305 2206 1458 2255; x_wconf 87' lang='lat' dir='ltr'>acrius,</span> <span class='ocrx_word' id='word_1_260' title='bbox 1498 2205 1569 2246; x_wconf 92' lang='lat' dir='ltr'>ubi</span> <span class='ocrx_word' id='word_1_261' title='bbox 1603 2205 1665 2245; x_wconf 92' lang='lat' dir='ltr'>in-</span> 
     </span>
     <span class='ocr_line' id='line_1_39' title="bbox 320 2267 1664 2322; baseline -0.001 -13"><span class='ocrx_word' id='word_1_262' title='bbox 320 2270 512 2310; x_wconf 88' lang='lat' dir='ltr'>clinatam</span> <span class='ocrx_word' id='word_1_263' title='bbox 548 2284 714 2310; x_wconf 84' lang='lat' dir='ltr'>sensere</span> <span class='ocrx_word' id='word_1_264' title='bbox 748 2285 858 2319; x_wconf 90' lang='lat' dir='ltr'>rem,</span> <span class='ocrx_word' id='word_1_265' title='bbox 907 2269 1082 2311; x_wconf 82' lang='lat' dir='ltr'>victores</span> <span class='ocrx_word' id='word_1_266' title='bbox 1123 2284 1167 2310; x_wconf 87' lang='lat' dir='ltr'>se</span> <span class='ocrx_word' id='word_1_267' title='bbox 1203 2268 1382 2322; x_wconf 89' lang='lat' dir='ltr'>undique</span> <span class='ocrx_word' id='word_1_268' title='bbox 1424 2267 1664 2308; x_wconf 83' lang='lat' dir='ltr'>inveherent</span> 
     </span>
     <span class='ocr_line' id='line_1_40' title="bbox 318 2329 1665 2387; baseline -0.001 -16"><span class='ocrx_word' id='word_1_269' title='bbox 318 2346 394 2372; x_wconf 90' lang='lat' dir='ltr'>nec</span> <span class='ocrx_word' id='word_1_270' title='bbox 419 2331 538 2372; x_wconf 88' lang='lat' dir='ltr'>facile</span> <span class='ocrx_word' id='word_1_271' title='bbox 562 2332 740 2387; x_wconf 89' lang='lat' dir='ltr'>impetus</span> <span class='ocrx_word' id='word_1_272' title='bbox 767 2331 960 2373; x_wconf 86' lang='lat' dir='ltr'>sustineri</span> <span class='ocrx_word' id='word_1_273' title='bbox 987 2339 1148 2387; x_wconf 87' lang='lat' dir='ltr'>posset,</span> <span class='ocrx_word' id='word_1_274' title='bbox 1185 2345 1434 2384; x_wconf 87' lang='lat' dir='ltr'>quamquam</span> <span class='ocrx_word' id='word_1_275' title='bbox 1462 2329 1665 2371; x_wconf 87' lang='lat' dir='ltr'>retinebat</span> 
     </span>
     <span class='ocr_line' id='line_1_41' title="bbox 319 2391 1663 2448; baseline -0.002 -13"><span class='ocrx_word' id='word_1_276' title='bbox 319 2394 627 2448; x_wconf 84' lang='lat' dir='ltr'>obsistebatque</span> <span class='ocrx_word' id='word_1_277' title='bbox 653 2394 892 2436; x_wconf 91' lang='lat' dir='ltr'>cedentibus</span> <span class='ocrx_word' id='word_1_278' title='bbox 916 2394 1175 2444; x_wconf 89' lang='lat' dir='ltr'>Hasdrubal,</span> <span class='ocrx_word' id='word_1_279' title='bbox 1213 2394 1264 2434; x_wconf 88' lang='lat' dir='ltr'>ab</span> <span class='ocrx_word' id='word_1_280' title='bbox 1289 2401 1405 2448; x_wconf 81' lang='lat' dir='ltr'>tergo</span> <span class='ocrx_word' id='word_1_281' title='bbox 1431 2407 1523 2433; x_wconf 90' lang='lat' dir='ltr'>esse</span> <span class='ocrx_word' id='word_1_282' title='bbox 1549 2391 1663 2432; x_wconf 89' lang='lat' dir='ltr'>coHis</span> 
     </span>
     <span class='ocr_line' id='line_1_42' title="bbox 319 2453 1662 2512; baseline -0.002 -16"><span class='ocrx_word' id='word_1_283' title='bbox 319 2464 532 2510; x_wconf 86' lang='lat' dir='ltr'>tutumque</span> <span class='ocrx_word' id='word_1_284' title='bbox 567 2464 797 2512; x_wconf 85' lang='lat' dir='ltr'>receptum,</span> <span class='ocrx_word' id='word_1_285' title='bbox 837 2457 870 2498; x_wconf 91' lang='lat' dir='ltr'>si</span> <span class='ocrx_word' id='word_1_286' title='bbox 899 2457 1060 2497; x_wconf 89' lang='lat' dir='ltr'>modice</span> <span class='ocrx_word' id='word_1_287' title='bbox 1091 2471 1135 2498; x_wconf 91' lang='lat' dir='ltr'>se</span> <span class='ocrx_word' id='word_1_288' title='bbox 1171 2455 1400 2510; x_wconf 88' lang='lat' dir='ltr'>reciperent</span> <span class='ocrx_word' id='word_1_289' title='bbox 1436 2453 1662 2501; x_wconf 88' lang='lat' dir='ltr'>clamitans,</span> 
     </span>
     <span class='ocr_line' id='line_1_43' title="bbox 319 2515 1662 2572; baseline -0.003 -14"><span class='ocrx_word' id='word_1_290' title='bbox 319 2525 457 2559; x_wconf 86' lang='lat' dir='ltr'>tamen</span> <span class='ocrx_word' id='word_1_291' title='bbox 487 2518 676 2560; x_wconf 78' lang='lat' dir='ltr'>vincente</span> <span class='ocrx_word' id='word_1_292' title='bbox 712 2527 825 2560; x_wconf 87' lang='lat' dir='ltr'>metu</span> <span class='ocrx_word' id='word_1_293' title='bbox 860 2518 1151 2560; x_wconf 82' lang='lat' dir='ltr'>verecundiam</span> <span class='ocrx_word' id='word_1_294' title='bbox 1187 2532 1281 2558; x_wconf 91' lang='lat' dir='ltr'>cum</span> <span class='ocrx_word' id='word_1_295' title='bbox 1309 2516 1521 2572; x_wconf 81' lang='lat' dir='ltr'>proximus</span> <span class='ocrx_word' id='word_1_296' title='bbox 1553 2515 1662 2568; x_wconf 89' lang='lat' dir='ltr'>quis-</span> 
     </span>
     <span class='ocr_line' id='line_1_44' title="bbox 319 2577 1662 2636; baseline -0.003 -17"><span class='ocrx_word' id='word_1_297' title='bbox 319 2593 398 2631; x_wconf 91' lang='lat' dir='ltr'>que</span> <span class='ocrx_word' id='word_1_298' title='bbox 423 2579 585 2621; x_wconf 86' lang='lat' dir='ltr'>hostem</span> <span class='ocrx_word' id='word_1_299' title='bbox 611 2581 791 2631; x_wconf 83' lang='lat' dir='ltr'>cederet,</span> <span class='ocrx_word' id='word_1_300' title='bbox 817 2589 934 2636; x_wconf 82' lang='lat' dir='ltr'>terga.</span> <span class='ocrx_word' id='word_1_301' title='bbox 957 2581 1163 2636; x_wconf 77' lang='lat' dir='ltr'>extemplo</span> <span class='ocrx_word' id='word_1_302' title='bbox 1189 2581 1285 2621; x_wconf 83' lang='lat' dir='ltr'>data</span> <span class='ocrx_word' id='word_1_303' title='bbox 1309 2587 1430 2632; x_wconf 88' lang='lat' dir='ltr'>atque</span> <span class='ocrx_word' id='word_1_304' title='bbox 1454 2579 1496 2618; x_wconf 90' lang='lat' dir='ltr'>in</span> <span class='ocrx_word' id='word_1_305' title='bbox 1520 2577 1662 2631; x_wconf 86' lang='lat' dir='ltr'>fugam</span> 
     </span>
    </p>
   </div>
   <div class='ocr_carea' id='block_1_8' title="bbox 256 2639 1660 2698">
    <p class='ocr_par' dir='ltr' id='par_1_8' title="bbox 256 2639 1660 2698">
     <span class='ocr_line' id='line_1_45' title="bbox 256 2639 1660 2698; baseline -0.004 -16"><span class='ocrx_word' id='word_1_306' title='bbox 256 2653 296 2682; x_wconf 82' lang='lat'>10</span> <span class='ocrx_word' id='word_1_307' title='bbox 322 2656 413 2682; x_wconf 90' lang='lat' dir='ltr'>sese</span> <span class='ocrx_word' id='word_1_308' title='bbox 438 2657 579 2683; x_wconf 89' lang='lat' dir='ltr'>omnes</span> <span class='ocrx_word' id='word_1_309' title='bbox 606 2643 852 2684; x_wconf 86' lang='lat' dir='ltr'>effuderunt.</span> <span class='ocrx_word' id='word_1_310' title='bbox 912 2657 960 2684; x_wconf 84' lang='lat' dir='ltr'>ac</span> <span class='ocrx_word' id='word_1_311' title='bbox 982 2643 1114 2698; x_wconf 87' lang='lat' dir='ltr'>primo</span> <span class='ocrx_word' id='word_1_312' title='bbox 1141 2642 1364 2683; x_wconf 88' lang='lat' dir='ltr'>consistere</span> <span class='ocrx_word' id='word_1_313' title='bbox 1390 2640 1509 2694; x_wconf 84' lang='lat' dir='ltr'>signa</span> <span class='ocrx_word' id='word_1_314' title='bbox 1531 2639 1573 2678; x_wconf 91' lang='lat' dir='ltr'>in</span> <span class='ocrx_word' id='word_1_315' title='bbox 1595 2651 1660 2677; x_wconf 62' lang='lat' dir='ltr'>raf-</span> 
     </span>
    </p>
   </div>
   <div class='ocr_carea' id='block_1_9' title="bbox 321 2702 1660 2754">
    <p class='ocr_par' dir='ltr' id='par_1_9' title="bbox 321 2702 1660 2754">
     <span class='ocr_line' id='line_1_46' title="bbox 321 2702 1660 2754; baseline -0.001 -12"><span class='ocrx_word' id='word_1_316' title='bbox 321 2702 479 2744; x_wconf 90' lang='lat' dir='ltr'>dicibus</span> <span class='ocrx_word' id='word_1_317' title='bbox 505 2704 670 2745; x_wconf 87' lang='lat' dir='ltr'>collium</span> <span class='ocrx_word' id='word_1_318' title='bbox 693 2719 741 2746; x_wconf 86' lang='lat' dir='ltr'>ac</span> <span class='ocrx_word' id='word_1_319' title='bbox 764 2719 957 2746; x_wconf 85' lang='lat' dir='ltr'>revocare</span> <span class='ocrx_word' id='word_1_320' title='bbox 987 2705 1030 2745; x_wconf 90' lang='lat' dir='ltr'>in</span> <span class='ocrx_word' id='word_1_321' title='bbox 1054 2704 1217 2746; x_wconf 81' lang='lat' dir='ltr'>ordines</span> <span class='ocrx_word' id='word_1_322' title='bbox 1247 2703 1418 2743; x_wconf 89' lang='lat' dir='ltr'>militem</span> <span class='ocrx_word' id='word_1_323' title='bbox 1442 2704 1660 2754; x_wconf 85' lang='lat' dir='ltr'>coeperant</span> 
     </span>
    </p>
   </div>
  </div>
 </body>
</html>
