1815 3184
321 231 401 272 272
642 235 795 270 LIBER
819 235 966 278 XXVI,
993 236 1024 270 6.
1046 235 1076 269 7.
1105 235 1344 278 [a.u.e.543]

275 356 295 385 8
322 348 430 382 esset
460 346 499 380 et
529 339 617 393 ipse
648 337 860 378 Hannibal
891 337 1069 378 sentiret.
1131 351 1250 378 caesa
1281 351 1328 377 eo
1359 336 1424 376 die
1449 337 1521 389 qui
1548 337 1669 378 huius

318 414 481 456 pugnae
507 406 692 440 auc-tores
726 405 820 439 sunt
850 405 940 440 octo
965 398 1077 439 milia
1105 398 1319 438 hominum
1349 398 1400 438 de
1423 397 1670 439 Hannibalis

319 462 516 511 exercitu,
543 461 619 501 tria
643 475 694 501 ex
709 460 933 514 Campanis
958 460 1121 500 tradunt
1147 460 1345 514 signaque
1360 458 1672 513 Carthaginien-

274 541 291 569 9
319 524 432 565 sibus
458 522 691 576 quindecim
724 522 933 576 adempta,
971 521 1252 576 duodeviginti
1277 520 1514 575 Campanis.
1575 528 1672 575 aput

319 586 419 627 alios
455 599 716 638 nequaquam
750 590 905 624 tantam
942 583 1091 623 molem
1125 597 1289 637 pugnae
1325 581 1463 622 inveni
1497 581 1672 636 plusque

316 647 481 702 pavoris
508 661 631 700 quam
663 645 894 686 certaminis
926 644 1072 693 fuisse,
1111 659 1205 685 cum
1234 644 1443 698 inopinato
1473 643 1515 683 in
1541 651 1673 684 castra

319 709 507 749 Romana
531 707 733 748 Numidae
753 706 1013 760 Hispanique
1039 720 1133 746 cum
1158 705 1382 759 elephantis
1408 704 1670 758 inrupissent,

254 785 293 814 10
320 769 525 823 elephanti
554 783 627 823 per
656 768 791 808 media
821 774 954 808 castra
991 767 1186 807 vadentes
1219 774 1398 821 stragem
1433 766 1674 806 tabernacu-

319 831 451 872 lorum
476 829 632 884 ingenti
659 829 793 870 sonitu
819 843 866 868 ac
896 828 1041 882 fugam
1071 827 1400 881 abrumpentium
1426 826 1589 867 vincula
1612 826 1674 867 iu-

255 909 291 937 11
320 900 549 934 mentorum
574 892 754 932 facerent
763 908 773 941 3
811 891 999 931 fraudem
1025 905 1186 944 quoque
1213 904 1336 944 super
1360 889 1580 930 tumultum
1604 890 1675 930 ad-

319 956 466 995 iectam
498 953 676 994 inmissis
714 952 764 994 ab
795 952 1048 1000 Hannibale,
1087 952 1156 1005 qui
1186 951 1329 992 habitu
1358 951 1519 1000 Italico,
1558 951 1675 1006 gnari

318 1016 495 1056 Latinae
542 1015 725 1069 linguae,
774 1014 961 1055 iuberent
1009 1013 1224 1054 consulum
1271 1013 1432 1062 verbis,
1481 1013 1674 1066 quoniam

320 1077 471 1117 amissa
508 1084 641 1117 castra
677 1082 831 1124 essent,
868 1090 943 1129 pro
981 1089 1024 1115 se
1059 1089 1262 1127 quemque
1300 1074 1474 1114 militum
1509 1074 1552 1114 in
1580 1088 1674 1127 pro-

256 1154 294 1183 1‘2
320 1152 468 1178 xumos
494 1137 643 1178 montis
668 1137 831 1191 fugere:
859 1137 931 1177 sed
951 1151 1041 1176 eam
1061 1135 1244 1176 celeriter
1263 1135 1468 1190 cognitam
1486 1135 1672 1176 fraudem

320 1213 641 1254 oppressamque
678 1213 829 1253 magna
864 1198 988 1238 caede
1024 1197 1222 1245 hostium,
1260 1197 1497 1251 elephantos
1534 1196 1621 1251 igni
1651 1210 1672 1236 e

258 1276 296 1305 13
322 1261 465 1302 castris
491 1268 669 1301 exactos.
730 1260 807 1300 hoc
832 1259 1300 1312 ultimum—utcumque
1325 1259 1470 1298 initum
1494 1258 1673 1298 finitum-

322 1337 402 1376 que
428 1329 489 1364 est
513 1346 545 1350 —
571 1328 663 1362 ante
689 1321 937 1361 deditionem
964 1319 1131 1374 Capuae
1161 1320 1361 1373 proelium
1386 1319 1474 1360 fuit.
1534 1319 1672 1360 medix

321 1384 489 1432 tuticus,
515 1383 586 1435 qui
611 1397 795 1423 summus
827 1381 1090 1437 magistratus
1122 1388 1219 1434 aput
1246 1380 1481 1435 Campanos
1508 1388 1587 1429 est,
1625 1396 1672 1422 eo

321 1460 428 1486 anno
450 1444 627 1498 Seppius
648 1444 825 1483 Loesius
852 1450 953 1491 erat,
980 1443 1069 1482 loco
1096 1442 1270 1482 obscuro
1295 1443 1486 1495 tenuique
1511 1443 1674 1483 fortuna

257 1522 296 1550 14
322 1514 446 1548 ortus.
495 1512 666 1545 matrem
693 1505 778 1545 eius
805 1504 1012 1556 quondam
1036 1518 1109 1557 pro
1135 1503 1290 1557 pupillo
1316 1518 1364 1544 eo
1388 1511 1674 1558 procurantem

321 1568 520 1609 familiare
546 1573 768 1613 ostentum,
797 1580 889 1606 cum
914 1565 1195 1619 respondisset
1214 1565 1439 1620 haruspex,
1467 1581 1672 1606 summum

322 1629 432 1682 quod
462 1636 569 1668 esset
599 1627 815 1680 imperium
848 1626 1017 1680 Capuae
1048 1633 1337 1680 perventurum
1369 1627 1421 1668 ad
1451 1641 1544 1668 eum
1573 1641 1674 1682 pue-

258 1706 295 1735 15
321 1706 429 1738 rum,
460 1689 560 1729 nihil
584 1689 636 1729 ad
661 1703 750 1728 eam
777 1702 891 1741 spem
917 1688 1238 1742 adgnoscentem
1263 1689 1415 1729 dixisse
1441 1689 1577 1729 ferunt
1603 1692 1672 1729 ‘ne

321 1759 364 1792 tu
389 1751 566 1805 perditas
596 1764 661 1790 res
689 1748 994 1803 Campanorum
1026 1765 1186 1799 narras,
1223 1749 1295 1791 ubi
1325 1765 1510 1791 summus
1541 1750 1672 1791 honos

257 1828 295 1858 16
323 1813 374 1854 ad
397 1813 525 1852 filium
550 1826 687 1851 meum
711 1811 944 1865 perveniet?
1004 1825 1052 1852 ea
1081 1811 1302 1852 ludificatio
1335 1812 1418 1852 veri
1449 1819 1487 1852 et
1517 1812 1608 1867 ipsa
1631 1812 1673 1851 in

321 1889 463 1915 verum
498 1873 641 1914 vertit:
689 1888 785 1913 nam
822 1887 915 1913 eum
951 1872 1059 1913 fame
1095 1873 1284 1926 ferroque
1321 1880 1563 1928 urgerentur
1597 1887 1673 1913 nec

324 1952 416 1991 spes
449 1936 532 1976 ulla
568 1942 802 1989 superesset
839 1935 927 1975 sisti
961 1933 1126 1990 [posse‚
1163 1935 1213 1976 iis
1244 1935 1314 1988 qui
1343 1934 1451 1990 nati]
1483 1936 1526 1975 in
1557 1950 1671 1989 spem

257 2014 293 2043 17
320 1999 521 2039 honorum
546 2004 659 2037 erant
682 1996 858 2037 honores
885 1996 1221 2045 detrectantibus,
1260 1997 1438 2038 Loesius
1465 1997 1672 2050 querendo

321 2060 525 2100 desertam
566 2073 613 2098 ac
652 2058 855 2112 proditam
892 2073 915 2098 a
950 2058 1196 2112 primoribus
1235 2057 1423 2112 Capuam
1466 2073 1672 2099 summum

320 2122 604 2176 magistratum
628 2120 795 2160 ultimus
822 2120 1005 2160 omnium
1032 2119 1336 2174 Campanorum
1362 2120 1480 2174 cepit.

278 2199 292 2226 1
403 2182 503 2223 VII.
565 2181 759 2223 Ceterum
791 2181 1002 2222 Hannibal
1031 2188 1076 2222 ut
1105 2196 1181 2222 nee
1210 2181 1339 2222 hostis
1371 2182 1461 2222 elici
1497 2181 1670 2236 amplius

319 2244 371 2284 ad
406 2258 589 2298 pugnam
623 2243 726 2282 vidit
760 2257 893 2295 neque
929 2257 1002 2296 per
1037 2249 1171 2284 castra
1207 2257 1348 2284 eorum
1377 2243 1585 2297 perrumpi
1621 2243 1673 2283 ad

276 2319 294 2349 2
323 2304 511 2359 Capuam
534 2318 676 2358 posse,
703 2318 753 2344 ne
781 2319 877 2345 suos
903 2319 1066 2357 quoque
1086 2311 1338 2346 commeatus
1358 2304 1673 2345 intercluderent

320 2366 418 2407 novi
442 2365 649 2414 consules,
676 2365 896 2406 abscedere
920 2366 1040 2406 inrito
1066 2366 1228 2420 incepto
1249 2374 1287 2406 et
1306 2380 1470 2407 movere
1490 2365 1673 2420 aCapua

278 2443 295 2471 3
323 2428 462 2468 statuit
487 2434 631 2468 castra.
693 2427 820 2467 multa-
852 2441 1010 2477 secum,
1048 2442 1128 2481 quo
1153 2429 1235 2468 iam
1264 2428 1358 2468 inde
1389 2428 1446 2468 ire
1471 2435 1671 2482 pergeret,

321 2490 500 2531 volventi
525 2489 647 2530 subiit
672 2489 854 2530 animum
878 2490 1055 2544 impetus
1082 2496 1203 2544 caput
1227 2490 1363 2545 ipsum
1387 2489 1484 2531 belli
1495 2490 1671 2530 Romam

321 2552 501 2605 petendi,
539 2551 654 2592 cuius
679 2551 738 2591 rei
770 2565 930 2606 semper
955 2552 1114 2605 cupitae
1139 2553 1468 2607 praetermissam
1493 2551 1672 2592 occasio-

322 2627 414 2652 nem
450 2619 542 2665 post
570 2611 829 2653 Cannensem
866 2628 1047 2667 pugnam
1083 2621 1122 2654 et
1159 2614 1226 2654 alii
1255 2613 1485 2654 fremebant
1514 2619 1553 2652 et
1581 2612 1670 2664 ipse

281 2686 298 2714 4
323 2687 404 2712 non
429 2673 730 2714 dissimulabat:
761 2675 1002 2727 necopinato
1027 2689 1177 2728 pavore
1202 2689 1249 2715 ae
1275 2674 1450 2714 tumultu
1473 2687 1555 2713 non
1579 2685 1669 2711 esse
