1815 3184
519 225 670 260 LIBER
695 225 819 268 XXX,
846 224 898 258 36.
913 224 966 258 37.
995 225 1044 267 [a.
1060 221 1192 268 usos]
1437 210 1516 253 521

181 337 416 386 reputarent
458 336 498 370 et
537 329 676 384 ipsum
718 327 954 384 Scipionem
995 326 1223 382 expectatio
1272 324 1519 366 successoris
1548 337 1584 367 11

183 391 342 433 venturi
367 391 418 432 ad
442 398 627 446 paratam
652 390 817 432 alterius
842 391 982 431 labore
1014 403 1061 430 ac
1090 387 1271 444 periculo
1300 387 1403 428 finiti
1425 385 1522 427 belli

182 455 335 494 famam
361 453 614 501 sollicitaret,
642 452 694 492 ad
717 466 863 507 pacem
886 451 1067 494 omnium
1092 449 1216 491 animi
1241 449 1350 491 versi
1375 456 1481 490 sunt.

266 515 512 558 XXXVII.
560 514 735 556 Postero
755 514 820 555 die
839 513 1041 556 revocatis
1059 512 1206 568 legatis
1226 519 1267 553 et
1285 526 1378 553 cum
1396 511 1525 552 multa
1551 524 1566 552 1

183 577 453 632 castigatione
478 576 673 632 perfidiae
697 577 881 627 monitis,
917 584 962 617 ut
986 583 1046 617 tot
1070 575 1253 617 cladibus
1279 574 1412 616 edocti
1436 581 1525 614 tan—

183 641 278 681 dem
314 639 413 680 deos
449 646 490 680 et
523 638 587 680 ius
623 638 840 679 iurandum
876 653 967 680 esse
998 638 1227 686 crederent,
1264 635 1523 677 condiciones

182 701 297 756 pacis
330 701 482 750 dictae,
519 707 564 741 ut
593 700 711 742 liberi
739 701 901 755 legibus
934 700 1018 741 suis
1044 699 1247 741 viverent:
1286 712 1387 752 quas
1411 696 1524 738 urbis
1550 709 1568 738 2

184 777 370 817 quosque
401 778 522 818 agros
555 763 784 816 quibusque
814 763 964 804 finibus
995 769 1088 803 ante
1118 761 1272 802 bellum
1297 760 1524 802 tenuissent

185 831 370 866 tenerent
404 824 710 880 populandique
751 825 875 865 finem
917 839 965 865 eo
1007 823 1072 864 die
1108 823 1321 864 Romanus
1358 822 1524 862 faceret.

181 887 378 942 perfugas
416 886 694 941 fugitivosque
731 894 772 928 et
805 886 989 941 captivos
1026 885 1157 927 omnis
1193 884 1412 925 redderent
1440 884 1526 925 Ro·
1551 897 1570 926 3

182 949 315 990 manis
341 956 381 990 et
405 964 531 990 naves
556 956 753 990 rostratas
773 956 934 1004 praeter
953 949 1095 989 decem
1114 948 1298 988 triremes
1322 947 1529 988 traderent

184 1011 507 1066 elephantosque
543 1025 645 1064 quos
683 1011 881 1051 haberent
919 1010 1114 1058 domitos,
1151 1024 1284 1062 neque
1316 1009 1529 1049 domarent

184 1073 285 1114 alios
294 1090 304 1122 3
342 1073 495 1113 bellum
519 1088 622 1113 neve
647 1073 689 1112 in
713 1072 860 1113 Africa
888 1086 992 1112 neve
1018 1078 1133 1112 extra
1156 1071 1344 1111 Africam
1367 1070 1527 1111 iniussu
1554 1084 1572 1111 4

181 1135 323 1189 populi
352 1134 531 1175 Romani
565 1140 774 1188 gererent3
811 1133 1062 1174 Masinissae
1098 1147 1164 1173 res
1196 1133 1414 1173 redderent
1444 1133 1529 1172 foe-

183 1196 341 1249 dusque
374 1210 467 1236 cum
497 1210 545 1236 eo
576 1196 776 1244 facerent3
813 1195 1065 1235 frumentum
1096 1194 1425 1249 stipendiumque
1457 1209 1528 1234 au-
1555 1208 1574 1236 5

182 1256 309 1306 xiliis,
348 1257 479 1298 donec
515 1257 566 1297 ab
601 1256 800 1298 Romanis
837 1256 964 1311 legati
992 1256 1215 1305 redissent,
1252 1262 1527 1310 praestarent3

183 1319 326 1360 decem
356 1319 469 1360 milia
501 1319 699 1360 talentum
725 1319 902 1374 argenti,
941 1318 1136 1373 discripta
1165 1318 1433 1373 pensionibus
1460 1333 1527 1358 ae-

184 1382 275 1435 quis
300 1382 342 1422 in
368 1397 496 1423 annos
529 1382 841 1436 quinquaginta,
880 1381 1098 1423 solverent.
1169 1380 1335 1422 obsides
1367 1387 1531 1421 centum

186 1444 383 1484 arbitratu
425 1443 629 1498 Scipionis
674 1444 841 1492 darent,
889 1458 941 1484 ne
982 1443 1161 1483 minores
1204 1442 1530 1496 quattuordecim

185 1506 302 1547 annis
332 1521 413 1547 neu
438 1506 604 1561 triginta
634 1506 822 1547 maiores.
881 1505 1060 1546 indutias
1091 1505 1148 1545 ita
1179 1520 1222 1545 se
1249 1505 1456 1554 daturum,
1495 1504 1529 1545 si
1557 1519 1575 1548 6

184 1583 256 1623 per
290 1568 447 1624 priores
484 1568 662 1610 indutias
709 1583 836 1609 naves
879 1567 1090 1609 onerariae
1126 1574 1294 1622 captae,
1345 1580 1530 1620 quaeque

184 1630 361 1672 fuissent
395 1630 437 1671 in
471 1631 666 1680 navibus,
708 1630 1037 1680 restituerentur3
1093 1630 1208 1671 aliter
1238 1644 1315 1671 nec
1350 1629 1527 1671 indutias

184 1706 260 1733 nec
285 1708 403 1747 spem
427 1693 541 1748 pacis
566 1693 692 1734 ullam
718 1708 823 1735 esse.

268 1754 360 1795 Has
392 1755 652 1796 condiciones
682 1755 809 1810 legati
840 1770 933 1796 cum
963 1755 1131 1797 domum
1167 1755 1320 1796 referre
1354 1754 1457 1796 iussi
1486 1755 1528 1795 in
1555 1767 1571 1795 7

185 1817 373 1858 contione
399 1818 583 1867 ederent,
621 1825 661 1858 et
687 1817 820 1873 Gisgo
846 1818 899 1858 ad
923 1817 1242 1858 dissuadendam
1266 1831 1412 1872 pacem
1434 1832 1530 1872 pro-

184 1879 380 1920 cessisset
418 1879 706 1934 audireturque
744 1896 768 1921 a
802 1880 1062 1922 multitudine
1097 1879 1281 1933 inquieta
1316 1879 1461 1920 eadem
1490 1885 1531 1920 et

183 1941 341 1991 inbelli,
378 1941 615 1996 indignatus
641 1942 853 1983 Hannibal
883 1942 963 1982 dici
993 1957 1042 1983 ea
1070 1942 1113 1982 in
1143 1941 1214 1983 tali
1245 1948 1427 1996 tempore
1459 1956 1529 1982 au-
1555 1953 1575 1983 8

185 2003 361 2056 dirique,
394 2011 601 2059 arreptum
627 2004 857 2059 Gisgonem
881 2020 1005 2045 manu
1031 2019 1105 2045 sua
1129 2019 1180 2045 ex
1206 2003 1414 2059 superiore
1439 2003 1529 2044 loco

185 2065 373 2106 detraxit.
435 2079 539 2118 quae
575 2067 738 2107 insueta
766 2066 919 2108 liberae
952 2066 1106 2107 civitati
1137 2065 1295 2120 species
1327 2080 1421 2106 cum
1449 2066 1531 2106 fre-

184 2126 330 2167 mitum
353 2127 495 2182 populi
524 2129 741 2177 movisset,
778 2129 1040 2183 perturbatus
1072 2127 1259 2169 militaris
1283 2127 1345 2168 vir
1374 2128 1532 2168 urbana

185 2187 373 2229 libertate
400 2189 584 2230 ‘novem'
611 2189 743 2243 inquit
768 2194 988 2231 ‘annorum
1012 2205 1036 2230 a
1060 2189 1177 2231 vobis
1202 2189 1411 2245 profectus
1436 2197 1532 2245 post
1556 2202 1574 2231 9

188 2257 350 2291 sextum
375 2258 415 2292 et
440 2252 690 2292 tricesimum
715 2267 867 2293 annum
889 2252 1004 2293 redii.
1063 2252 1250 2293 militaris
1277 2259 1403 2302 artes,
1429 2267 1531 2306 quas

186 2326 252 2352 me
283 2328 306 2353 a
337 2328 464 2367 puero
495 2314 660 2355 fortuna
688 2328 797 2355 nunc
826 2313 1004 2369 privata,
1047 2328 1156 2355 nunc
1186 2314 1351 2369 publica
1382 2314 1531 2363 docuit,

186 2374 313 2429 probe
339 2375 481 2417 videor
507 2376 628 2417 scire:
665 2377 777 2418 urbis
804 2391 851 2417 ac
875 2377 953 2417 fori
977 2377 1083 2426 iura,
1119 2376 1254 2431 leges,
1291 2391 1426 2418 mores
1458 2391 1531 2417 vos

186 2451 252 2477 me
276 2444 436 2492 oportet
461 2437 668 2479 doceatis?
723 2446 920 2480 excusata
943 2439 1205 2494 inprudentia
1229 2438 1280 2479 de
1302 2452 1405 2494 pace
1429 2438 1533 2478 mul·
1560 2452 1599 2481 10

187 2498 238 2539 tis
264 2498 400 2539 verbis
427 2498 637 2550 disseruit,
676 2515 798 2554 quam
821 2515 897 2542 nec
920 2500 1061 2554 iniqua
1085 2508 1127 2541 et
1149 2500 1384 2542 necessaria
1408 2508 1530 2542 esset.

186 2559 228 2599 id
258 2560 441 2601 omnium
470 2561 649 2603 maxime
680 2562 846 2603 difficile
877 2570 981 2612 erat,
1019 2563 1130 2616 quod
1166 2578 1217 2604 ex
1252 2562 1428 2604 navibus
1458 2578 1532 2618 per
1560 2577 1595 2606 11

185 2620 364 2664 indutias
390 2624 518 2678 captis
544 2624 645 2665 nihil
669 2632 831 2680 praeter
854 2624 966 2680 ipsas
993 2626 1257 2680 comparebat
1280 2640 1426 2675 naves3
1457 2640 1533 2667 nec

185 2683 393 2737 inquisitio
420 2692 507 2727 erat
531 2686 682 2736 facilis,
710 2687 1023 2729 adversantibus
1049 2687 1141 2743 paci
1161 2687 1231 2742 qui
1251 2695 1530 2743 arguerentur.
