1815 3184
450 235 600 269 LIssEn
625 235 735 278 XXI,
763 233 917 267 15—17.
946 235 994 276 [a.
1011 231 1143 276 11215]
1423 224 1473 263 13

126 354 230 392 quae
266 340 300 379 si
332 339 388 379 ita
420 345 532 387 sunt,
571 338 657 378 fieri
688 352 769 378 non
801 336 949 391 potuit,
986 343 1031 376 ut
1060 336 1109 376 P.
1141 334 1377 383 Cornelius,
1410 334 1473 374 Ti.
1502 349 1519 376 1

129 401 397 455 Sempronius
435 400 623 440 consules
661 400 830 448 fuerint,
868 398 919 438 ad
951 413 1054 451 quos
1093 404 1133 438 et
1168 397 1367 451 principio
1405 411 1476 450 op-

126 463 387 516 pugnationis
430 462 554 516 legati
595 461 814 515 Saguntini
856 461 972 501 missi
1014 460 1093 500 sint
1137 468 1176 500 et
1218 459 1365 511 quiin
1402 473 1476 498 suo

127 524 370 577 magistratu
407 539 500 564 cum
537 523 791 571 Hannibale,
837 522 938 562 alter
974 522 1026 561 ad
1064 521 1253 561 Ticinum
1299 534 1474 568 amnem,

127 586 247 626 ambo
297 586 504 638 aliquanto
558 592 651 639 post
706 585 756 625 ad
808 583 1000 624 Trebiam
1054 583 1340 637 pugnaverint.
1407 588 1507 622 aut.

127 648 263 687 omnia
297 647 484 687 breviora
521 648 727 700 aliquanto
764 647 876 686 fuere
911 654 981 685 aut
1015 644 1245 699 Saguntum
1277 644 1476 698 principio

127 710 238 758 anni,
267 724 347 763 (1110
366 709 413 749 P.
437 709 672 755 Cornelius,
700 709 763 748 Ti.
788 707 1056 761 Sempronius
1083 706 1272 747 0011511105
1298 707 1475 754 suerunt,

127 786 207 811 11011
234 778 424 824 coeptum
449 771 678 825 oppugnari
704 778 783 817 est,
813 770 884 809 5011
906 779 1082 822 captum.
1126 784 1220 808 nam
1248 768 1475 808 excessisse

126 848 265 887 pugna
297 834 348 873 ad
381 832 575 873 Trebiam
608 832 649 871 in
682 847 835 871 annum
869 830 945 871 Cn.
981 829 1128 871 Servili
1160 836 1197 869 et
1226 829 1274 870 C.
1301 830 1477 870 Flamini

127 909 207 934 non
239 900 390 947 potest,
423 894 519 946 quia
546 893 594 934 C.
620 893 851 933 Flaminius
879 891 1057 931 Arimini
1089 891 1345 931 consulatum
1376 891 1476 939 iniit,

127 963 286 996 creatus
319 971 342 996 a
374 955 437 995 Ti.
469 954 714 1008 Sempronio
748 954 934 1001 consule,
974 953 1043 1006 qui
1079 959 1172 1006 post
1208 968 1389 1007 pugnam
1427 953 1478 992 ad

127 1017 320 1057 Trebiam
363 1017 414 1056 ad
459 1017 656 1056 creandos
701 1015 890 1055 consules
946 1016 1105 1054 {omani
1147 1029 1240 1054 cum
1283 1014 1476 1062 venisset,

126 1078 299 1119 comitiis
325 1078 517 1132 perfectis
544 1078 592 1118 ad
621 1077 845 1118 exercitum
870 1077 912 1116 in
936 1076 1106 1116 hiberna
1131 1076 1261 1116 rediit.

210 1140 336 1180 XVI.
394 1139 482 1181 Sub
509 1140 616 1180 idem
642 1141 727 1179 sere
753 1146 915 1192 tempus
944 1145 980 1178 01
1007 1138 1149 1192 legati,
1183 1137 1250 1190 qui
1277 1137 1478 1177 redierant

128 1202 178 1243 ab
201 1201 471 1256 Carthagine,
499 1202 676 1242 Romam
701 1201 925 1241 retulerunt
950 1200 1086 1240 omnia
1112 1199 1273 1240 hostilia
1304 1213 1412 1246 esse,
1440 1205 1476 1238 01

128 1264 303 1318 Sagunti
329 1264 533 1303 excidium
557 1264 786 1303 nuntiatum
814 1270 893 1311 est,
926 1268 1145 1314 tantusque
1173 1260 1294 1301 simul
1320 1275 1479 1300 maeror

125 1334 260 1380 patres
286 1325 646 1377 misericordiaque
673 1326 875 1365 sociorum
907 1330 1211 1378 peremptorum
1242 1322 1408 1376 indigne
1440 1328 1478 1361 et

126 1388 257 1442 pudor
280 1403 362 1428 non
387 1387 457 1428 lati
483 1388 623 1428 auxilii
650 1396 689 1428 ct
714 1388 773 1428 ira
798 1388 839 1427 in
866 1386 1230 1440 Carthaginienses
1262 1392 1478 1437 metusque

126 1451 176 1490 de
214 1465 373 1490 summa
408 1465 543 1490 rerum
581 1451 705 1504 cepit,
750 1450 863 1490 velut
899 1449 933 1489 si
969 1449 1049 1490 iam
1087 1448 1139 1488 ad
1174 1455 1311 1502 portas
1349 1447 1478 1488 hostis

127 1518 254 1560 05501,
287 1518 330 1551 111
356 1518 414 1551 101
440 1526 520 1551 uno
546 1518 728 1566 tempore
755 1511 933 1552 motibus
966 1510 1090 1550 animi
1122 1509 1271 1550 turbati
1304 1509 1480 1562 trepida-

126 1582 213 1613 rent
239 1573 369 1627 magis
396 1588 517 1626 quam
545 1573 822 1613 consulerent:
869 1588 965 1613 nam
996 1587 1128 1625 neque
1159 1571 1318 1611 hostem
1352 1571 1480 1610 acrio-

127 1649 212 1674 rem
244 1634 623 1687 bellicosioremque
657 1650 796 1675 secum
823 1649 1091 1689 congressum
1117 1647 1191 1672 nee
1217 1648 1302 1672 rem
1329 1633 1481 1672 Roma-

127 1711 220 1735 nam
247 1702 329 1736 tam
355 1696 538 1737 desidem
564 1711 759 1750 umquam
784 1697 913 1737 fuisse
935 1703 1055 1748 atque
1076 1695 1279 1735 inbellem.
1325 1694 1480 1736 Sardos

129 1756 364 1810 Corsosque
391 1765 428 1797 et
448 1758 615 1799 Histros
642 1767 763 1811 atque
784 1758 946 1812 Illyrios
967 1756 1184 1798 lacessisse
1204 1757 1336 1811 magis
1357 1771 1479 1809 quam

128 1819 359 1859 exercuisse
374 1819 561 1860 Romana
581 1836 691 1860 arma
713 1827 750 1860 01
772 1835 864 1860 cum
880 1819 1012 1861 Gallis
1033 1818 1324 1859 tumultuatum
1345 1818 1479 1857 verius

128 1895 250 1933 quam
271 1879 567 1935 belligeratum.
605 1881 805 1929 Poenum,
833 1881 993 1921 hostem
1015 1888 1272 1928 veteranum,
1300 1879 1421 1919 trium
1443 1885 1480 1918 et

127 1942 272 1996 viginti
303 1958 503 1983 annorum
533 1943 676 1984 militia
708 1943 926 1983 durissima
958 1943 1063 1982 inter
1092 1942 1304 1996 Hispanas
1336 1947 1480 1995 gentes

130 2018 290 2057 semper
320 2005 534 2054 victorem,
573 2005 667 2046 duci
698 2005 896 2045 acerrimo
929 2005 1165 2050 adsuetum,
1199 2009 1403 2043 recentem
1429 2001 1480 2041 ab

130 2065 288 2105 excidio
324 2066 657 2119 opulentissimae
695 2066 807 2106 urbis
845 2066 1050 2106 Hiberum
1087 2064 1277 2112 transire,
1322 2063 1480 2103 trahere

132 2140 270 2165 50011111
292 2133 350 2166 101
371 2128 525 2168 excitos
546 2128 826 2181 Hispanorum
848 2127 1035 2181 populos,
1064 2126 1317 2166 conciturum
1340 2124 1480 2164 avidas

133 2201 292 2239 semper
312 2203 517 2228 armorum
538 2188 718 2229 Gallicas
744 2195 906 2242 gentes:
934 2203 1027 2227 cum
1053 2187 1149 2228 orbe
1176 2193 1372 2226 terrarum
1398 2186 1483 2226 bel-

131 2248 215 2287 lum
241 2249 464 2301 gerendum
489 2249 531 2288 in
556 2250 675 2289 Italia
700 2264 747 2289 ae
773 2264 846 2303 pro
871 2248 1086 2289 moenibus
1113 2247 1311 2288 Romanis
1339 2262 1441 2292 esse.

217 2309 362 2350 XVII.
410 2310 654 2350 Nominatae
690 2311 772 2350 iam
809 2317 928 2350 antea
966 2310 1204 2350 consulibus
1247 2308 1480 2362 provinciae

132 2378 263 2419 erant,
301 2378 387 2410 tum
420 2372 551 2411 sortiri
582 2372 696 2412 iussi.
759 2371 950 2412 Cornelio
975 2371 1201 2425 Hispania,
1238 2369 1481 2424 Sempronio

132 2432 275 2472 Africa
307 2447 400 2472 cum
433 2432 574 2474 Sicilia
606 2434 752 2474 evenit.
809 2448 881 2473 sex
910 2434 952 2472 in
985 2447 1076 2473 eum
1111 2448 1262 2473 annum
1295 2432 1480 2472 decretae

131 2494 314 2547 legiones
358 2501 396 2534 et
440 2495 596 2535 socium
638 2502 836 2548 quantum
879 2494 980 2548 ipsis
1018 2494 1225 2534 videretur
1263 2500 1301 2534 et
1338 2493 1481 2533 elassis

131 2564 282 2608 quanta
306 2557 439 2609 parari
464 2564 616 2610 posset.
639 2576 644 2580 ⁴
671 2563 861 2610 quattuor
887 2566 925 2596 et
951 2556 1096 2611 viginti
1120 2556 1304 2610 peditum
1328 2554 1482 2595 Roma-

131 2632 276 2657 norum
307 2618 419 2658 milia.
445 2619 594 2672 scripta
619 2625 658 2658 et
682 2619 792 2659 mille
818 2618 1040 2672 octingenti
1066 2618 1242 2670 equites,
1278 2616 1479 2657 sociorum

132 2679 404 2735 quadraginta
422 2681 533 2721 milia
552 2681 754 2735 peditum,
781 2687 971 2734 quattuor
995 2680 1105 2721 milia
1131 2686 1170 2720 et
1195 2678 1481 2733 quadringenti

1505 1272 1521 1300 10

1510 2323 1520 2350 1

1507 2445 1525 2473 '2

1507 2568 1524 2596 3
