<?xml version="1.0" encoding="UTF-8"?>
<!DOCTYPE html PUBLIC "-//W3C//DTD XHTML 1.0 Transitional//EN"
    "http://www.w3.org/TR/xhtml1/DTD/xhtml1-transitional.dtd">
<html xmlns="http://www.w3.org/1999/xhtml" xml:lang="en" lang="en">
 <head>
  <title>
</title>
<meta http-equiv="Content-Type" content="text/html;charset=utf-8" />
  <meta name='ocr-system' content='tesseract 3.04.00' />
  <meta name='ocr-capabilities' content='ocr_page ocr_carea ocr_par ocr_line ocrx_word'/>
</head>
<body>
  <div class='ocr_page' id='page_1' title='image "./aburbeconditalib02livyuoft_0085.png"; bbox 0 0 1815 3184; ppageno 0'>
   <div class='ocr_carea' id='block_1_1' title="bbox 682 245 1045 274">
    <p class='ocr_par' dir='ltr' id='par_1_1' title="bbox 682 245 1045 274">
     <span class='ocr_line' id='line_1_1' title="bbox 682 245 1045 274; baseline -0.003 -5"><span class='ocrx_word' id='word_1_1' title='bbox 682 246 756 270; x_wconf 84' lang='lat' dir='ltr'><strong>LIB.</strong></span> <span class='ocrx_word' id='word_1_2' title='bbox 776 245 904 274; x_wconf 81' lang='lat' dir='ltr'>XXVIII,</span> <span class='ocrx_word' id='word_1_3' title='bbox 925 245 1045 269; x_wconf 73' lang='lat'><strong>13—27.</strong></span> 
     </span>
    </p>
   </div>
   <div class='ocr_carea' id='block_1_2' title="bbox 147 323 855 505">
    <p class='ocr_par' dir='ltr' id='par_1_2' title="bbox 147 323 855 505">
     <span class='ocr_line' id='line_1_2' title="bbox 150 323 854 369; baseline -0.004 -11"><span class='ocrx_word' id='word_1_4' title='bbox 150 323 328 358; x_wconf 84' lang='lat' dir='ltr'>Lacibem</span> <span class='ocrx_word' id='word_1_5' title='bbox 339 323 529 369; x_wconf 86' lang='lat' dir='ltr'>(Lacibem</span> <span class='ocrx_word' id='word_1_6' title='bbox 541 325 782 368; x_wconf 73' lang='lat' dir='ltr'>potiu.e,qua1n</span> <span class='ocrx_word' id='word_1_7' title='bbox 791 334 854 355; x_wconf 69' lang='lat' dir='ltr'>om.</span> 
     </span>
     <span class='ocr_line' id='line_1_3' title="bbox 147 369 855 415; baseline -0.006 -11"><span class='ocrx_word' id='word_1_8' title='bbox 147 370 278 415; x_wconf 68' lang='lat' dir='ltr'>Drak.)</span> <span class='ocrx_word' id='word_1_9' title='bbox 298 370 483 413; x_wconf 70' lang='lat' dir='ltr'>Doujatizcs</span> <span class='ocrx_word' id='word_1_10' title='bbox 499 369 510 414; x_wconf 97' lang='grc' dir='ltr'>Η</span> <span class='ocrx_word' id='word_1_11' title='bbox 530 370 561 403; x_wconf 78' lang='grc'>9.</span> <span class='ocrx_word' id='word_1_12' title='bbox 582 369 855 404; x_wconf 70' lang='lat' dir='ltr'>subiiceretur;</span> 
     </span>
     <span class='ocr_line' id='line_1_4' title="bbox 148 414 853 458; baseline -0.003 -11"><span class='ocrx_word' id='word_1_13' title='bbox 148 415 342 448; x_wconf 70' lang='lat' dir='ltr'>Rhenanus:</span> <span class='ocrx_word' id='word_1_14' title='bbox 364 415 596 458; x_wconf 78' lang='lat' dir='ltr'><strong>subigeretur</strong></span> <span class='ocrx_word' id='word_1_15' title='bbox 615 414 700 447; x_wconf 89' lang='lat' dir='ltr'>PM.</span> <span class='ocrx_word' id='word_1_16' title='bbox 721 414 732 458; x_wconf 97' lang='grc' dir='ltr'>Η</span> <span class='ocrx_word' id='word_1_17' title='bbox 757 416 853 456; x_wconf 83' lang='lat' dir='ltr'>Cum]</span> 
     </span>
     <span class='ocr_line' id='line_1_5' title="bbox 150 458 854 505; baseline -0.003 -12"><span class='ocrx_word' id='word_1_18' title='bbox 150 465 196 493; x_wconf 79' lang='lat' dir='ltr'>eu</span> <span class='ocrx_word' id='word_1_19' title='bbox 220 460 260 493; x_wconf 90' lang='lat' dir='ltr'>P.</span> <span class='ocrx_word' id='word_1_20' title='bbox 282 460 293 505; x_wconf 97' lang='grc' dir='ltr'>Η</span> <span class='ocrx_word' id='word_1_21' title='bbox 316 460 415 494; x_wconf 85' lang='lat' dir='ltr'>rabis</span> <span class='ocrx_word' id='word_1_22' title='bbox 435 460 479 493; x_wconf 90' lang='lat' dir='ltr'>P.</span> <span class='ocrx_word' id='word_1_23' title='bbox 503 459 514 504; x_wconf 94' lang='grc' dir='ltr'>Η</span> <span class='ocrx_word' id='word_1_24' title='bbox 541 459 703 493; x_wconf 77' lang='lat' dir='ltr'>exercitu</span> <span class='ocrx_word' id='word_1_25' title='bbox 723 470 746 502; x_wconf 88' lang='lat' dir='ltr'><strong>p</strong></span> <span class='ocrx_word' id='word_1_26' title='bbox 772 458 854 501; x_wconf 78' lang='lat' dir='ltr'>fort.</span> 
     </span>
    </p>
   </div>
   <div class='ocr_carea' id='block_1_3' title="bbox 89 504 854 549">
    <p class='ocr_par' dir='ltr' id='par_1_3' title="bbox 89 504 854 549">
     <span class='ocr_line' id='line_1_6' title="bbox 89 504 854 549; baseline -0.003 -11"><span class='ocrx_word' id='word_1_27' title='bbox 89 541 92 543; x_wconf 18' lang='grc' dir='ltr'><strong>Α</strong></span> <span class='ocrx_word' id='word_1_28' title='bbox 147 510 245 547; x_wconf 81' lang='lat' dir='ltr'>recte,</span> <span class='ocrx_word' id='word_1_29' title='bbox 259 505 457 539; x_wconf 82' lang='lat' dir='ltr'>exercitum</span> <span class='ocrx_word' id='word_1_30' title='bbox 471 504 512 537; x_wconf 91' lang='lat' dir='ltr'>P.</span> <span class='ocrx_word' id='word_1_31' title='bbox 529 504 540 549; x_wconf 95' lang='grc' dir='ltr'>Η</span> <span class='ocrx_word' id='word_1_32' title='bbox 562 504 614 537; x_wconf 93' lang='grc'>10.</span> <span class='ocrx_word' id='word_1_33' title='bbox 629 508 665 538; x_wconf 91' lang='lat' dir='ltr'>et</span> <span class='ocrx_word' id='word_1_34' title='bbox 683 510 759 536; x_wconf 77' lang='lat' dir='ltr'>cente</span> <span class='ocrx_word' id='word_1_35' title='bbox 773 514 854 547; x_wconf 87' lang='lat' dir='ltr'>pro—</span> 
     </span>
    </p>
   </div>
   <div class='ocr_carea' id='block_1_4' title="bbox 147 549 848 596">
    <p class='ocr_par' dir='ltr' id='par_1_4' title="bbox 147 549 848 596">
     <span class='ocr_line' id='line_1_7' title="bbox 147 549 848 596; baseline 0 -14"><span class='ocrx_word' id='word_1_36' title='bbox 147 550 296 583; x_wconf 79' lang='lat' dir='ltr'>vinciali</span> <span class='ocrx_word' id='word_1_37' title='bbox 311 562 373 584; x_wconf 85' lang='lat' dir='ltr'>om.</span> <span class='ocrx_word' id='word_1_38' title='bbox 388 564 406 587; x_wconf 81' lang='grc' dir='ltr'><em>ς</em></span> <span class='ocrx_word' id='word_1_39' title='bbox 425 550 558 596; x_wconf 50' lang='lat' dir='ltr'>(Haza),</span> <span class='ocrx_word' id='word_1_40' title='bbox 579 551 642 582; x_wconf 78' lang='lat' dir='ltr'><strong>del.</strong></span> <span class='ocrx_word' id='word_1_41' title='bbox 657 549 821 582; x_wconf 70' lang='lat' dir='ltr'>Dulrerus</span> <span class='ocrx_word' id='word_1_42' title='bbox 837 549 848 591; x_wconf 88' lang='grc' dir='ltr'>Η</span> 
     </span>
    </p>
   </div>
   <div class='ocr_carea' id='block_1_5' title="bbox 148 594 894 639">
    <p class='ocr_par' dir='ltr' id='par_1_5' title="bbox 148 594 894 639">
     <span class='ocr_line' id='line_1_8' title="bbox 148 594 894 639; baseline -0.001 -11"><span class='ocrx_word' id='word_1_43' title='bbox 148 594 332 639; x_wconf 86' lang='lat' dir='ltr'>apparati]</span> <span class='ocrx_word' id='word_1_44' title='bbox 362 597 416 628; x_wconf 81' lang='lat' dir='ltr'>vel</span> <span class='ocrx_word' id='word_1_45' title='bbox 440 594 610 639; x_wconf 85' lang='lat' dir='ltr'>adparati</span> <span class='ocrx_word' id='word_1_46' title='bbox 636 594 684 628; x_wconf 89' lang='lat' dir='ltr'>W</span> <span class='ocrx_word' id='word_1_47' title='bbox 710 594 754 636; x_wconf 82' lang='lat' dir='ltr'>cf.</span> <span class='ocrx_word' id='word_1_48' title='bbox 781 594 803 627; x_wconf 93' lang='lat' dir='ltr'>I.</span> <span class='ocrx_word' id='word_1_49' title='bbox 825 595 854 636; x_wconf 85' lang='lat' dir='ltr'>I,</span> <span class='ocrx_word' id='word_1_50' title='bbox 882 597 894 637; x_wconf 53' lang='lat' dir='ltr'>t</span> 
     </span>
    </p>
   </div>
   <div class='ocr_carea' id='block_1_6' title="bbox 140 639 864 2127">
    <p class='ocr_par' dir='ltr' id='par_1_6' title="bbox 140 639 864 2127">
     <span class='ocr_line' id='line_1_9' title="bbox 146 639 853 684; baseline -0.001 -12"><span class='ocrx_word' id='word_1_51' title='bbox 146 640 207 673; x_wconf 73' lang='lat'>21:</span> <span class='ocrx_word' id='word_1_52' title='bbox 223 644 404 683; x_wconf 86' lang='lat' dir='ltr'>apparatu</span> <span class='ocrx_word' id='word_1_53' title='bbox 418 642 470 673; x_wconf 81' lang='lat' dir='ltr'>vel</span> <span class='ocrx_word' id='word_1_54' title='bbox 485 640 667 683; x_wconf 85' lang='lat' dir='ltr'>adparatu</span> <span class='ocrx_word' id='word_1_55' title='bbox 681 640 760 672; x_wconf 67' lang='lat' dir='ltr'>libri</span> <span class='ocrx_word' id='word_1_56' title='bbox 779 639 853 684; x_wconf 87' lang='lat' dir='ltr'>(ad-</span> 
     </span>
     <span class='ocr_line' id='line_1_10' title="bbox 146 684 852 728; baseline -0.001 -10"><span class='ocrx_word' id='word_1_57' title='bbox 146 686 293 728; x_wconf 79' lang='lat' dir='ltr'>paratu)</span> <span class='ocrx_word' id='word_1_58' title='bbox 316 686 507 718; x_wconf 68' lang='lat' dir='ltr'>Creoz&#39;erz&#39;ecs</span> <span class='ocrx_word' id='word_1_59' title='bbox 526 687 536 727; x_wconf 92' lang='grc' dir='ltr'>Η</span> <span class='ocrx_word' id='word_1_60' title='bbox 554 684 683 727; x_wconf 83' lang='lat' dir='ltr'>XXII,</span> <span class='ocrx_word' id='word_1_61' title='bbox 705 684 736 717; x_wconf 74' lang='grc'>2.</span> <span class='ocrx_word' id='word_1_62' title='bbox 758 686 852 727; x_wconf 81' lang='lat' dir='ltr'>erat]</span> 
     </span>
     <span class='ocr_line' id='line_1_11' title="bbox 147 730 853 772; baseline 0.001 -10"><span class='ocrx_word' id='word_1_63' title='bbox 147 742 210 763; x_wconf 80' lang='lat' dir='ltr'>om.</span> <span class='ocrx_word' id='word_1_64' title='bbox 221 730 291 763; x_wconf 88' lang='lat' dir='ltr'>PM</span> <span class='ocrx_word' id='word_1_65' title='bbox 302 730 418 771; x_wconf 79' lang='lat' dir='ltr'>Cant.;</span> <span class='ocrx_word' id='word_1_66' title='bbox 433 736 500 763; x_wconf 81' lang='lat' dir='ltr'>tum</span> <span class='ocrx_word' id='word_1_67' title='bbox 511 730 662 772; x_wconf 85' lang='lat' dir='ltr'>[fuerat]</span> <span class='ocrx_word' id='word_1_68' title='bbox 674 735 752 772; x_wconf 71' lang='lat' dir='ltr'>post</span> <span class='ocrx_word' id='word_1_69' title='bbox 763 740 853 763; x_wconf 80' lang='lat' dir='ltr'>sem-</span> 
     </span>
     <span class='ocr_line' id='line_1_12' title="bbox 145 774 856 819; baseline -0.003 -11"><span class='ocrx_word' id='word_1_70' title='bbox 145 786 212 818; x_wconf 90' lang='lat' dir='ltr'>per</span> <span class='ocrx_word' id='word_1_71' title='bbox 226 777 302 808; x_wconf 80' lang='lat' dir='ltr'>add.</span> <span class='ocrx_word' id='word_1_72' title='bbox 314 775 378 809; x_wconf 79' lang='lat' dir='ltr'>Wt</span> <span class='ocrx_word' id='word_1_73' title='bbox 388 774 500 819; x_wconf 81' lang='lat' dir='ltr'>praef.</span> <span class='ocrx_word' id='word_1_74' title='bbox 521 775 532 819; x_wconf 99' lang='grc' dir='ltr'>Η</span> <span class='ocrx_word' id='word_1_75' title='bbox 548 774 579 807; x_wconf 80' lang='lat'>4.</span> <span class='ocrx_word' id='word_1_76' title='bbox 589 774 856 807; x_wconf 71' lang='lat' dir='ltr'>interfecerant</span> 
     </span>
     <span class='ocr_line' id='line_1_13' title="bbox 145 818 853 865; baseline -0.004 -12"><span class='ocrx_word' id='word_1_77' title='bbox 145 820 323 853; x_wconf 71' lang='lat' dir='ltr'>Rhenanus</span> <span class='ocrx_word' id='word_1_78' title='bbox 354 820 365 865; x_wconf 96' lang='grc' dir='ltr'>Η</span> <span class='ocrx_word' id='word_1_79' title='bbox 393 820 423 853; x_wconf 85' lang='grc'>6.</span> <span class='ocrx_word' id='word_1_80' title='bbox 456 819 573 853; x_wconf 80' lang='lat' dir='ltr'>extrui</span> <span class='ocrx_word' id='word_1_81' title='bbox 598 819 627 852; x_wconf 87' lang='lat' dir='ltr'>P</span> <span class='ocrx_word' id='word_1_82' title='bbox 655 818 791 852; x_wconf 83' lang='lat' dir='ltr'>exstrui</span> <span class='ocrx_word' id='word_1_83' title='bbox 818 818 853 850; x_wconf 86' lang='lat' dir='ltr'>M</span> 
     </span>
     <span class='ocr_line' id='line_1_14' title="bbox 146 863 853 909; baseline -0.004 -11"><span class='ocrx_word' id='word_1_84' title='bbox 146 866 244 898; x_wconf 76' lang='lat' dir='ltr'>Cant.</span> <span class='ocrx_word' id='word_1_85' title='bbox 258 866 329 898; x_wconf 76' lang='lat' dir='ltr'><strong>Iac.</strong></span> <span class='ocrx_word' id='word_1_86' title='bbox 346 867 408 898; x_wconf 79' lang='lat' dir='ltr'>Gr.</span> <span class='ocrx_word' id='word_1_87' title='bbox 424 865 436 909; x_wconf 97' lang='grc' dir='ltr'>Η</span> <span class='ocrx_word' id='word_1_88' title='bbox 458 863 693 906; x_wconf 74' lang='lat' dir='ltr'>coniici31a0.</span> <span class='ocrx_word' id='word_1_89' title='bbox 713 864 774 896; x_wconf 79' lang='lat' dir='ltr'>Gr.</span> <span class='ocrx_word' id='word_1_90' title='bbox 795 863 806 908; x_wconf 98' lang='grc' dir='ltr'>Η</span> <span class='ocrx_word' id='word_1_91' title='bbox 823 863 853 896; x_wconf 89' lang='grc'>9.</span> 
     </span>
     <span class='ocr_line' id='line_1_15' title="bbox 145 907 853 951; baseline -0.003 -9"><span class='ocrx_word' id='word_1_92' title='bbox 145 909 274 943; x_wconf 85' lang='lat' dir='ltr'>infami</span> <span class='ocrx_word' id='word_1_93' title='bbox 301 909 480 951; x_wconf 86' lang='lat' dir='ltr'>finienda]</span> <span class='ocrx_word' id='word_1_94' title='bbox 502 908 705 942; x_wconf 86' lang='lat' dir='ltr'>infinienda</span> <span class='ocrx_word' id='word_1_95' title='bbox 726 907 795 940; x_wconf 79' lang='lat' dir='ltr'>PM</span> <span class='ocrx_word' id='word_1_96' title='bbox 814 907 853 940; x_wconf 85' lang='lat' dir='ltr'>fi-</span> 
     </span>
     <span class='ocr_line' id='line_1_16' title="bbox 144 952 852 1031; baseline -0.004 -44"><span class='ocrx_word' id='word_1_97' title='bbox 144 954 281 988; x_wconf 83' lang='lat' dir='ltr'>nienda</span> <span class='ocrx_word' id='word_1_98' title='bbox 294 954 385 1031; x_wconf 37' lang='lat' dir='ltr'>meg]</span> <span class='ocrx_word' id='word_1_99' title='bbox 411 954 463 996; x_wconf 90' lang='lat' dir='ltr'>in]</span> <span class='ocrx_word' id='word_1_100' title='bbox 486 954 524 986; x_wconf 87' lang='lat' dir='ltr'>id</span> <span class='ocrx_word' id='word_1_101' title='bbox 544 953 586 986; x_wconf 88' lang='lat' dir='ltr'>P.</span> <span class='ocrx_word' id='word_1_102' title='bbox 607 953 618 997; x_wconf 98' lang='grc' dir='ltr'>Η</span> <span class='ocrx_word' id='word_1_103' title='bbox 643 952 695 985; x_wconf 88' lang='grc'>11.</span> <span class='ocrx_word' id='word_1_104' title='bbox 717 952 852 985; x_wconf 82' lang='lat' dir='ltr'>exerei—</span> 
     </span>
     <span class='ocr_line' id='line_1_17' title="bbox 144 997 852 1042; baseline -0.004 -10"><span class='ocrx_word' id='word_1_105' title='bbox 144 999 236 1032; x_wconf 84' lang='lat' dir='ltr'>tatio</span> <span class='ocrx_word' id='word_1_106' title='bbox 250 998 293 1032; x_wconf 90' lang='lat' dir='ltr'>P.</span> <span class='ocrx_word' id='word_1_107' title='bbox 312 1000 323 1041; x_wconf 94' lang='grc' dir='ltr'>Η</span> <span class='ocrx_word' id='word_1_108' title='bbox 342 999 359 1031; x_wconf 94' lang='grc'><strong>1</strong></span> <span class='ocrx_word' id='word_1_109' title='bbox 389 1024 394 1032; x_wconf 96' lang='grc'>.</span> <span class='ocrx_word' id='word_1_110' title='bbox 411 1009 518 1042; x_wconf 89' lang='lat' dir='ltr'>quam</span> <span class='ocrx_word' id='word_1_111' title='bbox 533 1000 588 1040; x_wconf 90' lang='lat' dir='ltr'>ut]</span> <span class='ocrx_word' id='word_1_112' title='bbox 611 1003 672 1030; x_wconf 79' lang='lat' dir='ltr'>etc.</span> <span class='ocrx_word' id='word_1_113' title='bbox 693 997 738 1039; x_wconf 83' lang='lat' dir='ltr'>cf.</span> <span class='ocrx_word' id='word_1_114' title='bbox 752 997 852 1030; x_wconf 71' lang='lat' dir='ltr'>Mad-</span> 
     </span>
     <span class='ocr_line' id='line_1_18' title="bbox 144 1043 850 1087; baseline 0 -11"><span class='ocrx_word' id='word_1_115' title='bbox 144 1045 268 1087; x_wconf 70' lang='lat' dir='ltr'>viyizcm</span> <span class='ocrx_word' id='word_1_116' title='bbox 283 1054 335 1086; x_wconf 78' lang='lat' dir='ltr'>op.</span> <span class='ocrx_word' id='word_1_117' title='bbox 352 1055 405 1078; x_wconf 80' lang='lat' dir='ltr'>ac.</span> <span class='ocrx_word' id='word_1_118' title='bbox 424 1055 458 1087; x_wconf 82' lang='lat' dir='ltr'>p.</span> <span class='ocrx_word' id='word_1_119' title='bbox 472 1043 549 1083; x_wconf 83' lang='lat'>491,</span> <span class='ocrx_word' id='word_1_120' title='bbox 568 1045 672 1086; x_wconf 72' lang='lat' dir='ltr'>intpp.</span> <span class='ocrx_word' id='word_1_121' title='bbox 692 1044 746 1075; x_wconf 81' lang='lat' dir='ltr'>ad.</span> <span class='ocrx_word' id='word_1_122' title='bbox 761 1043 850 1076; x_wconf 84' lang='lat' dir='ltr'><strong>Hor.</strong></span> 
     </span>
     <span class='ocr_line' id='line_1_19' title="bbox 142 1088 852 1133; baseline -0.003 -12"><span class='ocrx_word' id='word_1_123' title='bbox 142 1095 205 1121; x_wconf 82' lang='lat' dir='ltr'>sat.</span> <span class='ocrx_word' id='word_1_124' title='bbox 220 1088 376 1131; x_wconf 73' lang='lat' dir='ltr'><strong>I‚3,120.</strong></span> <span class='ocrx_word' id='word_1_125' title='bbox 395 1088 406 1133; x_wconf 94' lang='grc' dir='ltr'>Η</span> <span class='ocrx_word' id='word_1_126' title='bbox 426 1089 570 1131; x_wconf 88' lang='lat' dir='ltr'>hostes]</span> <span class='ocrx_word' id='word_1_127' title='bbox 588 1089 658 1120; x_wconf 76' lang='lat' dir='ltr'><strong>Iac.</strong></span> <span class='ocrx_word' id='word_1_128' title='bbox 675 1089 755 1120; x_wconf 58' lang='lat' dir='ltr'>Gn:</span> <span class='ocrx_word' id='word_1_129' title='bbox 769 1098 852 1130; x_wconf 87' lang='lat' dir='ltr'>pos-</span> 
     </span>
     <span class='ocr_line' id='line_1_20' title="bbox 144 1132 851 1177; baseline 0 -11"><span class='ocrx_word' id='word_1_130' title='bbox 144 1138 200 1167; x_wconf 82' lang='lat' dir='ltr'>set</span> <span class='ocrx_word' id='word_1_131' title='bbox 218 1133 290 1166; x_wconf 91' lang='lat' dir='ltr'>PM</span> <span class='ocrx_word' id='word_1_132' title='bbox 310 1134 410 1167; x_wconf 80' lang='lat' dir='ltr'>Cant.</span> <span class='ocrx_word' id='word_1_133' title='bbox 430 1144 543 1177; x_wconf 88' lang='lat' dir='ltr'>posse</span> <span class='ocrx_word' id='word_1_134' title='bbox 563 1145 619 1169; x_wconf 60' lang='lat' dir='ltr'>mg</span> <span class='ocrx_word' id='word_1_135' title='bbox 639 1133 784 1166; x_wconf 82' lang='lat' dir='ltr'>obsessi</span> <span class='ocrx_word' id='word_1_136' title='bbox 806 1132 851 1166; x_wconf 89' lang='lat' dir='ltr'>W</span> 
     </span>
     <span class='ocr_line' id='line_1_21' title="bbox 142 1178 846 1222; baseline -0.001 -11"><span class='ocrx_word' id='word_1_137' title='bbox 142 1191 172 1212; x_wconf 84' lang='lat' dir='ltr'>v.</span> <span class='ocrx_word' id='word_1_138' title='bbox 188 1179 209 1211; x_wconf 88' lang='lat' dir='ltr'>l.</span> <span class='ocrx_word' id='word_1_139' title='bbox 226 1179 276 1222; x_wconf 88' lang='lat' dir='ltr'>II,</span> <span class='ocrx_word' id='word_1_140' title='bbox 291 1178 329 1221; x_wconf 78' lang='lat'>23</span> <span class='ocrx_word' id='word_1_141' title='bbox 345 1191 408 1211; x_wconf 83' lang='lat' dir='ltr'>om.</span> <span class='ocrx_word' id='word_1_142' title='bbox 422 1192 440 1215; x_wconf 83' lang='grc' dir='ltr'><strong><em>ς</em></strong></span> <span class='ocrx_word' id='word_1_143' title='bbox 453 1180 524 1212; x_wconf 76' lang='lat' dir='ltr'>edd.</span> <span class='ocrx_word' id='word_1_144' title='bbox 541 1184 614 1212; x_wconf 81' lang='lat' dir='ltr'>vett.</span> <span class='ocrx_word' id='word_1_145' title='bbox 629 1178 714 1220; x_wconf 80' lang='lat' dir='ltr'>fort.</span> <span class='ocrx_word' id='word_1_146' title='bbox 731 1183 818 1211; x_wconf 77' lang='lat' dir='ltr'>recle</span> <span class='ocrx_word' id='word_1_147' title='bbox 835 1179 846 1221; x_wconf 94' lang='grc' dir='ltr'>Η</span> 
     </span>
     <span class='ocr_line' id='line_1_22' title="bbox 145 1223 853 1269; baseline -0.001 -13"><span class='ocrx_word' id='word_1_148' title='bbox 145 1223 316 1257; x_wconf 80' lang='lat' dir='ltr'>audirent</span> <span class='ocrx_word' id='word_1_149' title='bbox 326 1224 368 1258; x_wconf 90' lang='lat' dir='ltr'>P.</span> <span class='ocrx_word' id='word_1_150' title='bbox 386 1224 398 1269; x_wconf 98' lang='grc' dir='ltr'>Η</span> <span class='ocrx_word' id='word_1_151' title='bbox 417 1228 592 1267; x_wconf 88' lang='lat' dir='ltr'>poterant</span> <span class='ocrx_word' id='word_1_152' title='bbox 602 1224 643 1257; x_wconf 89' lang='lat' dir='ltr'>P.</span> <span class='ocrx_word' id='word_1_153' title='bbox 666 1224 676 1268; x_wconf 96' lang='grc' dir='ltr'>Η</span> <span class='ocrx_word' id='word_1_154' title='bbox 694 1227 853 1256; x_wconf 85' lang='lat' dir='ltr'>armatu-</span> 
     </span>
     <span class='ocr_line' id='line_1_23' title="bbox 144 1268 850 1312; baseline 0 -11"><span class='ocrx_word' id='word_1_155' title='bbox 144 1279 206 1302; x_wconf 84' lang='lat' dir='ltr'>rae</span> <span class='ocrx_word' id='word_1_156' title='bbox 220 1268 259 1302; x_wconf 83' lang='lat' dir='ltr'>P.</span> <span class='ocrx_word' id='word_1_157' title='bbox 279 1270 289 1312; x_wconf 95' lang='grc' dir='ltr'>Η</span> <span class='ocrx_word' id='word_1_158' title='bbox 308 1268 364 1303; x_wconf 81' lang='lat'>14.</span> <span class='ocrx_word' id='word_1_159' title='bbox 386 1268 471 1302; x_wconf 91' lang='lat' dir='ltr'>dein</span> <span class='ocrx_word' id='word_1_160' title='bbox 490 1271 612 1311; x_wconf 86' lang='lat' dir='ltr'>vetus]</span> <span class='ocrx_word' id='word_1_161' title='bbox 635 1270 682 1301; x_wconf 78' lang='lat' dir='ltr'>sic</span> <span class='ocrx_word' id='word_1_162' title='bbox 695 1268 725 1301; x_wconf 88' lang='lat' dir='ltr'><strong>P</strong></span> <span class='ocrx_word' id='word_1_163' title='bbox 741 1280 781 1301; x_wconf 71' lang='lat' dir='ltr'>ex</span> <span class='ocrx_word' id='word_1_164' title='bbox 799 1269 850 1301; x_wconf 78' lang='lat' dir='ltr'><strong>sil.</strong></span> 
     </span>
     <span class='ocr_line' id='line_1_24' title="bbox 143 1313 847 1358; baseline 0 -12"><span class='ocrx_word' id='word_1_165' title='bbox 143 1314 247 1347; x_wconf 71' lang='lat' dir='ltr'><strong>Beck.</strong></span> <span class='ocrx_word' id='word_1_166' title='bbox 270 1314 324 1348; x_wconf 85' lang='lat' dir='ltr'>M:</span> <span class='ocrx_word' id='word_1_167' title='bbox 351 1314 396 1348; x_wconf 90' lang='lat' dir='ltr'>de</span> <span class='ocrx_word' id='word_1_168' title='bbox 414 1314 573 1347; x_wconf 81' lang='lat' dir='ltr'>inuectis</span> <span class='ocrx_word' id='word_1_169' title='bbox 593 1315 622 1347; x_wconf 86' lang='lat' dir='ltr'>P</span> <span class='ocrx_word' id='word_1_170' title='bbox 645 1320 722 1347; x_wconf 72' lang='lat' dir='ltr'>teste</span> <span class='ocrx_word' id='word_1_171' title='bbox 745 1313 807 1347; x_wconf 80' lang='lat' dir='ltr'>Gr.</span> <span class='ocrx_word' id='word_1_172' title='bbox 836 1314 847 1358; x_wconf 98' lang='grc' dir='ltr'>Η</span> 
     </span>
     <span class='ocr_line' id='line_1_25' title="bbox 142 1358 864 1402; baseline 0 -11"><span class='ocrx_word' id='word_1_173' title='bbox 142 1371 233 1392; x_wconf 79' lang='lat' dir='ltr'>voce.</span> <span class='ocrx_word' id='word_1_174' title='bbox 243 1371 263 1392; x_wconf 85' lang='grc' dir='ltr'><em>α</em></span> <span class='ocrx_word' id='word_1_175' title='bbox 273 1359 471 1402; x_wconf 88' lang='lat' dir='ltr'>primorum</span> <span class='ocrx_word' id='word_1_176' title='bbox 482 1359 756 1393; x_wconf 81' lang='lat' dir='ltr'>—auxiliarium</span> <span class='ocrx_word' id='word_1_177' title='bbox 766 1358 850 1391; x_wconf 88' lang='lat' dir='ltr'>inde</span> <span class='ocrx_word' id='word_1_178' title='bbox 863 1366 864 1376; x_wconf 67' lang='lat'>¹</span> 
     </span>
     <span class='ocr_line' id='line_1_26' title="bbox 143 1403 851 1448; baseline 0 -12"><span class='ocrx_word' id='word_1_179' title='bbox 143 1403 260 1446; x_wconf 81' lang='lat' dir='ltr'><strong>c.37,9.</strong></span> <span class='ocrx_word' id='word_1_180' title='bbox 269 1406 298 1439; x_wconf 76' lang='grc' dir='ltr'>Ιι,</span> <span class='ocrx_word' id='word_1_181' title='bbox 310 1406 331 1438; x_wconf 88' lang='lat' dir='ltr'>l.</span> <span class='ocrx_word' id='word_1_182' title='bbox 343 1417 417 1447; x_wconf 64' lang='lat' dir='ltr'>om„</span> <span class='ocrx_word' id='word_1_183' title='bbox 426 1411 506 1448; x_wconf 76' lang='lat' dir='ltr'>post</span> <span class='ocrx_word' id='word_1_184' title='bbox 515 1404 666 1448; x_wconf 87' lang='lat' dir='ltr'>imperio</span> <span class='ocrx_word' id='word_1_185' title='bbox 676 1405 851 1446; x_wconf 66' lang='grc' dir='ltr'>ΧΧΓΙΙΙΙ,</span> 
     </span>
     <span class='ocr_line' id='line_1_27' title="bbox 143 1448 851 1494; baseline 0.001 -13"><span class='ocrx_word' id='word_1_186' title='bbox 143 1449 174 1492; x_wconf 84' lang='lat'>1,</span> <span class='ocrx_word' id='word_1_187' title='bbox 196 1448 249 1482; x_wconf 73' lang='lat'>24.</span> <span class='ocrx_word' id='word_1_188' title='bbox 270 1451 486 1483; x_wconf 72' lang='lat' dir='ltr'><em>inculcantur</em></span> <span class='ocrx_word' id='word_1_189' title='bbox 504 1451 539 1482; x_wconf 73' lang='lat' dir='ltr'>in</span> <span class='ocrx_word' id='word_1_190' title='bbox 560 1449 632 1482; x_wconf 75' lang='lat' dir='ltr'>PB.</span> <span class='ocrx_word' id='word_1_191' title='bbox 656 1449 667 1494; x_wconf 95' lang='grc' dir='ltr'>Η</span> <span class='ocrx_word' id='word_1_192' title='bbox 694 1449 746 1482; x_wconf 78' lang='lat'>15.</span> <span class='ocrx_word' id='word_1_193' title='bbox 762 1450 776 1465; x_wconf 84' lang='lat'>*</span> <span class='ocrx_word' id='word_1_194' title='bbox 793 1460 851 1482; x_wconf 87' lang='lat' dir='ltr'>ce-</span> 
     </span>
     <span class='ocr_line' id='line_1_28' title="bbox 144 1494 849 1540; baseline 0 -13"><span class='ocrx_word' id='word_1_195' title='bbox 144 1495 231 1528; x_wconf 87' lang='lat' dir='ltr'>dere</span> <span class='ocrx_word' id='word_1_196' title='bbox 251 1499 363 1539; x_wconf 87' lang='lat' dir='ltr'>atque</span> <span class='ocrx_word' id='word_1_197' title='bbox 386 1494 595 1539; x_wconf 82' lang='lat' dir='ltr'>opstinatos</span> <span class='ocrx_word' id='word_1_198' title='bbox 609 1494 651 1527; x_wconf 91' lang='lat' dir='ltr'>P.</span> <span class='ocrx_word' id='word_1_199' title='bbox 670 1495 681 1540; x_wconf 97' lang='grc' dir='ltr'>Η</span> <span class='ocrx_word' id='word_1_200' title='bbox 707 1494 849 1537; x_wconf 87' lang='lat' dir='ltr'>XXIII,</span> 
     </span>
     <span class='ocr_line' id='line_1_29' title="bbox 143 1539 850 1574; baseline 0.001 -2"><span class='ocrx_word' id='word_1_201' title='bbox 143 1539 175 1572; x_wconf 90' lang='lat'>1.</span> <span class='ocrx_word' id='word_1_202' title='bbox 198 1539 361 1573; x_wconf 90' lang='lat' dir='ltr'>hostium</span> <span class='ocrx_word' id='word_1_203' title='bbox 387 1540 441 1573; x_wconf 86' lang='lat' dir='ltr'>ira</span> <span class='ocrx_word' id='word_1_204' title='bbox 461 1540 730 1574; x_wconf 73' lang='lat' dir='ltr'>concitator-um</span> <span class='ocrx_word' id='word_1_205' title='bbox 751 1551 795 1573; x_wconf 90' lang='lat' dir='ltr'>ac</span> <span class='ocrx_word' id='word_1_206' title='bbox 820 1566 827 1573; x_wconf 94' lang='lat'>.</span> <span class='ocrx_word' id='word_1_207' title='bbox 843 1566 850 1573; x_wconf 96' lang='lat'>.</span> 
     </span>
     <span class='ocr_line' id='line_1_30' title="bbox 144 1584 848 1630; baseline 0.001 -13"><span class='ocrx_word' id='word_1_208' title='bbox 144 1584 395 1618; x_wconf 82' lang='lat' dir='ltr'>dimicantium</span> <span class='ocrx_word' id='word_1_209' title='bbox 421 1585 457 1618; x_wconf 93' lang='lat' dir='ltr'>in</span> <span class='ocrx_word' id='word_1_210' title='bbox 489 1589 650 1619; x_wconf 86' lang='lat' dir='ltr'>armatos</span> <span class='ocrx_word' id='word_1_211' title='bbox 682 1596 848 1630; x_wconf 76' lang='lat' dir='ltr'>pugnan-</span> 
     </span>
     <span class='ocr_line' id='line_1_31' title="bbox 142 1630 851 1675; baseline 0.001 -13"><span class='ocrx_word' id='word_1_212' title='bbox 142 1634 273 1674; x_wconf 81' lang='lat' dir='ltr'>tesque</span> <span class='ocrx_word' id='word_1_213' title='bbox 299 1630 434 1664; x_wconf 82' lang='lat' dir='ltr'>edebat</span> <span class='ocrx_word' id='word_1_214' title='bbox 458 1632 497 1664; x_wconf 74' lang='lat' dir='ltr'>ci.</span> <span class='ocrx_word' id='word_1_215' title='bbox 525 1631 597 1664; x_wconf 87' lang='lat' dir='ltr'>Wt.</span> <span class='ocrx_word' id='word_1_216' title='bbox 626 1630 637 1675; x_wconf 98' lang='grc' dir='ltr'>Η</span> <span class='ocrx_word' id='word_1_217' title='bbox 675 1631 851 1663; x_wconf 84' lang='lat' dir='ltr'>dimican-</span> 
     </span>
     <span class='ocr_line' id='line_1_32' title="bbox 142 1675 849 1720; baseline 0.001 -13"><span class='ocrx_word' id='word_1_218' title='bbox 142 1675 232 1707; x_wconf 83' lang='lat' dir='ltr'>tium</span> <span class='ocrx_word' id='word_1_219' title='bbox 252 1675 289 1707; x_wconf 91' lang='lat' dir='ltr'>in</span> <span class='ocrx_word' id='word_1_220' title='bbox 314 1680 524 1719; x_wconf 81' lang='lat' dir='ltr'>pugnantes</span> <span class='ocrx_word' id='word_1_221' title='bbox 546 1677 662 1713; x_wconf 60' lang='lat' dir='ltr'>(velin</span> <span class='ocrx_word' id='word_1_222' title='bbox 682 1686 849 1720; x_wconf 80' lang='lat' dir='ltr'>pugnan-</span> 
     </span>
     <span class='ocr_line' id='line_1_33' title="bbox 143 1720 849 1765; baseline 0.003 -13"><span class='ocrx_word' id='word_1_223' title='bbox 143 1720 286 1764; x_wconf 86' lang='lat' dir='ltr'>tesque)</span> <span class='ocrx_word' id='word_1_224' title='bbox 304 1720 510 1755; x_wconf 83' lang='lat' dir='ltr'>edebantur</span> <span class='ocrx_word' id='word_1_225' title='bbox 530 1722 558 1754; x_wconf 88' lang='lat' dir='ltr'>I.</span> <span class='ocrx_word' id='word_1_226' title='bbox 574 1722 611 1753; x_wconf 81' lang='lat' dir='ltr'>F.</span> <span class='ocrx_word' id='word_1_227' title='bbox 629 1722 691 1755; x_wconf 75' lang='lat' dir='ltr'>Gr.</span> <span class='ocrx_word' id='word_1_228' title='bbox 709 1733 765 1765; x_wconf 77' lang='lat' dir='ltr'>pr.</span> <span class='ocrx_word' id='word_1_229' title='bbox 781 1727 849 1754; x_wconf 74' lang='lat' dir='ltr'>not.</span> 
     </span>
     <span class='ocr_line' id='line_1_34' title="bbox 142 1765 849 1811; baseline 0.001 -14"><span class='ocrx_word' id='word_1_230' title='bbox 142 1766 190 1798; x_wconf 83' lang='lat' dir='ltr'>ed.</span> <span class='ocrx_word' id='word_1_231' title='bbox 212 1765 224 1810; x_wconf 96' lang='grc' dir='ltr'>Η</span> <span class='ocrx_word' id='word_1_232' title='bbox 240 1765 294 1798; x_wconf 82' lang='lat' dir='ltr'>vis</span> <span class='ocrx_word' id='word_1_233' title='bbox 309 1769 346 1798; x_wconf 91' lang='lat' dir='ltr'>et</span> <span class='ocrx_word' id='word_1_234' title='bbox 358 1765 515 1809; x_wconf 85' lang='lat' dir='ltr'>impetus</span> <span class='ocrx_word' id='word_1_235' title='bbox 535 1766 572 1799; x_wconf 88' lang='lat' dir='ltr'>in</span> <span class='ocrx_word' id='word_1_236' title='bbox 593 1765 706 1811; x_wconf 81' lang='lat' dir='ltr'>(viros</span> <span class='ocrx_word' id='word_1_237' title='bbox 721 1767 849 1811; x_wconf 66' lang='lat' dir='ltr'>addidi)</span> 
     </span>
     <span class='ocr_line' id='line_1_35' title="bbox 142 1811 847 1856; baseline 0.001 -13"><span class='ocrx_word' id='word_1_238' title='bbox 142 1814 304 1844; x_wconf 84' lang='lat' dir='ltr'>armatos</span> <span class='ocrx_word' id='word_1_239' title='bbox 347 1812 625 1856; x_wconf 81' lang='lat' dir='ltr'>pugnantisque</span> <span class='ocrx_word' id='word_1_240' title='bbox 664 1811 847 1854; x_wconf 76' lang='lat' dir='ltr'>edebant]</span> 
     </span>
     <span class='ocr_line' id='line_1_36' title="bbox 143 1856 848 1899; baseline 0.003 -12"><span class='ocrx_word' id='word_1_241' title='bbox 143 1862 315 1899; x_wconf 73' lang='lat' dir='ltr'>tamquam</span> <span class='ocrx_word' id='word_1_242' title='bbox 337 1857 591 1889; x_wconf 70' lang='lat' dir='ltr'>‘incertissima&#39;</span> <span class='ocrx_word' id='word_1_243' title='bbox 611 1856 727 1890; x_wconf 75' lang='lat' dir='ltr'>merito</span> <span class='ocrx_word' id='word_1_244' title='bbox 749 1857 848 1890; x_wconf 86' lang='lat' dir='ltr'>Ww:</span> 
     </span>
     <span class='ocr_line' id='line_1_37' title="bbox 141 1900 849 1946; baseline 0 -13"><span class='ocrx_word' id='word_1_245' title='bbox 141 1900 418 1945; x_wconf 84' lang='lat' dir='ltr'>pugnantisque</span> <span class='ocrx_word' id='word_1_246' title='bbox 446 1902 610 1936; x_wconf 85' lang='lat' dir='ltr'>edebant</span> <span class='ocrx_word' id='word_1_247' title='bbox 624 1901 652 1935; x_wconf 84' lang='lat' dir='ltr'>C</span> <span class='ocrx_word' id='word_1_248' title='bbox 673 1901 717 1946; x_wconf 77' lang='lat' dir='ltr'>(et</span> <span class='ocrx_word' id='word_1_249' title='bbox 736 1903 794 1943; x_wconf 75' lang='lat' dir='ltr'>sic,</span> <span class='ocrx_word' id='word_1_250' title='bbox 815 1908 849 1933; x_wconf 71' lang='lat' dir='ltr'>ut</span> 
     </span>
     <span class='ocr_line' id='line_1_38' title="bbox 141 1945 850 1992; baseline 0.003 -14"><span class='ocrx_word' id='word_1_251' title='bbox 141 1946 224 1988; x_wconf 56' lang='lat' dir='ltr'>vid„</span> <span class='ocrx_word' id='word_1_252' title='bbox 251 1945 308 1990; x_wconf 86' lang='lat' dir='ltr'>M)</span> <span class='ocrx_word' id='word_1_253' title='bbox 341 1947 618 1992; x_wconf 82' lang='lat' dir='ltr'>pugnantisque</span> <span class='ocrx_word' id='word_1_254' title='bbox 644 1947 766 1981; x_wconf 73' lang='lat' dir='ltr'>edeba</span> <span class='ocrx_word' id='word_1_255' title='bbox 790 1947 850 1980; x_wconf 79' lang='grc' dir='ltr'>ΡΒ</span> 
     </span>
     <span class='ocr_line' id='line_1_39' title="bbox 140 1990 845 2036; baseline 0.003 -13"><span class='ocrx_word' id='word_1_256' title='bbox 140 1990 219 2024; x_wconf 89' lang='lat' dir='ltr'>iure</span> <span class='ocrx_word' id='word_1_257' title='bbox 239 1990 329 2024; x_wconf 87' lang='lat' dir='ltr'>belli</span> <span class='ocrx_word' id='word_1_258' title='bbox 350 1993 385 2024; x_wconf 88' lang='lat' dir='ltr'>in</span> <span class='ocrx_word' id='word_1_259' title='bbox 405 1997 566 2025; x_wconf 83' lang='lat' dir='ltr'>armatos</span> <span class='ocrx_word' id='word_1_260' title='bbox 581 1996 845 2036; x_wconf 79' lang='lat' dir='ltr'>repugnantes—</span> 
     </span>
     <span class='ocr_line' id='line_1_40' title="bbox 142 2036 847 2081; baseline 0.004 -14"><span class='ocrx_word' id='word_1_261' title='bbox 142 2046 212 2078; x_wconf 82' lang='lat' dir='ltr'>que</span> <span class='ocrx_word' id='word_1_262' title='bbox 229 2036 435 2070; x_wconf 83' lang='lat' dir='ltr'>edebantur</span> <span class='ocrx_word' id='word_1_263' title='bbox 448 2051 465 2073; x_wconf 83' lang='grc' dir='ltr'><em>ς</em></span> <span class='ocrx_word' id='word_1_264' title='bbox 478 2039 549 2070; x_wconf 66' lang='lat' dir='ltr'>edel.</span> <span class='ocrx_word' id='word_1_265' title='bbox 567 2045 639 2071; x_wconf 74' lang='lat' dir='ltr'>velt.</span> <span class='ocrx_word' id='word_1_266' title='bbox 655 2038 698 2081; x_wconf 71' lang='lat' dir='ltr'>cf.</span> <span class='ocrx_word' id='word_1_267' title='bbox 709 2039 847 2081; x_wconf 56' lang='lat' dir='ltr'><strong>Boenp.</strong></span> 
     </span>
     <span class='ocr_line' id='line_1_41' title="bbox 141 2080 850 2127; baseline 0.006 -15"><span class='ocrx_word' id='word_1_268' title='bbox 141 2082 184 2113; x_wconf 67' lang='lat'>6&amp;</span> <span class='ocrx_word' id='word_1_269' title='bbox 197 2080 233 2113; x_wconf 89' lang='lat' dir='ltr'>in</span> <span class='ocrx_word' id='word_1_270' title='bbox 248 2080 362 2114; x_wconf 87' lang='lat' dir='ltr'>iratos</span> <span class='ocrx_word' id='word_1_271' title='bbox 380 2087 667 2127; x_wconf 82' lang='lat' dir='ltr'>pugnantesque</span> <span class='ocrx_word' id='word_1_272' title='bbox 688 2083 850 2116; x_wconf 78' lang='lat' dir='ltr'>edebant</span> 
     </span>
    </p>
   </div>
   <div class='ocr_carea' id='block_1_7' title="bbox 862 340 870 2203">
    <p class='ocr_par' dir='ltr' id='par_1_7' title="bbox 862 340 870 2203">
     <span class='ocr_line' id='line_1_42' title="bbox 862 340 870 2203; baseline 0 0"><span class='ocrx_word' id='word_1_273' title='bbox 862 340 870 2203; x_wconf 95' lang='lat' dir='ltr'> </span> 
     </span>
    </p>
   </div>
   <div class='ocr_carea' id='block_1_8' title="bbox 141 2125 852 2802">
    <p class='ocr_par' dir='ltr' id='par_1_8' title="bbox 141 2125 852 2802">
     <span class='ocr_line' id='line_1_43' title="bbox 142 2125 848 2172; baseline 0.004 -14"><span class='ocrx_word' id='word_1_274' title='bbox 142 2125 365 2169; x_wconf 81' lang='lat' dir='ltr'>(edebantur</span> <span class='ocrx_word' id='word_1_275' title='bbox 390 2127 464 2171; x_wconf 82' lang='lat' dir='ltr'>Wt)</span> <span class='ocrx_word' id='word_1_276' title='bbox 487 2129 600 2161; x_wconf 74' lang='lat' dir='ltr'><strong>Alsclz.</strong></span> <span class='ocrx_word' id='word_1_277' title='bbox 628 2139 754 2172; x_wconf 82' lang='lat' dir='ltr'>pugna</span> <span class='ocrx_word' id='word_1_278' title='bbox 779 2128 848 2161; x_wconf 89' lang='lat' dir='ltr'>vis-</span> 
     </span>
     <span class='ocr_line' id='line_1_44' title="bbox 142 2171 849 2216; baseline 0.004 -14"><span class='ocrx_word' id='word_1_279' title='bbox 142 2181 214 2213; x_wconf 85' lang='lat' dir='ltr'>que</span> <span class='ocrx_word' id='word_1_280' title='bbox 236 2171 370 2204; x_wconf 82' lang='lat' dir='ltr'>edebat</span> <span class='ocrx_word' id='word_1_281' title='bbox 389 2173 418 2204; x_wconf 93' lang='lat' dir='ltr'>I.</span> <span class='ocrx_word' id='word_1_282' title='bbox 440 2174 477 2205; x_wconf 89' lang='lat' dir='ltr'>F.</span> <span class='ocrx_word' id='word_1_283' title='bbox 496 2173 557 2206; x_wconf 77' lang='lat' dir='ltr'>Gr.</span> <span class='ocrx_word' id='word_1_284' title='bbox 583 2174 593 2216; x_wconf 93' lang='grc' dir='ltr'>Η</span> <span class='ocrx_word' id='word_1_285' title='bbox 618 2175 650 2207; x_wconf 77' lang='grc'>2.</span> <span class='ocrx_word' id='word_1_286' title='bbox 671 2172 849 2206; x_wconf 86' lang='lat' dir='ltr'>inbcllum</span> 
     </span>
     <span class='ocr_line' id='line_1_45' title="bbox 141 2214 847 2262; baseline 0.006 -15"><span class='ocrx_word' id='word_1_287' title='bbox 141 2214 170 2248; x_wconf 83' lang='lat' dir='ltr'>P</span> <span class='ocrx_word' id='word_1_288' title='bbox 183 2226 235 2258; x_wconf 86' lang='lat' dir='ltr'>pr.</span> <span class='ocrx_word' id='word_1_289' title='bbox 254 2214 265 2259; x_wconf 97' lang='grc' dir='ltr'>Η</span> <span class='ocrx_word' id='word_1_290' title='bbox 287 2216 490 2250; x_wconf 81' lang='lat' dir='ltr'>semianimi</span> <span class='ocrx_word' id='word_1_291' title='bbox 503 2217 543 2250; x_wconf 91' lang='lat' dir='ltr'>P.</span> <span class='ocrx_word' id='word_1_292' title='bbox 563 2217 574 2262; x_wconf 98' lang='grc' dir='ltr'>Η</span> <span class='ocrx_word' id='word_1_293' title='bbox 591 2218 764 2251; x_wconf 82' lang='lat' dir='ltr'>3.foedae</span> <span class='ocrx_word' id='word_1_294' title='bbox 779 2217 847 2260; x_wconf 90' lang='lat' dir='ltr'>rei]</span> 
     </span>
     <span class='ocr_line' id='line_1_46' title="bbox 142 2259 848 2307; baseline 0.004 -15"><span class='ocrx_word' id='word_1_295' title='bbox 142 2259 285 2303; x_wconf 78' lang='lat' dir='ltr'>foederi</span> <span class='ocrx_word' id='word_1_296' title='bbox 300 2260 365 2304; x_wconf 87' lang='lat' dir='ltr'>Pp.</span> <span class='ocrx_word' id='word_1_297' title='bbox 385 2262 396 2304; x_wconf 95' lang='grc' dir='ltr'>Η</span> <span class='ocrx_word' id='word_1_298' title='bbox 420 2261 452 2293; x_wconf 79' lang='lat'>4.</span> <span class='ocrx_word' id='word_1_299' title='bbox 473 2261 720 2306; x_wconf 76' lang='lat' dir='ltr'>interfulgens</span> <span class='ocrx_word' id='word_1_300' title='bbox 735 2276 762 2298; x_wconf 84' lang='grc' dir='ltr'>ς.</span> <span class='ocrx_word' id='word_1_301' title='bbox 780 2264 791 2307; x_wconf 98' lang='grc' dir='ltr'>Η</span> <span class='ocrx_word' id='word_1_302' title='bbox 818 2265 848 2295; x_wconf 76' lang='grc'>6.</span> 
     </span>
     <span class='ocr_line' id='line_1_47' title="bbox 143 2304 848 2352; baseline 0.004 -15"><span class='ocrx_word' id='word_1_303' title='bbox 143 2304 263 2349; x_wconf 79' lang='lat' dir='ltr'>(urbe)</span> <span class='ocrx_word' id='word_1_304' title='bbox 273 2306 454 2338; x_wconf 75' lang='lat' dir='ltr'>Rhenanus</span> <span class='ocrx_word' id='word_1_305' title='bbox 470 2305 481 2350; x_wconf 93' lang='grc' dir='ltr'>Η</span> <span class='ocrx_word' id='word_1_306' title='bbox 502 2307 705 2352; x_wconf 86' lang='lat' dir='ltr'>(praesidii)</span> <span class='ocrx_word' id='word_1_307' title='bbox 717 2309 848 2340; x_wconf 69' lang='lat' dir='ltr'>Crevie-</span> 
     </span>
     <span class='ocr_line' id='line_1_48' title="bbox 142 2350 849 2396; baseline 0.006 -16"><span class='ocrx_word' id='word_1_308' title='bbox 142 2350 213 2381; x_wconf 71' lang='lat' dir='ltr'>rc&#39;os</span> <span class='ocrx_word' id='word_1_309' title='bbox 233 2350 244 2394; x_wconf 97' lang='grc' dir='ltr'>Η</span> <span class='ocrx_word' id='word_1_310' title='bbox 263 2351 335 2393; x_wconf 88' lang='lat' dir='ltr'>[se]</span> <span class='ocrx_word' id='word_1_311' title='bbox 352 2360 434 2383; x_wconf 83' lang='lat' dir='ltr'>esse</span> <span class='ocrx_word' id='word_1_312' title='bbox 448 2352 478 2384; x_wconf 90' lang='lat' dir='ltr'>I.</span> <span class='ocrx_word' id='word_1_313' title='bbox 493 2351 538 2384; x_wconf 89' lang='lat' dir='ltr'>H.</span> <span class='ocrx_word' id='word_1_314' title='bbox 560 2353 694 2385; x_wconf 76' lang='lat' dir='ltr'>Vossius</span> <span class='ocrx_word' id='word_1_315' title='bbox 711 2352 722 2396; x_wconf 95' lang='grc' dir='ltr'>Η</span> <span class='ocrx_word' id='word_1_316' title='bbox 741 2353 774 2385; x_wconf 83' lang='grc'>8.</span> <span class='ocrx_word' id='word_1_317' title='bbox 792 2363 849 2384; x_wconf 77' lang='lat' dir='ltr'>ex-</span> 
     </span>
     <span class='ocr_line' id='line_1_49' title="bbox 142 2393 849 2439; baseline 0.004 -13"><span class='ocrx_word' id='word_1_318' title='bbox 142 2393 277 2436; x_wconf 84' lang='lat' dir='ltr'>peditis</span> <span class='ocrx_word' id='word_1_319' title='bbox 289 2414 324 2418; x_wconf 91' lang='lat'><em>—</em></span> <span class='ocrx_word' id='word_1_320' title='bbox 334 2395 647 2439; x_wconf 77' lang='lat' dir='ltr'><strong>cum]‹›m.PCMB.</strong></span> <span class='ocrx_word' id='word_1_321' title='bbox 657 2397 667 2439; x_wconf 98' lang='grc' dir='ltr'>Η</span> <span class='ocrx_word' id='word_1_322' title='bbox 684 2396 849 2439; x_wconf 85' lang='lat' dir='ltr'>XXIIII,</span> 
     </span>
     <span class='ocr_line' id='line_1_50' title="bbox 142 2439 849 2485; baseline 0.004 -14"><span class='ocrx_word' id='word_1_323' title='bbox 142 2439 173 2471; x_wconf 80' lang='lat'>3.</span> <span class='ocrx_word' id='word_1_324' title='bbox 188 2449 254 2482; x_wconf 88' lang='lat' dir='ltr'>pro</span> <span class='ocrx_word' id='word_1_325' title='bbox 277 2441 357 2483; x_wconf 89' lang='lat' dir='ltr'>spe]</span> <span class='ocrx_word' id='word_1_326' title='bbox 373 2439 420 2472; x_wconf 90' lang='lat' dir='ltr'>P:</span> <span class='ocrx_word' id='word_1_327' title='bbox 440 2451 554 2484; x_wconf 87' lang='lat' dir='ltr'>prope</span> <span class='ocrx_word' id='word_1_328' title='bbox 569 2440 607 2473; x_wconf 91' lang='lat' dir='ltr'>M</span> <span class='ocrx_word' id='word_1_329' title='bbox 625 2452 803 2485; x_wconf 73' lang='lat' dir='ltr'>prospere</span> <span class='ocrx_word' id='word_1_330' title='bbox 822 2454 849 2477; x_wconf 84' lang='grc' dir='ltr'>ς.</span> 
     </span>
     <span class='ocr_line' id='line_1_51' title="bbox 151 2484 852 2530; baseline 0.004 -14"><span class='ocrx_word' id='word_1_331' title='bbox 151 2485 162 2526; x_wconf 94' lang='grc' dir='ltr'>Η</span> <span class='ocrx_word' id='word_1_332' title='bbox 182 2484 340 2517; x_wconf 86' lang='lat' dir='ltr'>lacelani</span> <span class='ocrx_word' id='word_1_333' title='bbox 364 2484 447 2517; x_wconf 89' lang='lat' dir='ltr'>PM.</span> <span class='ocrx_word' id='word_1_334' title='bbox 475 2485 485 2530; x_wconf 98' lang='grc' dir='ltr'>Η</span> <span class='ocrx_word' id='word_1_335' title='bbox 513 2489 635 2519; x_wconf 88' lang='lat' dir='ltr'>autem</span> <span class='ocrx_word' id='word_1_336' title='bbox 660 2489 786 2529; x_wconf 88' lang='lat' dir='ltr'>erant]</span> <span class='ocrx_word' id='word_1_337' title='bbox 815 2491 852 2519; x_wconf 90' lang='lat' dir='ltr'>et</span> 
     </span>
     <span class='ocr_line' id='line_1_52' title="bbox 143 2528 850 2573; baseline 0.007 -14"><span class='ocrx_word' id='word_1_338' title='bbox 143 2528 339 2573; x_wconf 77' lang='lat' dir='ltr'>illergetcs</span> <span class='ocrx_word' id='word_1_339' title='bbox 372 2536 477 2563; x_wconf 84' lang='lat' dir='ltr'>erant</span> <span class='ocrx_word' id='word_1_340' title='bbox 502 2531 692 2564; x_wconf 65' lang='lat' dir='ltr'>Crevier-ias</span> <span class='ocrx_word' id='word_1_341' title='bbox 727 2536 850 2565; x_wconf 87' lang='lat' dir='ltr'>autem</span> 
     </span>
     <span class='ocr_line' id='line_1_53' title="bbox 144 2574 849 2621; baseline 0.007 -16"><span class='ocrx_word' id='word_1_342' title='bbox 144 2580 248 2607; x_wconf 89' lang='lat' dir='ltr'>erant</span> <span class='ocrx_word' id='word_1_343' title='bbox 262 2578 299 2608; x_wconf 89' lang='lat' dir='ltr'>et</span> <span class='ocrx_word' id='word_1_344' title='bbox 318 2574 497 2618; x_wconf 83' lang='lat' dir='ltr'>Ilergetes</span> <span class='ocrx_word' id='word_1_345' title='bbox 512 2576 745 2619; x_wconf 61' lang='lat' dir='ltr'>Heusa&#39;nyerus</span> <span class='ocrx_word' id='word_1_346' title='bbox 764 2576 774 2621; x_wconf 97' lang='grc' dir='ltr'>Η</span> <span class='ocrx_word' id='word_1_347' title='bbox 792 2587 849 2610; x_wconf 83' lang='lat' dir='ltr'>ex-</span> 
     </span>
     <span class='ocr_line' id='line_1_54' title="bbox 145 2618 849 2665; baseline 0.006 -14"><span class='ocrx_word' id='word_1_348' title='bbox 145 2618 238 2652; x_wconf 84' lang='lat' dir='ltr'>scita</span> <span class='ocrx_word' id='word_1_349' title='bbox 251 2619 279 2652; x_wconf 91' lang='lat' dir='ltr'><strong>P</strong></span> <span class='ocrx_word' id='word_1_350' title='bbox 293 2619 452 2653; x_wconf 82' lang='lat' dir='ltr'>excitata</span> <span class='ocrx_word' id='word_1_351' title='bbox 472 2621 556 2655; x_wconf 74' lang='lat' dir='ltr'><strong>Bas.</strong></span> <span class='ocrx_word' id='word_1_352' title='bbox 572 2631 605 2653; x_wconf 85' lang='lat' dir='ltr'>a.</span> <span class='ocrx_word' id='word_1_353' title='bbox 624 2620 635 2665; x_wconf 95' lang='grc' dir='ltr'>Η</span> <span class='ocrx_word' id='word_1_354' title='bbox 661 2621 849 2655; x_wconf 77' lang='lat' dir='ltr'>suesitanu</span> 
     </span>
     <span class='ocr_line' id='line_1_55' title="bbox 143 2663 848 2710; baseline 0.004 -14"><span class='ocrx_word' id='word_1_355' title='bbox 143 2663 182 2697; x_wconf 92' lang='lat' dir='ltr'><strong>P.</strong></span> <span class='ocrx_word' id='word_1_356' title='bbox 204 2664 216 2709; x_wconf 97' lang='grc' dir='ltr'>Η</span> <span class='ocrx_word' id='word_1_357' title='bbox 243 2664 558 2710; x_wconf 84' lang='lat' dir='ltr'>sedetannumque</span> <span class='ocrx_word' id='word_1_358' title='bbox 578 2666 607 2699; x_wconf 89' lang='lat' dir='ltr'><strong>P</strong></span> <span class='ocrx_word' id='word_1_359' title='bbox 635 2672 713 2699; x_wconf 78' lang='lat' dir='ltr'>leste</span> <span class='ocrx_word' id='word_1_360' title='bbox 730 2668 848 2700; x_wconf 75' lang='lat' dir='ltr'><strong>Alsclz.</strong></span> 
     </span>
     <span class='ocr_line' id='line_1_56' title="bbox 144 2708 847 2754; baseline 0.004 -13"><span class='ocrx_word' id='word_1_361' title='bbox 144 2708 194 2742; x_wconf 88' lang='lat' dir='ltr'>M.</span> <span class='ocrx_word' id='word_1_362' title='bbox 214 2710 225 2754; x_wconf 97' lang='grc' dir='ltr'>Η</span> <span class='ocrx_word' id='word_1_363' title='bbox 244 2709 275 2742; x_wconf 80' lang='lat' dir='ltr'>G.</span> <span class='ocrx_word' id='word_1_364' title='bbox 296 2720 422 2743; x_wconf 89' lang='lat' dir='ltr'>eorum</span> <span class='ocrx_word' id='word_1_365' title='bbox 447 2713 585 2753; x_wconf 88' lang='lat' dir='ltr'>autem]</span> <span class='ocrx_word' id='word_1_366' title='bbox 613 2711 700 2744; x_wconf 81' lang='lat' dir='ltr'>PM:</span> <span class='ocrx_word' id='word_1_367' title='bbox 727 2716 847 2745; x_wconf 85' lang='lat' dir='ltr'>autem</span> 
     </span>
     <span class='ocr_line' id='line_1_57' title="bbox 144 2754 847 2802; baseline 0.003 -15"><span class='ocrx_word' id='word_1_368' title='bbox 144 2764 270 2788; x_wconf 87' lang='lat' dir='ltr'>eorum</span> <span class='ocrx_word' id='word_1_369' title='bbox 286 2766 337 2798; x_wconf 71' lang='lat'>09.</span> <span class='ocrx_word' id='word_1_370' title='bbox 356 2754 368 2800; x_wconf 96' lang='grc' dir='ltr'>Η</span> <span class='ocrx_word' id='word_1_371' title='bbox 385 2755 629 2799; x_wconf 84' lang='lat' dir='ltr'>imperatoriis</span> <span class='ocrx_word' id='word_1_372' title='bbox 648 2755 691 2789; x_wconf 90' lang='lat' dir='ltr'>P.</span> <span class='ocrx_word' id='word_1_373' title='bbox 708 2756 719 2802; x_wconf 98' lang='grc' dir='ltr'>Η</span> <span class='ocrx_word' id='word_1_374' title='bbox 746 2756 847 2790; x_wconf 91' lang='lat' dir='ltr'>dubii</span> 
     </span>
    </p>
   </div>
   <div class='ocr_carea' id='block_1_9' title="bbox 1365 243 1583 272">
    <p class='ocr_par' dir='ltr' id='par_1_9' title="bbox 1365 243 1583 272">
     <span class='ocr_line' id='line_1_58' title="bbox 1365 243 1583 272; baseline 0 -1"><span class='ocrx_word' id='word_1_375' title='bbox 1365 243 1583 272; x_wconf 84' lang='lat' dir='ltr'>LXXVIIII</span> 
     </span>
    </p>
   </div>
   <div class='ocr_carea' id='block_1_10' title="bbox 873 319 1589 2805">
    <p class='ocr_par' dir='ltr' id='par_1_10' title="bbox 873 319 1589 2805">
     <span class='ocr_line' id='line_1_59' title="bbox 882 319 1585 364; baseline -0.004 -9"><span class='ocrx_word' id='word_1_376' title='bbox 882 321 984 356; x_wconf 84' lang='lat' dir='ltr'>allati</span> <span class='ocrx_word' id='word_1_377' title='bbox 1001 324 1086 355; x_wconf 82' lang='lat' dir='ltr'>sunt</span> <span class='ocrx_word' id='word_1_378' title='bbox 1099 320 1231 363; x_wconf 88' lang='lat' dir='ltr'>nuntii]</span> <span class='ocrx_word' id='word_1_379' title='bbox 1248 334 1266 357; x_wconf 85' lang='grc' dir='ltr'><em>ς</em></span> <span class='ocrx_word' id='word_1_380' title='bbox 1284 319 1471 364; x_wconf 73' lang='lat' dir='ltr'>(Gronovii</span> <span class='ocrx_word' id='word_1_381' title='bbox 1484 320 1585 363; x_wconf 72' lang='lat' dir='ltr'><strong>2·e9.):</strong></span> 
     </span>
     <span class='ocr_line' id='line_1_60' title="bbox 882 364 1587 400; baseline -0.003 0"><span class='ocrx_word' id='word_1_382' title='bbox 882 367 983 400; x_wconf 89' lang='lat' dir='ltr'>dubii</span> <span class='ocrx_word' id='word_1_383' title='bbox 1015 366 1118 400; x_wconf 85' lang='lat' dir='ltr'>allati</span> <span class='ocrx_word' id='word_1_384' title='bbox 1150 371 1235 399; x_wconf 88' lang='lat' dir='ltr'>sunt</span> <span class='ocrx_word' id='word_1_385' title='bbox 1258 364 1318 398; x_wconf 81' lang='lat' dir='ltr'><strong>PC</strong></span> <span class='ocrx_word' id='word_1_386' title='bbox 1350 365 1451 398; x_wconf 85' lang='lat' dir='ltr'>dubii</span> <span class='ocrx_word' id='word_1_387' title='bbox 1482 365 1587 398; x_wconf 86' lang='lat' dir='ltr'>allati</span> 
     </span>
     <span class='ocr_line' id='line_1_61' title="bbox 882 410 1586 454; baseline -0.004 -9"><span class='ocrx_word' id='word_1_388' title='bbox 882 416 968 445; x_wconf 89' lang='lat' dir='ltr'>sunt</span> <span class='ocrx_word' id='word_1_389' title='bbox 980 422 1144 445; x_wconf 85' lang='lat' dir='ltr'>rumores</span> <span class='ocrx_word' id='word_1_390' title='bbox 1159 422 1178 444; x_wconf 92' lang='lat' dir='ltr'>c</span> <span class='ocrx_word' id='word_1_391' title='bbox 1193 410 1296 444; x_wconf 89' lang='lat' dir='ltr'>dubii</span> <span class='ocrx_word' id='word_1_392' title='bbox 1314 421 1480 443; x_wconf 87' lang='lat' dir='ltr'>rumores</span> <span class='ocrx_word' id='word_1_393' title='bbox 1497 410 1586 454; x_wconf 80' lang='lat' dir='ltr'>(ser-</span> 
     </span>
     <span class='ocr_line' id='line_1_62' title="bbox 881 455 1586 502; baseline -0.004 -12"><span class='ocrx_word' id='word_1_394' title='bbox 881 468 1007 491; x_wconf 82' lang='lat' dir='ltr'>mones</span> <span class='ocrx_word' id='word_1_395' title='bbox 1022 458 1083 502; x_wconf 82' lang='lat' dir='ltr'><strong>al.)</strong></span> <span class='ocrx_word' id='word_1_396' title='bbox 1098 455 1201 490; x_wconf 87' lang='lat' dir='ltr'>allati</span> <span class='ocrx_word' id='word_1_397' title='bbox 1217 459 1302 489; x_wconf 84' lang='lat' dir='ltr'>sunt</span> <span class='ocrx_word' id='word_1_398' title='bbox 1315 461 1374 489; x_wconf 85' lang='lat' dir='ltr'>etc.</span> <span class='ocrx_word' id='word_1_399' title='bbox 1390 468 1407 492; x_wconf 77' lang='grc' dir='ltr'><em>ς</em></span> <span class='ocrx_word' id='word_1_400' title='bbox 1420 466 1586 489; x_wconf 85' lang='lat' dir='ltr'>rumores</span> 
     </span>
     <span class='ocr_line' id='line_1_63' title="bbox 882 500 1589 536; baseline -0.001 -1"><span class='ocrx_word' id='word_1_401' title='bbox 882 502 982 536; x_wconf 88' lang='lat' dir='ltr'>dubii</span> <span class='ocrx_word' id='word_1_402' title='bbox 997 501 1113 536; x_wconf 84' lang='lat' dir='ltr'>adlati</span> <span class='ocrx_word' id='word_1_403' title='bbox 1128 503 1330 535; x_wconf 46' lang='lat' dir='ltr'>sunti-llsch.</span> <span class='ocrx_word' id='word_1_404' title='bbox 1346 500 1459 534; x_wconf 86' lang='lat' dir='ltr'>dubia</span> <span class='ocrx_word' id='word_1_405' title='bbox 1472 500 1589 534; x_wconf 73' lang='lat' dir='ltr'>allata</span> 
     </span>
     <span class='ocr_line' id='line_1_64' title="bbox 882 546 1588 593; baseline -0.003 -13"><span class='ocrx_word' id='word_1_406' title='bbox 882 552 965 580; x_wconf 80' lang='lat' dir='ltr'>sunt</span> <span class='ocrx_word' id='word_1_407' title='bbox 980 561 997 584; x_wconf 85' lang='grc' dir='ltr'><strong><em>ς</em></strong></span> <span class='ocrx_word' id='word_1_408' title='bbox 1012 546 1144 593; x_wconf 47' lang='lat' dir='ltr'>(OQL,</span> <span class='ocrx_word' id='word_1_409' title='bbox 1160 547 1193 590; x_wconf 78' lang='lat'>1)</span> <span class='ocrx_word' id='word_1_410' title='bbox 1216 546 1326 580; x_wconf 88' lang='lat' dir='ltr'>dubie</span> <span class='ocrx_word' id='word_1_411' title='bbox 1341 546 1495 580; x_wconf 85' lang='lat' dir='ltr'>allatum</span> <span class='ocrx_word' id='word_1_412' title='bbox 1510 546 1556 579; x_wconf 80' lang='lat' dir='ltr'>sit</span> <span class='ocrx_word' id='word_1_413' title='bbox 1570 560 1588 582; x_wconf 83' lang='grc' dir='ltr'><em>ς</em></span> 
     </span>
     <span class='ocr_line' id='line_1_65' title="bbox 889 591 1586 637; baseline -0.003 -11"><span class='ocrx_word' id='word_1_414' title='bbox 889 593 998 637; x_wconf 68' lang='grc' dir='ltr'><strong>’ἶί“(.·ῖ.&gt;</strong></span> <span class='ocrx_word' id='word_1_415' title='bbox 1020 592 1122 625; x_wconf 85' lang='lat' dir='ltr'>dubii</span> <span class='ocrx_word' id='word_1_416' title='bbox 1141 591 1245 626; x_wconf 80' lang='lat' dir='ltr'>allati</span> <span class='ocrx_word' id='word_1_417' title='bbox 1263 591 1382 624; x_wconf 85' lang='lat' dir='ltr'>nuntii</span> <span class='ocrx_word' id='word_1_418' title='bbox 1402 592 1455 624; x_wconf 85' lang='lat' dir='ltr'>vel</span> <span class='ocrx_word' id='word_1_419' title='bbox 1475 591 1586 624; x_wconf 85' lang='lat' dir='ltr'>dubie</span> 
     </span>
     <span class='ocr_line' id='line_1_66' title="bbox 881 636 1586 682; baseline -0.001 -12"><span class='ocrx_word' id='word_1_420' title='bbox 881 638 1221 671; x_wconf 72' lang='lat' dir='ltr'>allatumstI.F.G1-.</span> <span class='ocrx_word' id='word_1_421' title='bbox 1239 637 1250 682; x_wconf 97' lang='grc' dir='ltr'>Η</span> <span class='ocrx_word' id='word_1_422' title='bbox 1270 636 1303 670; x_wconf 83' lang='lat'>7.</span> <span class='ocrx_word' id='word_1_423' title='bbox 1320 636 1436 680; x_wconf 90' lang='lat' dir='ltr'>primo</span> <span class='ocrx_word' id='word_1_424' title='bbox 1453 647 1586 670; x_wconf 87' lang='lat' dir='ltr'>sermo-</span> 
     </span>
     <span class='ocr_line' id='line_1_67' title="bbox 881 681 1585 726; baseline -0.001 -11"><span class='ocrx_word' id='word_1_425' title='bbox 881 685 961 725; x_wconf 88' lang='lat' dir='ltr'>nes]</span> <span class='ocrx_word' id='word_1_426' title='bbox 979 685 1019 719; x_wconf 67' lang='lat' dir='ltr'>g?</span> <span class='ocrx_word' id='word_1_427' title='bbox 1044 684 1116 716; x_wconf 77' lang='lat' dir='ltr'>edd.</span> <span class='ocrx_word' id='word_1_428' title='bbox 1138 689 1231 716; x_wconf 58' lang='lat' dir='ltr'>vett:</span> <span class='ocrx_word' id='word_1_429' title='bbox 1257 682 1444 726; x_wconf 89' lang='lat' dir='ltr'>primones</span> <span class='ocrx_word' id='word_1_430' title='bbox 1464 682 1493 715; x_wconf 91' lang='lat' dir='ltr'>P</span> <span class='ocrx_word' id='word_1_431' title='bbox 1514 681 1585 726; x_wconf 88' lang='lat' dir='ltr'>pri—</span> 
     </span>
     <span class='ocr_line' id='line_1_68' title="bbox 880 726 1586 772; baseline 0 -12"><span class='ocrx_word' id='word_1_432' title='bbox 880 739 1000 761; x_wconf 87' lang='lat' dir='ltr'>mores</span> <span class='ocrx_word' id='word_1_433' title='bbox 1015 726 1140 772; x_wconf 77' lang='lat' dir='ltr'>CMBp</span> <span class='ocrx_word' id='word_1_434' title='bbox 1162 733 1239 761; x_wconf 78' lang='lat' dir='ltr'>teste</span> <span class='ocrx_word' id='word_1_435' title='bbox 1252 728 1370 761; x_wconf 78' lang='lat' dir='ltr'>Alselz.</span> <span class='ocrx_word' id='word_1_436' title='bbox 1391 727 1508 771; x_wconf 87' lang='lat' dir='ltr'>primo</span> <span class='ocrx_word' id='word_1_437' title='bbox 1529 738 1586 760; x_wconf 89' lang='lat' dir='ltr'>ru—</span> 
     </span>
     <span class='ocr_line' id='line_1_69' title="bbox 879 772 1587 816; baseline 0 -10"><span class='ocrx_word' id='word_1_438' title='bbox 879 783 999 806; x_wconf 89' lang='lat' dir='ltr'>mores</span> <span class='ocrx_word' id='word_1_439' title='bbox 1020 774 1206 815; x_wconf 64' lang='lat' dir='ltr'>Solvimus,</span> <span class='ocrx_word' id='word_1_440' title='bbox 1221 774 1249 806; x_wconf 92' lang='lat' dir='ltr'>I.</span> <span class='ocrx_word' id='word_1_441' title='bbox 1268 773 1300 804; x_wconf 83' lang='lat' dir='ltr'>F.</span> <span class='ocrx_word' id='word_1_442' title='bbox 1320 772 1382 806; x_wconf 78' lang='lat' dir='ltr'>Gr.</span> <span class='ocrx_word' id='word_1_443' title='bbox 1402 774 1413 816; x_wconf 84' lang='grc' dir='ltr'>Η</span> <span class='ocrx_word' id='word_1_444' title='bbox 1431 772 1462 805; x_wconf 82' lang='grc'>8.</span> <span class='ocrx_word' id='word_1_445' title='bbox 1478 783 1587 815; x_wconf 79' lang='lat' dir='ltr'>paca-</span> 
     </span>
     <span class='ocr_line' id='line_1_70' title="bbox 879 817 1588 862; baseline 0 -12"><span class='ocrx_word' id='word_1_446' title='bbox 879 821 955 850; x_wconf 88' lang='lat' dir='ltr'>tum</span> <span class='ocrx_word' id='word_1_447' title='bbox 971 822 1075 850; x_wconf 86' lang='lat' dir='ltr'>erant</span> <span class='ocrx_word' id='word_1_448' title='bbox 1088 818 1127 851; x_wconf 92' lang='lat' dir='ltr'>P.</span> <span class='ocrx_word' id='word_1_449' title='bbox 1144 817 1155 862; x_wconf 93' lang='grc' dir='ltr'>Η</span> <span class='ocrx_word' id='word_1_450' title='bbox 1175 818 1206 850; x_wconf 83' lang='grc'>9.</span> <span class='ocrx_word' id='word_1_451' title='bbox 1222 817 1433 860; x_wconf 69' lang='lat' dir='ltr'>disciplina]</span> <span class='ocrx_word' id='word_1_452' title='bbox 1459 817 1588 851; x_wconf 89' lang='lat' dir='ltr'>discri-</span> 
     </span>
     <span class='ocr_line' id='line_1_71' title="bbox 880 862 1585 907; baseline 0.001 -13"><span class='ocrx_word' id='word_1_453' title='bbox 880 862 1013 895; x_wconf 85' lang='lat' dir='ltr'>minaP</span> <span class='ocrx_word' id='word_1_454' title='bbox 1025 862 1233 896; x_wconf 82' lang='lat' dir='ltr'>discrimine</span> <span class='ocrx_word' id='word_1_455' title='bbox 1244 863 1291 895; x_wconf 88' lang='lat' dir='ltr'><strong>M.</strong></span> <span class='ocrx_word' id='word_1_456' title='bbox 1301 865 1311 907; x_wconf 94' lang='grc' dir='ltr'>Η</span> <span class='ocrx_word' id='word_1_457' title='bbox 1330 863 1380 896; x_wconf 87' lang='grc'>10.</span> <span class='ocrx_word' id='word_1_458' title='bbox 1391 874 1435 896; x_wconf 86' lang='lat' dir='ltr'>ca</span> <span class='ocrx_word' id='word_1_459' title='bbox 1445 862 1585 906; x_wconf 84' lang='lat' dir='ltr'>specie]</span> 
     </span>
     <span class='ocr_line' id='line_1_72' title="bbox 878 908 1586 951; baseline 0 -12"><span class='ocrx_word' id='word_1_460' title='bbox 878 908 1139 940; x_wconf 71' lang='lat' dir='ltr'>Freinshemius:</span> <span class='ocrx_word' id='word_1_461' title='bbox 1157 918 1201 941; x_wconf 85' lang='lat' dir='ltr'>ea</span> <span class='ocrx_word' id='word_1_462' title='bbox 1216 918 1280 951; x_wconf 84' lang='lat' dir='ltr'>spe</span> <span class='ocrx_word' id='word_1_463' title='bbox 1295 910 1373 941; x_wconf 62' lang='lat' dir='ltr'>libri</span> <span class='ocrx_word' id='word_1_464' title='bbox 1385 919 1429 941; x_wconf 86' lang='lat' dir='ltr'>ea</span> <span class='ocrx_word' id='word_1_465' title='bbox 1442 919 1480 940; x_wconf 84' lang='lat' dir='ltr'>re</span> <span class='ocrx_word' id='word_1_466' title='bbox 1496 908 1539 941; x_wconf 90' lang='lat' dir='ltr'>W</span> <span class='ocrx_word' id='word_1_467' title='bbox 1555 920 1586 940; x_wconf 85' lang='grc' dir='ltr'>υ.</span> 
     </span>
     <span class='ocr_line' id='line_1_73' title="bbox 880 952 1588 997; baseline 0.001 -13"><span class='ocrx_word' id='word_1_468' title='bbox 880 952 901 984; x_wconf 90' lang='lat' dir='ltr'>l.</span> <span class='ocrx_word' id='word_1_469' title='bbox 916 952 966 994; x_wconf 92' lang='lat' dir='ltr'>II,</span> <span class='ocrx_word' id='word_1_470' title='bbox 983 953 1025 984; x_wconf 83' lang='lat'>10</span> <span class='ocrx_word' id='word_1_471' title='bbox 1045 963 1087 985; x_wconf 81' lang='lat' dir='ltr'>ex</span> <span class='ocrx_word' id='word_1_472' title='bbox 1107 956 1213 995; x_wconf 82' lang='lat' dir='ltr'>parte</span> <span class='ocrx_word' id='word_1_473' title='bbox 1232 954 1263 986; x_wconf 93' lang='lat' dir='ltr'>I.</span> <span class='ocrx_word' id='word_1_474' title='bbox 1286 955 1322 986; x_wconf 91' lang='lat' dir='ltr'><strong>F.</strong></span> <span class='ocrx_word' id='word_1_475' title='bbox 1341 954 1405 986; x_wconf 84' lang='lat' dir='ltr'>Gr.</span> <span class='ocrx_word' id='word_1_476' title='bbox 1433 953 1444 997; x_wconf 95' lang='grc' dir='ltr'>Η</span> <span class='ocrx_word' id='word_1_477' title='bbox 1466 956 1507 986; x_wconf 90' lang='lat' dir='ltr'>ut</span> <span class='ocrx_word' id='word_1_478' title='bbox 1526 952 1588 996; x_wconf 73' lang='lat' dir='ltr'>(sic</span> 
     </span>
     <span class='ocr_line' id='line_1_74' title="bbox 878 996 1587 1042; baseline 0.003 -13"><span class='ocrx_word' id='word_1_479' title='bbox 878 996 908 1029; x_wconf 90' lang='lat' dir='ltr'>P</span> <span class='ocrx_word' id='word_1_480' title='bbox 931 1003 1008 1029; x_wconf 74' lang='lat' dir='ltr'>teste</span> <span class='ocrx_word' id='word_1_481' title='bbox 1032 996 1108 1042; x_wconf 77' lang='lat' dir='ltr'><strong>Gr.)</strong></span> <span class='ocrx_word' id='word_1_482' title='bbox 1132 997 1211 1030; x_wconf 85' lang='lat' dir='ltr'>iura</span> <span class='ocrx_word' id='word_1_483' title='bbox 1225 999 1381 1031; x_wconf 86' lang='lat' dir='ltr'>reddere</span> <span class='ocrx_word' id='word_1_484' title='bbox 1397 998 1452 1042; x_wconf 74' lang='lat' dir='ltr'>(p,</span> <span class='ocrx_word' id='word_1_485' title='bbox 1473 998 1587 1031; x_wconf 85' lang='lat' dir='ltr'>redde</span> 
     </span>
     <span class='ocr_line' id='line_1_75' title="bbox 878 1041 1586 1086; baseline 0.001 -13"><span class='ocrx_word' id='word_1_486' title='bbox 878 1041 922 1086; x_wconf 79' lang='lat' dir='ltr'><strong>P)</strong></span> <span class='ocrx_word' id='word_1_487' title='bbox 938 1041 1035 1085; x_wconf 90' lang='lat' dir='ltr'><strong>PpM</strong></span> <span class='ocrx_word' id='word_1_488' title='bbox 1054 1045 1095 1074; x_wconf 89' lang='lat' dir='ltr'>ut</span> <span class='ocrx_word' id='word_1_489' title='bbox 1112 1041 1192 1075; x_wconf 82' lang='lat' dir='ltr'>iura</span> <span class='ocrx_word' id='word_1_490' title='bbox 1206 1043 1403 1076; x_wconf 86' lang='lat' dir='ltr'>redderent</span> <span class='ocrx_word' id='word_1_491' title='bbox 1416 1056 1433 1078; x_wconf 81' lang='grc' dir='ltr'><strong><em>ς</em></strong></span> <span class='ocrx_word' id='word_1_492' title='bbox 1448 1043 1527 1086; x_wconf 66' lang='lat' dir='ltr'><strong>(Or.</strong></span> <span class='ocrx_word' id='word_1_493' title='bbox 1542 1042 1586 1083; x_wconf 86' lang='lat' dir='ltr'>L,</span> 
     </span>
     <span class='ocr_line' id='line_1_76' title="bbox 879 1086 1587 1131; baseline 0.001 -13"><span class='ocrx_word' id='word_1_494' title='bbox 879 1086 911 1129; x_wconf 87' lang='lat'>1)</span> <span class='ocrx_word' id='word_1_495' title='bbox 933 1088 961 1119; x_wconf 83' lang='lat' dir='ltr'>J.</span> <span class='ocrx_word' id='word_1_496' title='bbox 976 1088 1014 1119; x_wconf 79' lang='lat' dir='ltr'>F.</span> <span class='ocrx_word' id='word_1_497' title='bbox 1034 1086 1095 1120; x_wconf 81' lang='lat' dir='ltr'>Gr.</span> <span class='ocrx_word' id='word_1_498' title='bbox 1113 1086 1124 1131; x_wconf 91' lang='grc' dir='ltr'>Η</span> <span class='ocrx_word' id='word_1_499' title='bbox 1152 1087 1206 1120; x_wconf 90' lang='grc'>11.</span> <span class='ocrx_word' id='word_1_500' title='bbox 1222 1087 1308 1130; x_wconf 78' lang='lat' dir='ltr'>sibi]</span> <span class='ocrx_word' id='word_1_501' title='bbox 1331 1099 1381 1120; x_wconf 87' lang='lat' dir='ltr'>m:</span> <span class='ocrx_word' id='word_1_502' title='bbox 1404 1087 1432 1119; x_wconf 87' lang='lat' dir='ltr'>si</span> <span class='ocrx_word' id='word_1_503' title='bbox 1453 1088 1500 1120; x_wconf 88' lang='lat' dir='ltr'>im</span> <span class='ocrx_word' id='word_1_504' title='bbox 1514 1087 1542 1119; x_wconf 87' lang='lat' dir='ltr'>P</span> <span class='ocrx_word' id='word_1_505' title='bbox 1558 1087 1587 1119; x_wconf 87' lang='lat' dir='ltr'>si</span> 
     </span>
     <span class='ocr_line' id='line_1_77' title="bbox 879 1131 1586 1177; baseline 0 -13"><span class='ocrx_word' id='word_1_506' title='bbox 879 1131 971 1175; x_wconf 73' lang='lat' dir='ltr'>CMp</span> <span class='ocrx_word' id='word_1_507' title='bbox 998 1132 1070 1176; x_wconf 86' lang='lat' dir='ltr'>ipsi</span> <span class='ocrx_word' id='word_1_508' title='bbox 1095 1146 1113 1168; x_wconf 83' lang='grc' dir='ltr'><strong><em>ς</em></strong></span> <span class='ocrx_word' id='word_1_509' title='bbox 1134 1132 1280 1166; x_wconf 83' lang='lat' dir='ltr'>sibimet</span> <span class='ocrx_word' id='word_1_510' title='bbox 1304 1134 1333 1166; x_wconf 89' lang='lat' dir='ltr'>I.</span> <span class='ocrx_word' id='word_1_511' title='bbox 1352 1133 1390 1166; x_wconf 82' lang='lat' dir='ltr'>F.</span> <span class='ocrx_word' id='word_1_512' title='bbox 1409 1132 1472 1164; x_wconf 71' lang='lat' dir='ltr'>Gr.</span> <span class='ocrx_word' id='word_1_513' title='bbox 1497 1132 1507 1177; x_wconf 97' lang='grc' dir='ltr'>Η</span> <span class='ocrx_word' id='word_1_514' title='bbox 1534 1132 1586 1164; x_wconf 81' lang='lat'>13.</span> 
     </span>
     <span class='ocr_line' id='line_1_78' title="bbox 878 1176 1587 1222; baseline 0.001 -13"><span class='ocrx_word' id='word_1_515' title='bbox 878 1176 1003 1221; x_wconf 82' lang='lat' dir='ltr'>itaque</span> <span class='ocrx_word' id='word_1_516' title='bbox 1019 1179 1055 1220; x_wconf 91' lang='lat' dir='ltr'>e]</span> <span class='ocrx_word' id='word_1_517' title='bbox 1072 1178 1186 1210; x_wconf 73' lang='lat' dir='ltr'><strong>Alsclz.</strong></span> <span class='ocrx_word' id='word_1_518' title='bbox 1197 1191 1207 1209; x_wconf 89' lang='lat'>.·</span> <span class='ocrx_word' id='word_1_519' title='bbox 1222 1177 1346 1222; x_wconf 84' lang='lat' dir='ltr'>itaque</span> <span class='ocrx_word' id='word_1_520' title='bbox 1361 1178 1391 1211; x_wconf 89' lang='lat' dir='ltr'>P</span> <span class='ocrx_word' id='word_1_521' title='bbox 1402 1177 1527 1221; x_wconf 86' lang='lat' dir='ltr'>itaque</span> <span class='ocrx_word' id='word_1_522' title='bbox 1544 1188 1587 1210; x_wconf 75' lang='lat' dir='ltr'>ex</span> 
     </span>
     <span class='ocr_line' id='line_1_79' title="bbox 880 1222 1578 1267; baseline 0.001 -12"><span class='ocrx_word' id='word_1_523' title='bbox 880 1235 932 1266; x_wconf 73' lang='lat' dir='ltr'>oy.</span> <span class='ocrx_word' id='word_1_524' title='bbox 963 1222 974 1267; x_wconf 95' lang='grc' dir='ltr'>Η</span> <span class='ocrx_word' id='word_1_525' title='bbox 1006 1224 1053 1255; x_wconf 87' lang='lat' dir='ltr'>ad</span> <span class='ocrx_word' id='word_1_526' title='bbox 1073 1222 1264 1266; x_wconf 86' lang='lat' dir='ltr'>principiis</span> <span class='ocrx_word' id='word_1_527' title='bbox 1286 1222 1479 1257; x_wconf 81' lang='lat' dir='ltr'>seditionis</span> <span class='ocrx_word' id='word_1_528' title='bbox 1499 1223 1537 1256; x_wconf 89' lang='lat' dir='ltr'>P.</span> <span class='ocrx_word' id='word_1_529' title='bbox 1568 1224 1578 1265; x_wconf 90' lang='grc' dir='ltr'>Η</span> 
     </span>
     <span class='ocr_line' id='line_1_80' title="bbox 878 1267 1587 1312; baseline 0 -12"><span class='ocrx_word' id='word_1_530' title='bbox 878 1267 1119 1301; x_wconf 88' lang='lat' dir='ltr'>atriumbrum</span> <span class='ocrx_word' id='word_1_531' title='bbox 1132 1268 1172 1301; x_wconf 92' lang='lat' dir='ltr'>P.</span> <span class='ocrx_word' id='word_1_532' title='bbox 1197 1268 1208 1312; x_wconf 96' lang='grc' dir='ltr'>Η</span> <span class='ocrx_word' id='word_1_533' title='bbox 1234 1267 1286 1301; x_wconf 84' lang='lat'>14.</span> <span class='ocrx_word' id='word_1_534' title='bbox 1303 1270 1541 1312; x_wconf 84' lang='lat' dir='ltr'>securesque]</span> <span class='ocrx_word' id='word_1_535' title='bbox 1558 1268 1587 1300; x_wconf 89' lang='lat' dir='ltr'>P</span> 
     </span>
     <span class='ocr_line' id='line_1_81' title="bbox 878 1313 1588 1356; baseline 0 -11"><span class='ocrx_word' id='word_1_536' title='bbox 878 1325 918 1345; x_wconf 83' lang='lat' dir='ltr'>m.</span> <span class='ocrx_word' id='word_1_537' title='bbox 940 1319 1031 1346; x_wconf 69' lang='lat' dir='ltr'>tert„-</span> <span class='ocrx_word' id='word_1_538' title='bbox 1052 1324 1142 1356; x_wconf 89' lang='lat' dir='ltr'>sque</span> <span class='ocrx_word' id='word_1_539' title='bbox 1162 1313 1200 1346; x_wconf 93' lang='lat' dir='ltr'>P.</span> <span class='ocrx_word' id='word_1_540' title='bbox 1220 1315 1230 1356; x_wconf 95' lang='grc' dir='ltr'>Η</span> <span class='ocrx_word' id='word_1_541' title='bbox 1250 1313 1302 1347; x_wconf 77' lang='grc'>16.</span> <span class='ocrx_word' id='word_1_542' title='bbox 1325 1313 1448 1356; x_wconf 88' lang='lat' dir='ltr'>diripi]</span> <span class='ocrx_word' id='word_1_543' title='bbox 1471 1313 1540 1346; x_wconf 90' lang='lat' dir='ltr'>diri</span> <span class='ocrx_word' id='word_1_544' title='bbox 1559 1313 1588 1345; x_wconf 91' lang='lat' dir='ltr'>P</span> 
     </span>
     <span class='ocr_line' id='line_1_82' title="bbox 877 1357 1587 1403; baseline 0 -12"><span class='ocrx_word' id='word_1_545' title='bbox 877 1357 970 1391; x_wconf 84' lang='lat' dir='ltr'>adiri</span> <span class='ocrx_word' id='word_1_546' title='bbox 983 1369 1018 1402; x_wconf 86' lang='lat' dir='ltr'>p.</span> <span class='ocrx_word' id='word_1_547' title='bbox 1035 1358 1046 1403; x_wconf 95' lang='grc' dir='ltr'>Η</span> <span class='ocrx_word' id='word_1_548' title='bbox 1066 1358 1229 1402; x_wconf 70' lang='lat' dir='ltr'><strong>XXV,3.</strong></span> <span class='ocrx_word' id='word_1_549' title='bbox 1242 1358 1303 1403; x_wconf 89' lang='lat' dir='ltr'>qui</span> <span class='ocrx_word' id='word_1_550' title='bbox 1317 1358 1478 1392; x_wconf 88' lang='lat' dir='ltr'>lenirent</span> <span class='ocrx_word' id='word_1_551' title='bbox 1493 1359 1587 1392; x_wconf 79' lang='lat' dir='ltr'>sedi-</span> 
     </span>
     <span class='ocr_line' id='line_1_83' title="bbox 878 1403 1589 1448; baseline 0.001 -13"><span class='ocrx_word' id='word_1_552' title='bbox 878 1403 1015 1437; x_wconf 82' lang='lat' dir='ltr'>tionem</span> <span class='ocrx_word' id='word_1_553' title='bbox 1035 1403 1152 1448; x_wconf 85' lang='lat' dir='ltr'>missi]</span> <span class='ocrx_word' id='word_1_554' title='bbox 1168 1405 1299 1448; x_wconf 62' lang='lat' dir='ltr'>scrzpsi,</span> <span class='ocrx_word' id='word_1_555' title='bbox 1319 1410 1354 1437; x_wconf 82' lang='lat' dir='ltr'>ut</span> <span class='ocrx_word' id='word_1_556' title='bbox 1369 1405 1589 1448; x_wconf 79' lang='lat' dir='ltr'>quodammo-</span> 
     </span>
     <span class='ocr_line' id='line_1_84' title="bbox 876 1449 1588 1494; baseline 0.001 -13"><span class='ocrx_word' id='word_1_557' title='bbox 876 1450 917 1481; x_wconf 81' lang='lat' dir='ltr'>do</span> <span class='ocrx_word' id='word_1_558' title='bbox 939 1450 1004 1481; x_wconf 81' lang='lat' dir='ltr'><strong>lac.</strong></span> <span class='ocrx_word' id='word_1_559' title='bbox 1031 1450 1217 1493; x_wconf 70' lang='lat' dir='ltr'>explerem:</span> <span class='ocrx_word' id='word_1_560' title='bbox 1244 1453 1426 1483; x_wconf 89' lang='lat' dir='ltr'>venerunt</span> <span class='ocrx_word' id='word_1_561' title='bbox 1452 1449 1515 1494; x_wconf 88' lang='lat' dir='ltr'>qui</span> <span class='ocrx_word' id='word_1_562' title='bbox 1540 1449 1588 1482; x_wconf 88' lang='lat' dir='ltr'>ad</span> 
     </span>
     <span class='ocr_line' id='line_1_85' title="bbox 876 1493 1586 1539; baseline 0.003 -13"><span class='ocrx_word' id='word_1_563' title='bbox 876 1493 1101 1538; x_wconf 78' lang='lat' dir='ltr'>mitigandos</span> <span class='ocrx_word' id='word_1_564' title='bbox 1129 1495 1196 1539; x_wconf 67' lang='lat' dir='ltr'>(vel</span> <span class='ocrx_word' id='word_1_565' title='bbox 1222 1494 1493 1539; x_wconf 81' lang='lat' dir='ltr'>explorandos)</span> <span class='ocrx_word' id='word_1_566' title='bbox 1522 1505 1586 1528; x_wconf 86' lang='lat' dir='ltr'>eos</span> 
     </span>
     <span class='ocr_line' id='line_1_86' title="bbox 876 1538 1587 1585; baseline 0.003 -14"><span class='ocrx_word' id='word_1_567' title='bbox 876 1539 977 1572; x_wconf 83' lang='lat' dir='ltr'>missi</span> <span class='ocrx_word' id='word_1_568' title='bbox 994 1541 1033 1573; x_wconf 74' lang='lat' dir='ltr'>ci.</span> <span class='ocrx_word' id='word_1_569' title='bbox 1049 1539 1129 1573; x_wconf 85' lang='lat' dir='ltr'>Ww</span> <span class='ocrx_word' id='word_1_570' title='bbox 1144 1538 1207 1584; x_wconf 91' lang='lat' dir='ltr'>qui</span> <span class='ocrx_word' id='word_1_571' title='bbox 1220 1539 1251 1572; x_wconf 91' lang='lat' dir='ltr'>P</span> <span class='ocrx_word' id='word_1_572' title='bbox 1273 1546 1351 1573; x_wconf 59' lang='grc' dir='ltr'><em>[θεῖε</em></span> <span class='ocrx_word' id='word_1_573' title='bbox 1365 1541 1469 1573; x_wconf 63' lang='lat' dir='ltr'><strong>Beck.</strong></span> <span class='ocrx_word' id='word_1_574' title='bbox 1485 1539 1587 1585; x_wconf 84' lang='lat' dir='ltr'>(aqui</span> 
     </span>
     <span class='ocr_line' id='line_1_87' title="bbox 877 1584 1586 1630; baseline 0.001 -13"><span class='ocrx_word' id='word_1_575' title='bbox 877 1590 954 1618; x_wconf 72' lang='lat' dir='ltr'>leste</span> <span class='ocrx_word' id='word_1_576' title='bbox 971 1584 1049 1630; x_wconf 82' lang='lat' dir='ltr'><strong>Gr.)</strong></span> <span class='ocrx_word' id='word_1_577' title='bbox 1072 1584 1109 1617; x_wconf 88' lang='lat' dir='ltr'>M</span> <span class='ocrx_word' id='word_1_578' title='bbox 1129 1585 1230 1617; x_wconf 87' lang='lat' dir='ltr'>missi</span> <span class='ocrx_word' id='word_1_579' title='bbox 1250 1586 1336 1619; x_wconf 75' lang='lat' dir='ltr'>inter</span> <span class='ocrx_word' id='word_1_580' title='bbox 1356 1587 1402 1619; x_wconf 77' lang='lat' dir='ltr'>al.</span> <span class='ocrx_word' id='word_1_581' title='bbox 1424 1587 1453 1618; x_wconf 92' lang='lat' dir='ltr'>I.</span> <span class='ocrx_word' id='word_1_582' title='bbox 1469 1586 1506 1618; x_wconf 88' lang='lat' dir='ltr'>F.</span> <span class='ocrx_word' id='word_1_583' title='bbox 1524 1587 1586 1618; x_wconf 78' lang='lat' dir='ltr'>Gr.</span> 
     </span>
     <span class='ocr_line' id='line_1_88' title="bbox 881 1629 1587 1674; baseline 0.004 -12"><span class='ocrx_word' id='word_1_584' title='bbox 881 1631 891 1673; x_wconf 96' lang='grc' dir='ltr'>Η</span> <span class='ocrx_word' id='word_1_585' title='bbox 911 1629 974 1673; x_wconf 91' lang='lat' dir='ltr'>qui</span> <span class='ocrx_word' id='word_1_586' title='bbox 993 1630 1040 1663; x_wconf 84' lang='lat' dir='ltr'>ab</span> <span class='ocrx_word' id='word_1_587' title='bbox 1059 1630 1142 1674; x_wconf 87' lang='lat' dir='ltr'>ipso</span> <span class='ocrx_word' id='word_1_588' title='bbox 1159 1629 1331 1674; x_wconf 86' lang='lat' dir='ltr'>Scipione</span> <span class='ocrx_word' id='word_1_589' title='bbox 1348 1635 1434 1664; x_wconf 84' lang='lat' dir='ltr'>sunt</span> <span class='ocrx_word' id='word_1_590' title='bbox 1453 1630 1554 1664; x_wconf 84' lang='lat' dir='ltr'>missi</span> <span class='ocrx_word' id='word_1_591' title='bbox 1569 1645 1587 1666; x_wconf 82' lang='grc' dir='ltr'><em>ς</em></span> 
     </span>
     <span class='ocr_line' id='line_1_89' title="bbox 877 1674 1586 1720; baseline 0.001 -13"><span class='ocrx_word' id='word_1_592' title='bbox 877 1676 938 1719; x_wconf 89' lang='lat' dir='ltr'>qui</span> <span class='ocrx_word' id='word_1_593' title='bbox 952 1675 999 1708; x_wconf 86' lang='lat' dir='ltr'>ab</span> <span class='ocrx_word' id='word_1_594' title='bbox 1015 1675 1095 1719; x_wconf 84' lang='lat' dir='ltr'>ipso</span> <span class='ocrx_word' id='word_1_595' title='bbox 1113 1674 1286 1720; x_wconf 81' lang='lat' dir='ltr'>Scipione</span> <span class='ocrx_word' id='word_1_596' title='bbox 1309 1681 1395 1709; x_wconf 84' lang='lat' dir='ltr'>sunt</span> <span class='ocrx_word' id='word_1_597' title='bbox 1412 1675 1512 1709; x_wconf 83' lang='lat' dir='ltr'>missi</span> <span class='ocrx_word' id='word_1_598' title='bbox 1528 1687 1586 1709; x_wconf 83' lang='lat' dir='ltr'>su-</span> 
     </span>
     <span class='ocr_line' id='line_1_90' title="bbox 874 1720 1584 1766; baseline 0.001 -13"><span class='ocrx_word' id='word_1_599' title='bbox 874 1724 1127 1763; x_wconf 89' lang='lat' dir='ltr'>peruenerunt</span> <span class='ocrx_word' id='word_1_600' title='bbox 1140 1735 1157 1757; x_wconf 78' lang='grc' dir='ltr'><em>ς</em></span> <span class='ocrx_word' id='word_1_601' title='bbox 1176 1721 1222 1754; x_wconf 89' lang='lat' dir='ltr'>ab</span> <span class='ocrx_word' id='word_1_602' title='bbox 1237 1721 1319 1766; x_wconf 87' lang='lat' dir='ltr'>ipso</span> <span class='ocrx_word' id='word_1_603' title='bbox 1336 1720 1509 1765; x_wconf 63' lang='lat' dir='ltr'>Scipione</span> <span class='ocrx_word' id='word_1_604' title='bbox 1526 1733 1584 1754; x_wconf 88' lang='lat' dir='ltr'>su-</span> 
     </span>
     <span class='ocr_line' id='line_1_91' title="bbox 876 1766 1586 1810; baseline 0.003 -12"><span class='ocrx_word' id='word_1_605' title='bbox 876 1770 1125 1809; x_wconf 87' lang='lat' dir='ltr'>peruenerunt</span> <span class='ocrx_word' id='word_1_606' title='bbox 1154 1766 1255 1799; x_wconf 82' lang='lat' dir='ltr'>missi</span> <span class='ocrx_word' id='word_1_607' title='bbox 1279 1780 1297 1803; x_wconf 82' lang='grc' dir='ltr'><em>ς</em></span> <span class='ocrx_word' id='word_1_608' title='bbox 1328 1767 1375 1800; x_wconf 86' lang='lat' dir='ltr'>ab</span> <span class='ocrx_word' id='word_1_609' title='bbox 1407 1767 1489 1810; x_wconf 90' lang='lat' dir='ltr'>ipso</span> <span class='ocrx_word' id='word_1_610' title='bbox 1513 1766 1586 1800; x_wconf 81' lang='lat' dir='ltr'>Sci-</span> 
     </span>
     <span class='ocr_line' id='line_1_92' title="bbox 875 1811 1588 1856; baseline 0.001 -13"><span class='ocrx_word' id='word_1_611' title='bbox 875 1811 986 1854; x_wconf 89' lang='lat' dir='ltr'>pione</span> <span class='ocrx_word' id='word_1_612' title='bbox 1011 1811 1113 1844; x_wconf 80' lang='lat' dir='ltr'>missi</span> <span class='ocrx_word' id='word_1_613' title='bbox 1146 1816 1231 1845; x_wconf 83' lang='lat' dir='ltr'>sunt</span> <span class='ocrx_word' id='word_1_614' title='bbox 1257 1812 1319 1856; x_wconf 76' lang='lat' dir='ltr'>(sic</span> <span class='ocrx_word' id='word_1_615' title='bbox 1345 1812 1465 1852; x_wconf 73' lang='lat' dir='ltr'><strong>Ccml.,·</strong></span> <span class='ocrx_word' id='word_1_616' title='bbox 1502 1816 1588 1845; x_wconf 90' lang='lat' dir='ltr'>sunt</span> 
     </span>
     <span class='ocr_line' id='line_1_93' title="bbox 876 1856 1587 1902; baseline 0.003 -14"><span class='ocrx_word' id='word_1_617' title='bbox 876 1856 976 1888; x_wconf 81' lang='lat' dir='ltr'>missi</span> <span class='ocrx_word' id='word_1_618' title='bbox 996 1857 1057 1901; x_wconf 79' lang='lat' dir='ltr'><strong>al.)</strong></span> <span class='ocrx_word' id='word_1_619' title='bbox 1081 1871 1109 1893; x_wconf 84' lang='grc' dir='ltr'>ς.</span> <span class='ocrx_word' id='word_1_620' title='bbox 1130 1857 1140 1902; x_wconf 97' lang='grc' dir='ltr'>Η</span> <span class='ocrx_word' id='word_1_621' title='bbox 1163 1856 1195 1890; x_wconf 84' lang='grc'>4.</span> <span class='ocrx_word' id='word_1_622' title='bbox 1217 1857 1338 1890; x_wconf 86' lang='lat' dir='ltr'>animo</span> <span class='ocrx_word' id='word_1_623' title='bbox 1354 1857 1424 1890; x_wconf 80' lang='grc' dir='ltr'>ΜΒ</span> <span class='ocrx_word' id='word_1_624' title='bbox 1445 1856 1587 1891; x_wconf 88' lang='lat' dir='ltr'>animos</span> 
     </span>
     <span class='ocr_line' id='line_1_94' title="bbox 876 1901 1586 1947; baseline 0.003 -14"><span class='ocrx_word' id='word_1_625' title='bbox 876 1912 919 1934; x_wconf 88' lang='lat' dir='ltr'>m.</span> <span class='ocrx_word' id='word_1_626' title='bbox 937 1901 948 1946; x_wconf 96' lang='grc' dir='ltr'>Η</span> <span class='ocrx_word' id='word_1_627' title='bbox 967 1901 998 1935; x_wconf 81' lang='lat'>5.</span> <span class='ocrx_word' id='word_1_628' title='bbox 1013 1901 1124 1945; x_wconf 90' lang='lat' dir='ltr'>enim]</span> <span class='ocrx_word' id='word_1_629' title='bbox 1143 1913 1224 1936; x_wconf 81' lang='lat' dir='ltr'>euin</span> <span class='ocrx_word' id='word_1_630' title='bbox 1238 1903 1275 1935; x_wconf 85' lang='lat' dir='ltr'>P.</span> <span class='ocrx_word' id='word_1_631' title='bbox 1293 1902 1304 1947; x_wconf 96' lang='grc' dir='ltr'>Η</span> <span class='ocrx_word' id='word_1_632' title='bbox 1325 1906 1586 1946; x_wconf 83' lang='lat' dir='ltr'>pcrcunctates</span> 
     </span>
     <span class='ocr_line' id='line_1_95' title="bbox 874 1946 1578 1992; baseline 0.001 -13"><span class='ocrx_word' id='word_1_633' title='bbox 874 1946 911 1979; x_wconf 87' lang='lat' dir='ltr'>P.</span> <span class='ocrx_word' id='word_1_634' title='bbox 932 1947 943 1991; x_wconf 97' lang='grc' dir='ltr'>Η</span> <span class='ocrx_word' id='word_1_635' title='bbox 961 1947 991 1980; x_wconf 83' lang='grc'>6.</span> <span class='ocrx_word' id='word_1_636' title='bbox 1008 1948 1224 1991; x_wconf 78' lang='lat' dir='ltr'>exercitum]</span> <span class='ocrx_word' id='word_1_637' title='bbox 1241 1949 1288 1980; x_wconf 66' lang='lat' dir='ltr'>sic</span> <span class='ocrx_word' id='word_1_638' title='bbox 1301 1948 1329 1981; x_wconf 93' lang='lat' dir='ltr'>P</span> <span class='ocrx_word' id='word_1_639' title='bbox 1343 1954 1420 1981; x_wconf 79' lang='lat' dir='ltr'>tesle</span> <span class='ocrx_word' id='word_1_640' title='bbox 1435 1949 1548 1981; x_wconf 66' lang='lat' dir='ltr'>Alselz.</span> <span class='ocrx_word' id='word_1_641' title='bbox 1567 1948 1578 1992; x_wconf 97' lang='grc' dir='ltr'>Η</span> 
     </span>
     <span class='ocr_line' id='line_1_96' title="bbox 876 1991 1585 2036; baseline 0.001 -12"><span class='ocrx_word' id='word_1_642' title='bbox 876 1991 908 2025; x_wconf 82' lang='grc'>7.</span> <span class='ocrx_word' id='word_1_643' title='bbox 924 2003 1026 2025; x_wconf 86' lang='lat' dir='ltr'>reum</span> <span class='ocrx_word' id='word_1_644' title='bbox 1041 1992 1268 2036; x_wconf 79' lang='lat' dir='ltr'>benigniteP</span> <span class='ocrx_word' id='word_1_645' title='bbox 1282 2004 1401 2026; x_wconf 88' lang='lat' dir='ltr'>rerum</span> <span class='ocrx_word' id='word_1_646' title='bbox 1417 1992 1585 2036; x_wconf 82' lang='lat' dir='ltr'>benigni—</span> 
     </span>
     <span class='ocr_line' id='line_1_97' title="bbox 875 2037 1584 2083; baseline -0.001 -13"><span class='ocrx_word' id='word_1_647' title='bbox 875 2041 951 2070; x_wconf 86' lang='lat' dir='ltr'>tate</span> <span class='ocrx_word' id='word_1_648' title='bbox 967 2037 1005 2071; x_wconf 88' lang='lat' dir='ltr'>M</span> <span class='ocrx_word' id='word_1_649' title='bbox 1023 2038 1119 2071; x_wconf 74' lang='lat' dir='ltr'>Cant.</span> <span class='ocrx_word' id='word_1_650' title='bbox 1138 2038 1148 2083; x_wconf 96' lang='grc' dir='ltr'>Η</span> <span class='ocrx_word' id='word_1_651' title='bbox 1168 2049 1244 2071; x_wconf 88' lang='lat' dir='ltr'>rem</span> <span class='ocrx_word' id='word_1_652' title='bbox 1260 2038 1465 2082; x_wconf 85' lang='lat' dir='ltr'>publicam]</span> <span class='ocrx_word' id='word_1_653' title='bbox 1481 2052 1498 2073; x_wconf 84' lang='grc' dir='ltr'><em>ς</em></span> <span class='ocrx_word' id='word_1_654' title='bbox 1512 2039 1584 2070; x_wconf 78' lang='lat' dir='ltr'>edd.</span> 
     </span>
     <span class='ocr_line' id='line_1_98' title="bbox 876 2082 1584 2128; baseline 0.001 -14"><span class='ocrx_word' id='word_1_655' title='bbox 876 2088 966 2115; x_wconf 61' lang='lat' dir='ltr'>vett:</span> <span class='ocrx_word' id='word_1_656' title='bbox 983 2083 1036 2116; x_wconf 89' lang='lat' dir='ltr'>rei</span> <span class='ocrx_word' id='word_1_657' title='bbox 1049 2082 1338 2128; x_wconf 47' lang='lat' dir='ltr'>publicaegreipi</span> <span class='ocrx_word' id='word_1_658' title='bbox 1355 2084 1396 2127; x_wconf 84' lang='lat' dir='ltr'>P)</span> <span class='ocrx_word' id='word_1_659' title='bbox 1407 2083 1474 2115; x_wconf 84' lang='lat' dir='ltr'>PM</span> <span class='ocrx_word' id='word_1_660' title='bbox 1486 2084 1584 2116; x_wconf 74' lang='lat' dir='ltr'>Cant.</span> 
     </span>
     <span class='ocr_line' id='line_1_99' title="bbox 875 2127 1584 2173; baseline 0 -13"><span class='ocrx_word' id='word_1_661' title='bbox 875 2129 951 2161; x_wconf 83' lang='lat' dir='ltr'>rell.</span> <span class='ocrx_word' id='word_1_662' title='bbox 976 2127 1049 2170; x_wconf 79' lang='lat' dir='ltr'>fere</span> <span class='ocrx_word' id='word_1_663' title='bbox 1075 2140 1188 2161; x_wconf 71' lang='lat' dir='ltr'>onmes</span> <span class='ocrx_word' id='word_1_664' title='bbox 1215 2127 1226 2173; x_wconf 94' lang='grc' dir='ltr'>Η</span> <span class='ocrx_word' id='word_1_665' title='bbox 1258 2128 1288 2160; x_wconf 78' lang='lat' dir='ltr'>S.</span> <span class='ocrx_word' id='word_1_666' title='bbox 1315 2128 1429 2161; x_wconf 86' lang='lat' dir='ltr'>habet</span> <span class='ocrx_word' id='word_1_667' title='bbox 1448 2128 1487 2160; x_wconf 80' lang='grc' dir='ltr'>Β.</span> <span class='ocrx_word' id='word_1_668' title='bbox 1514 2128 1525 2172; x_wconf 95' lang='grc' dir='ltr'>Η</span> <span class='ocrx_word' id='word_1_669' title='bbox 1553 2128 1584 2160; x_wconf 82' lang='grc'>9.</span> 
     </span>
     <span class='ocr_line' id='line_1_100' title="bbox 875 2172 1582 2218; baseline 0.001 -14"><span class='ocrx_word' id='word_1_670' title='bbox 875 2172 976 2205; x_wconf 86' lang='lat' dir='ltr'>missi</span> <span class='ocrx_word' id='word_1_671' title='bbox 1002 2186 1020 2209; x_wconf 81' lang='grc' dir='ltr'><em>ς</em></span> <span class='ocrx_word' id='word_1_672' title='bbox 1044 2172 1193 2217; x_wconf 53' lang='grc' dir='ltr'>((οφηηεε</span> <span class='ocrx_word' id='word_1_673' title='bbox 1220 2173 1327 2207; x_wconf 58' lang='lat' dir='ltr'>Gall]</span> <span class='ocrx_word' id='word_1_674' title='bbox 1354 2179 1432 2206; x_wconf 76' lang='lat' dir='ltr'>teste</span> <span class='ocrx_word' id='word_1_675' title='bbox 1461 2174 1540 2218; x_wconf 75' lang='lat' dir='ltr'><strong>(ir.)</strong></span> <span class='ocrx_word' id='word_1_676' title='bbox 1571 2174 1582 2216; x_wconf 96' lang='grc' dir='ltr'>Η</span> 
     </span>
     <span class='ocr_line' id='line_1_101' title="bbox 875 2216 1584 2251; baseline 0.001 -2"><span class='ocrx_word' id='word_1_677' title='bbox 875 2216 976 2249; x_wconf 84' lang='lat' dir='ltr'>missi</span> <span class='ocrx_word' id='word_1_678' title='bbox 1001 2243 1008 2250; x_wconf 91' lang='lat'>.</span> <span class='ocrx_word' id='word_1_679' title='bbox 1023 2243 1030 2250; x_wconf 96' lang='lat'>.</span> <span class='ocrx_word' id='word_1_680' title='bbox 1046 2221 1237 2251; x_wconf 75' lang='lat' dir='ltr'>exactores</span> <span class='ocrx_word' id='word_1_681' title='bbox 1253 2244 1260 2250; x_wconf 96' lang='lat'>.</span> <span class='ocrx_word' id='word_1_682' title='bbox 1276 2243 1283 2250; x_wconf 95' lang='lat'>.</span> <span class='ocrx_word' id='word_1_683' title='bbox 1298 2218 1420 2251; x_wconf 85' lang='lat' dir='ltr'>fecere</span> <span class='ocrx_word' id='word_1_684' title='bbox 1435 2219 1463 2250; x_wconf 92' lang='lat' dir='ltr'>I.</span> <span class='ocrx_word' id='word_1_685' title='bbox 1472 2218 1509 2250; x_wconf 80' lang='lat' dir='ltr'>F.</span> <span class='ocrx_word' id='word_1_686' title='bbox 1522 2218 1584 2251; x_wconf 81' lang='lat' dir='ltr'>Gr.</span> 
     </span>
     <span class='ocr_line' id='line_1_102' title="bbox 883 2261 1584 2308; baseline 0.001 -13"><span class='ocrx_word' id='word_1_687' title='bbox 883 2264 893 2306; x_wconf 95' lang='grc' dir='ltr'>Η</span> <span class='ocrx_word' id='word_1_688' title='bbox 912 2261 1050 2304; x_wconf 85' lang='lat' dir='ltr'>facere]</span> <span class='ocrx_word' id='word_1_689' title='bbox 1072 2262 1145 2298; x_wconf 63' lang='lat' dir='ltr'>Mg:</span> <span class='ocrx_word' id='word_1_690' title='bbox 1166 2262 1287 2296; x_wconf 90' lang='lat' dir='ltr'>fecere</span> <span class='ocrx_word' id='word_1_691' title='bbox 1308 2263 1366 2300; x_wconf 81' lang='grc' dir='ltr'>Ρς.</span> <span class='ocrx_word' id='word_1_692' title='bbox 1383 2262 1394 2308; x_wconf 96' lang='grc' dir='ltr'>Η</span> <span class='ocrx_word' id='word_1_693' title='bbox 1415 2263 1467 2296; x_wconf 87' lang='grc'>10.</span> <span class='ocrx_word' id='word_1_694' title='bbox 1487 2262 1584 2306; x_wconf 87' lang='lat' dir='ltr'>posi-</span> 
     </span>
     <span class='ocr_line' id='line_1_103' title="bbox 875 2307 1586 2353; baseline 0.003 -14"><span class='ocrx_word' id='word_1_695' title='bbox 875 2310 951 2339; x_wconf 86' lang='lat' dir='ltr'>tum</span> <span class='ocrx_word' id='word_1_696' title='bbox 965 2307 1052 2349; x_wconf 72' lang='lat' dir='ltr'>libri,</span> <span class='ocrx_word' id='word_1_697' title='bbox 1064 2318 1149 2350; x_wconf 76' lang='lat' dir='ltr'>pars</span> <span class='ocrx_word' id='word_1_698' title='bbox 1162 2309 1234 2340; x_wconf 71' lang='lat' dir='ltr'>edel.</span> <span class='ocrx_word' id='word_1_699' title='bbox 1255 2314 1329 2341; x_wconf 78' lang='lat' dir='ltr'>velt.</span> <span class='ocrx_word' id='word_1_700' title='bbox 1350 2309 1361 2353; x_wconf 98' lang='grc' dir='ltr'>Η</span> <span class='ocrx_word' id='word_1_701' title='bbox 1381 2310 1479 2352; x_wconf 87' lang='lat' dir='ltr'>[per]</span> <span class='ocrx_word' id='word_1_702' title='bbox 1501 2319 1586 2352; x_wconf 88' lang='lat' dir='ltr'>par-</span> 
     </span>
     <span class='ocr_line' id='line_1_104' title="bbox 876 2352 1583 2398; baseline 0.006 -15"><span class='ocrx_word' id='word_1_703' title='bbox 876 2355 930 2384; x_wconf 87' lang='lat' dir='ltr'>tes</span> <span class='ocrx_word' id='word_1_704' title='bbox 951 2352 990 2384; x_wconf 79' lang='lat' dir='ltr'>ci.</span> <span class='ocrx_word' id='word_1_705' title='bbox 1012 2352 1104 2386; x_wconf 80' lang='lat' dir='ltr'>ww.</span> <span class='ocrx_word' id='word_1_706' title='bbox 1128 2352 1139 2396; x_wconf 97' lang='grc' dir='ltr'>Η</span> <span class='ocrx_word' id='word_1_707' title='bbox 1166 2353 1218 2385; x_wconf 88' lang='grc'>11.</span> <span class='ocrx_word' id='word_1_708' title='bbox 1245 2353 1583 2398; x_wconf 75' lang='lat' dir='ltr'>quiescerebellan—</span> 
     </span>
     <span class='ocr_line' id='line_1_105' title="bbox 875 2395 1575 2443; baseline 0.007 -16"><span class='ocrx_word' id='word_1_709' title='bbox 875 2395 963 2428; x_wconf 85' lang='lat' dir='ltr'>tium</span> <span class='ocrx_word' id='word_1_710' title='bbox 979 2396 1045 2439; x_wconf 89' lang='lat' dir='ltr'>Pp.</span> <span class='ocrx_word' id='word_1_711' title='bbox 1062 2396 1074 2442; x_wconf 97' lang='grc' dir='ltr'>Η</span> <span class='ocrx_word' id='word_1_712' title='bbox 1100 2398 1153 2430; x_wconf 77' lang='lat'>13.</span> <span class='ocrx_word' id='word_1_713' title='bbox 1173 2397 1357 2443; x_wconf 84' lang='lat' dir='ltr'>(consilia)</span> <span class='ocrx_word' id='word_1_714' title='bbox 1378 2400 1408 2431; x_wconf 84' lang='lat' dir='ltr'>l.</span> <span class='ocrx_word' id='word_1_715' title='bbox 1423 2399 1460 2431; x_wconf 82' lang='lat' dir='ltr'>F.</span> <span class='ocrx_word' id='word_1_716' title='bbox 1477 2398 1539 2432; x_wconf 81' lang='lat' dir='ltr'>Gr.</span> <span class='ocrx_word' id='word_1_717' title='bbox 1564 2400 1575 2443; x_wconf 91' lang='grc' dir='ltr'>Η</span> 
     </span>
     <span class='ocr_line' id='line_1_106' title="bbox 877 2440 1578 2487; baseline 0.006 -15"><span class='ocrx_word' id='word_1_718' title='bbox 877 2440 928 2472; x_wconf 84' lang='lat'>14.</span> <span class='ocrx_word' id='word_1_719' title='bbox 945 2440 1120 2475; x_wconf 85' lang='lat' dir='ltr'>faciunda</span> <span class='ocrx_word' id='word_1_720' title='bbox 1132 2442 1161 2475; x_wconf 92' lang='lat' dir='ltr'>P</span> <span class='ocrx_word' id='word_1_721' title='bbox 1181 2442 1368 2477; x_wconf 87' lang='lat' dir='ltr'>foecunda</span> <span class='ocrx_word' id='word_1_722' title='bbox 1385 2443 1550 2476; x_wconf 57' lang='lat' dir='ltr'>Duker-us</span> <span class='ocrx_word' id='word_1_723' title='bbox 1568 2445 1578 2487; x_wconf 94' lang='grc' dir='ltr'>Η</span> 
     </span>
     <span class='ocr_line' id='line_1_107' title="bbox 876 2485 1583 2530; baseline 0.007 -13"><span class='ocrx_word' id='word_1_724' title='bbox 876 2485 1015 2528; x_wconf 85' lang='lat' dir='ltr'>XXVI,</span> <span class='ocrx_word' id='word_1_725' title='bbox 1030 2486 1062 2519; x_wconf 92' lang='grc'>1.</span> <span class='ocrx_word' id='word_1_726' title='bbox 1080 2487 1124 2521; x_wconf 88' lang='lat' dir='ltr'>de</span> <span class='ocrx_word' id='word_1_727' title='bbox 1139 2487 1186 2530; x_wconf 91' lang='lat' dir='ltr'>is]</span> <span class='ocrx_word' id='word_1_728' title='bbox 1208 2488 1237 2521; x_wconf 90' lang='lat' dir='ltr'>P</span> <span class='ocrx_word' id='word_1_729' title='bbox 1262 2494 1339 2522; x_wconf 77' lang='lat' dir='ltr'>teste</span> <span class='ocrx_word' id='word_1_730' title='bbox 1357 2490 1488 2522; x_wconf 77' lang='lat' dir='ltr'><strong>Alsch..·</strong></span> <span class='ocrx_word' id='word_1_731' title='bbox 1502 2491 1517 2507; x_wconf 83' lang='lat'>*</span> <span class='ocrx_word' id='word_1_732' title='bbox 1537 2489 1583 2522; x_wconf 85' lang='lat' dir='ltr'>de</span> 
     </span>
     <span class='ocr_line' id='line_1_108' title="bbox 876 2530 1583 2578; baseline 0.007 -16"><span class='ocrx_word' id='word_1_733' title='bbox 876 2531 927 2563; x_wconf 87' lang='lat' dir='ltr'>eis</span> <span class='ocrx_word' id='word_1_734' title='bbox 941 2530 971 2563; x_wconf 93' lang='lat' dir='ltr'>P</span> <span class='ocrx_word' id='word_1_735' title='bbox 988 2537 1065 2565; x_wconf 79' lang='lat' dir='ltr'>teste</span> <span class='ocrx_word' id='word_1_736' title='bbox 1074 2533 1178 2566; x_wconf 73' lang='lat' dir='ltr'><strong>Beck.</strong></span> <span class='ocrx_word' id='word_1_737' title='bbox 1195 2533 1206 2578; x_wconf 97' lang='grc' dir='ltr'>Η</span> <span class='ocrx_word' id='word_1_738' title='bbox 1226 2532 1258 2566; x_wconf 82' lang='lat'>4.</span> <span class='ocrx_word' id='word_1_739' title='bbox 1268 2534 1423 2577; x_wconf 84' lang='lat' dir='ltr'>dierum]</span> <span class='ocrx_word' id='word_1_740' title='bbox 1433 2544 1583 2568; x_wconf 87' lang='lat' dir='ltr'>aeorum</span> 
     </span>
     <span class='ocr_line' id='line_1_109' title="bbox 874 2575 1581 2624; baseline 0.006 -16"><span class='ocrx_word' id='word_1_741' title='bbox 874 2575 902 2608; x_wconf 91' lang='lat' dir='ltr'>P</span> <span class='ocrx_word' id='word_1_742' title='bbox 916 2586 1042 2610; x_wconf 87' lang='lat' dir='ltr'>eorum</span> <span class='ocrx_word' id='word_1_743' title='bbox 1058 2577 1093 2609; x_wconf 84' lang='lat' dir='ltr'>M</span> <span class='ocrx_word' id='word_1_744' title='bbox 1109 2578 1206 2611; x_wconf 69' lang='lat' dir='ltr'>Cant.</span> <span class='ocrx_word' id='word_1_745' title='bbox 1227 2578 1238 2624; x_wconf 96' lang='grc' dir='ltr'>Η</span> <span class='ocrx_word' id='word_1_746' title='bbox 1255 2579 1286 2612; x_wconf 89' lang='grc'>6.</span> <span class='ocrx_word' id='word_1_747' title='bbox 1303 2579 1445 2623; x_wconf 85' lang='lat' dir='ltr'>sopitos</span> <span class='ocrx_word' id='word_1_748' title='bbox 1461 2591 1524 2612; x_wconf 85' lang='lat' dir='ltr'>om.</span> <span class='ocrx_word' id='word_1_749' title='bbox 1538 2579 1581 2612; x_wconf 92' lang='lat' dir='ltr'>P.</span> 
     </span>
     <span class='ocr_line' id='line_1_110' title="bbox 882 2621 1579 2668; baseline 0.007 -15"><span class='ocrx_word' id='word_1_750' title='bbox 882 2621 892 2663; x_wconf 93' lang='grc' dir='ltr'>Η</span> <span class='ocrx_word' id='word_1_751' title='bbox 909 2621 939 2654; x_wconf 83' lang='grc'>9.</span> <span class='ocrx_word' id='word_1_752' title='bbox 962 2621 1175 2656; x_wconf 76' lang='lat' dir='ltr'>euenissent</span> <span class='ocrx_word' id='word_1_753' title='bbox 1193 2623 1232 2656; x_wconf 91' lang='lat' dir='ltr'>P.</span> <span class='ocrx_word' id='word_1_754' title='bbox 1255 2623 1266 2668; x_wconf 96' lang='grc' dir='ltr'>Η</span> <span class='ocrx_word' id='word_1_755' title='bbox 1293 2628 1421 2658; x_wconf 88' lang='lat' dir='ltr'>curent</span> <span class='ocrx_word' id='word_1_756' title='bbox 1439 2638 1457 2661; x_wconf 87' lang='grc' dir='ltr'><em>ς</em></span> <span class='ocrx_word' id='word_1_757' title='bbox 1477 2636 1579 2658; x_wconf 86' lang='lat' dir='ltr'>cura-</span> 
     </span>
     <span class='ocr_line' id='line_1_111' title="bbox 874 2667 1581 2714; baseline 0.006 -16"><span class='ocrx_word' id='word_1_758' title='bbox 874 2671 986 2703; x_wconf 70' lang='lat' dir='ltr'>rentg</span> <span class='ocrx_word' id='word_1_759' title='bbox 1000 2667 1122 2713; x_wconf 73' lang='lat' dir='ltr'><strong>(Hau.)</strong></span> <span class='ocrx_word' id='word_1_760' title='bbox 1142 2670 1152 2712; x_wconf 98' lang='grc' dir='ltr'>Η</span> <span class='ocrx_word' id='word_1_761' title='bbox 1172 2668 1227 2702; x_wconf 91' lang='grc'>11.</span> <span class='ocrx_word' id='word_1_762' title='bbox 1246 2669 1310 2714; x_wconf 60' lang='lat' dir='ltr'>(et)</span> <span class='ocrx_word' id='word_1_763' title='bbox 1332 2670 1360 2703; x_wconf 92' lang='lat' dir='ltr'>I.</span> <span class='ocrx_word' id='word_1_764' title='bbox 1376 2670 1423 2703; x_wconf 90' lang='lat' dir='ltr'>H.</span> <span class='ocrx_word' id='word_1_765' title='bbox 1446 2671 1581 2704; x_wconf 77' lang='lat' dir='ltr'>Vossius</span> 
     </span>
     <span class='ocr_line' id='line_1_112' title="bbox 882 2711 1581 2755; baseline 0.009 -12"><span class='ocrx_word' id='word_1_766' title='bbox 882 2711 892 2755; x_wconf 91' lang='grc' dir='ltr'>Η</span> <span class='ocrx_word' id='word_1_767' title='bbox 911 2711 962 2744; x_wconf 80' lang='lat'>14.</span> <span class='ocrx_word' id='word_1_768' title='bbox 984 2712 1097 2746; x_wconf 90' lang='lat' dir='ltr'>robor</span> <span class='ocrx_word' id='word_1_769' title='bbox 1117 2718 1154 2746; x_wconf 92' lang='lat' dir='ltr'>et</span> <span class='ocrx_word' id='word_1_770' title='bbox 1166 2713 1205 2747; x_wconf 91' lang='lat' dir='ltr'>M</span> <span class='ocrx_word' id='word_1_771' title='bbox 1218 2714 1353 2748; x_wconf 87' lang='lat' dir='ltr'>robure</span> <span class='ocrx_word' id='word_1_772' title='bbox 1367 2714 1398 2748; x_wconf 93' lang='lat' dir='ltr'>P</span> <span class='ocrx_word' id='word_1_773' title='bbox 1417 2715 1532 2749; x_wconf 87' lang='lat' dir='ltr'>rubor</span> <span class='ocrx_word' id='word_1_774' title='bbox 1545 2719 1581 2749; x_wconf 89' lang='lat' dir='ltr'>et</span> 
     </span>
     <span class='ocr_line' id='line_1_113' title="bbox 873 2756 1579 2805; baseline 0.006 -15"><span class='ocrx_word' id='word_1_775' title='bbox 873 2769 936 2793; x_wconf 58' lang='lat' dir='ltr'>ms.</span> <span class='ocrx_word' id='word_1_776' title='bbox 961 2756 974 2802; x_wconf 97' lang='grc' dir='ltr'>Η</span> <span class='ocrx_word' id='word_1_777' title='bbox 1000 2756 1166 2802; x_wconf 89' lang='lat' dir='ltr'>XXVII,</span> <span class='ocrx_word' id='word_1_778' title='bbox 1192 2758 1223 2792; x_wconf 81' lang='lat'>2.</span> <span class='ocrx_word' id='word_1_779' title='bbox 1254 2759 1478 2805; x_wconf 83' lang='lat' dir='ltr'>adloquerer</span> <span class='ocrx_word' id='word_1_780' title='bbox 1504 2771 1579 2794; x_wconf 89' lang='lat' dir='ltr'>cre-</span> 
     </span>
    </p>
   </div>
  </div>
 </body>
</html>
