1815 3184
247 540 285 569 lo

245 669 282 697 11

314 237 393 278 156
614 243 767 278 LIBER
791 235 941 287 XXIII,
967 245 1022 278 41.
1043 245 1096 278 42.
1125 245 1363 290 [a.u.e.539]

310 347 509 402 repetenti
551 347 726 387 occurrit
771 346 933 400 levique
975 347 1193 387 certamine
1236 347 1277 387 in
1319 348 1401 388 alto
1443 349 1664 390 commisso

311 416 467 462 septem
502 408 597 448 inde
635 423 762 449 naves
799 423 890 448 eum
930 408 1050 449 sociis
1082 408 1297 449 navalibus
1330 409 1448 463 cepit.
1509 417 1663 451 ceteras

310 478 443 510 metus
470 470 579 510 haud
606 484 725 510 secus
751 485 875 523 quam
901 477 1122 524 tempestas
1148 471 1303 524 passim
1330 471 1500 511 disiecit.

393 532 475 572 Per
505 532 672 572 eosdem
705 532 810 572 forte
841 532 927 572 dies
960 538 999 572 et
1023 531 1231 572 Bomilcar
1262 547 1356 572 cum
1388 532 1583 573 militibus
1614 533 1666 573 ad

312 593 641 646 supplementum
677 593 928 649 Carthagine
964 594 1102 634 missis
1139 594 1448 648 elephantisque
1480 602 1520 634 et
1555 609 1666 634 com—

310 662 447 695 meatu
482 655 642 696 Locros
680 656 866 696 accessit.
921 670 1044 708 quem
1080 662 1125 695 ut
1160 655 1369 696 incautum
1405 656 1664 710 opprimeret,

307 715 391 770 Ap.
426 716 625 758 Claudius
657 732 730 771 per
761 717 1061 757 simulationem
1093 717 1326 771 provinciae
1352 717 1665 758 circumeundae

307 777 549 819 Messanam
586 779 734 832 raptim
773 779 954 819 exercitu
995 778 1118 818 ducto
1160 786 1358 831 aestuque
1395 794 1469 819 suo
1505 779 1665 819 Locros

310 839 477 880 traiecit.
537 840 619 880 iam
655 840 749 880 inde
785 840 995 881 Bomilcar
1030 840 1082 880 ad
1116 840 1368 880 Hannonem
1404 841 1446 880 in
1482 839 1666 880 Bruttios

308 901 515 955 profectus
549 909 652 950 erat,
691 909 729 942 et
755 902 988 942 Locrenses
1020 909 1158 955 portas
1190 902 1389 942 Romanis
1421 902 1665 942 clauserunt.

308 963 472 1017 Appius
498 978 649 1018 magno
676 972 824 1003 conatu
849 964 961 1003 nulla
986 978 1029 1004 re
1054 970 1171 1018 gesta
1196 963 1438 1004 BIessanam
1469 964 1627 1018 repetit.

393 1024 555 1064 Eadem
592 1032 747 1065 aestate
784 1025 1007 1065 Marcellus
1044 1025 1095 1066 ab
1132 1025 1255 1074 Nola,
1304 1039 1427 1078 quam
1463 1025 1667 1079 praesidio

309 1085 536 1135 obtinebat,
587 1086 750 1127 crebras
793 1087 1056 1127 excursiones
1099 1087 1140 1126 in
1176 1102 1322 1141 agrum
1357 1087 1581 1141 Hirpinum
1629 1094 1669 1127 et

312 1146 519 1188 Samnites
554 1146 764 1188 Caudinos
797 1148 893 1188 feeit
924 1149 1108 1201 adeoque
1135 1149 1271 1188 omnia
1302 1148 1408 1188 ferro
1434 1156 1556 1201 atque
1581 1148 1669 1203 igni

309 1210 505 1258 vastavit,
549 1216 594 1249 ut
624 1210 881 1262 antiquarum
915 1210 1092 1250 cladium
1126 1210 1295 1250 Samnio
1332 1210 1569 1251 memoriam
1605 1225 1668 1250 re-

309 1278 490 1311 novaret.

393 1332 645 1373 XXXXII.
672 1333 818 1386 Itaque
833 1333 1038 1387 extemplo
1052 1333 1176 1388 legati
1191 1333 1242 1373 ad
1256 1333 1537 1374 Hannibalem
1552 1334 1668 1374 missi

310 1394 430 1434 simul
456 1409 505 1434 ex
525 1402 696 1448 utraque
728 1402 849 1449 gente
880 1395 936 1435 ita
950 1395 1138 1435 Poenum
1170 1394 1349 1434 adlocuti
1369 1403 1480 1435 sunt:
1509 1395 1667 1436 ‘hostes

307 1456 449 1510 populi
474 1456 670 1504 Romani,
719 1456 954 1505 Hannibal,
993 1456 1147 1495 fuimus
1174 1456 1351 1509 primum
1376 1471 1449 1510 per
1474 1471 1550 1497 nos
1576 1457 1667 1510 ipsi,

309 1518 446 1570 quoad
466 1526 605 1558 nostra
625 1533 755 1566 arma,
782 1526 945 1558 nostrae
960 1518 1066 1557 vires
1088 1532 1161 1557 nos
1184 1517 1305 1557 tutari
1324 1526 1523 1571 poterant.
1555 1526 1668 1573 post-

309 1593 432 1631 quam
451 1579 513 1619 his
535 1595 680 1634 parum
694 1579 941 1627 fidebamus,
970 1579 1130 1633 Pyrrho
1150 1579 1237 1633 regi
1251 1594 1325 1619 nos
1342 1580 1617 1629 adiunximus,
1645 1596 1670 1621 a

309 1655 389 1693 quo
410 1641 540 1680 relicti
560 1656 703 1695 pacem
723 1641 999 1681 necessariam
1014 1641 1266 1694 accepimus,
1316 1641 1552 1694 fuimusque
1566 1642 1607 1681 in
1622 1657 1670 1682 ea,

307 1716 380 1755 per
410 1717 538 1742 annos
568 1717 696 1757 prope
729 1702 1027 1757 quinquaginta
1063 1703 1114 1743 ad
1150 1703 1192 1742 id
1223 1710 1403 1757 tempus,
1442 1718 1522 1756 quo
1554 1710 1597 1743 tu
1627 1704 1669 1743 in

307 1763 470 1804 Italiam
507 1764 667 1805 venisti.
740 1772 811 1805 tua
846 1780 920 1805 nos
958 1779 1040 1805 non
1077 1764 1208 1819 magis
1251 1765 1380 1805 virtus
1423 1764 1669 1818 fortunaque

307 1840 430 1878 quam
466 1826 587 1867 unica
625 1827 796 1867 comitas
841 1842 888 1866 ae
929 1826 1161 1881 benignitas
1205 1841 1303 1880 erga
1345 1826 1454 1866 cives
1491 1833 1666 1875 nostros,

307 1902 410 1940 quos
437 1896 578 1942 captos
605 1888 721 1929 nobis
747 1888 959 1936 remisisti,
986 1889 1042 1928 ita
1063 1888 1293 1928 conciliavit
1313 1887 1404 1936 tibi,
1432 1894 1476 1927 ut
1494 1895 1533 1928 te
1554 1887 1668 1928 salvo

308 1957 429 2003 atque
455 1950 651 1990 ineolumi
678 1950 809 1990 amico
835 1965 917 1990 non
942 1950 1065 1990 modo
1090 1949 1288 2003 populum
1315 1949 1566 1998 Romanum,
1595 1950 1668 1989 sed

308 2026 358 2052 ne
384 2012 481 2052 deos
508 2012 675 2065 quidem
699 2012 842 2060 iratos,
871 2011 905 2051 si
929 2011 992 2052 fas
1019 2018 1081 2052 est
1106 2011 1204 2060 dici,
1225 2012 1474 2052 timeremus.
1512 2018 1553 2052 at
1576 2011 1669 2051 her-

308 2073 398 2114 cule
423 2088 506 2113 non
532 2074 666 2114 solum
690 2073 885 2113 incolumi
911 2080 950 2113 et
968 2074 1139 2122 victore,
1168 2073 1241 2113 sed
1260 2080 1474 2126 praesente
1494 2079 1546 2121 te,
1573 2087 1668 2113 cum

306 2135 510 2190 ploratum
530 2150 657 2190 prope
678 2136 900 2190 coniugum
921 2149 967 2175 ac
986 2135 1207 2175 liberorum
1226 2141 1459 2175 nostrorum
1473 2134 1668 2175 exaudire

308 2205 347 2237 et
365 2197 580 2251 flagrantia
606 2204 711 2237 tecta
730 2212 876 2251 posses
898 2197 1145 2250 conspicere,
1173 2197 1229 2237 ita
1254 2212 1396 2237 sumus
1423 2195 1666 2249 aliquotiens

306 2258 384 2299 hac
410 2266 564 2299 aestate
590 2259 809 2307 devastati,
838 2266 881 2298 ut
905 2258 966 2298 M.
992 2258 1236 2307 Blarcellus,
1263 2273 1345 2298 non
1369 2257 1582 2298 Hannibal
1606 2257 1667 2297 vi-

308 2321 414 2361 cisse
451 2320 503 2360 ad
541 2319 708 2361 Cannas
745 2321 932 2361 videatur
968 2320 1272 2375 glorienturque
1307 2319 1503 2368 Romani,
1540 2326 1579 2359 te
1616 2319 1668 2359 ad

309 2397 437 2422 unum
463 2382 585 2422 modo
616 2382 742 2422 ictum
769 2383 977 2437 vigentem
1009 2382 1119 2422 velut
1145 2382 1286 2422 aculeo
1313 2382 1463 2422 emisso
1495 2388 1666 2435 torpere.

309 2459 381 2498 per
406 2459 535 2484 annos
562 2451 726 2484 centum
759 2459 853 2484 cum
883 2444 1035 2498 populo
1060 2444 1249 2484 Romano
1282 2443 1436 2484 bellum
1461 2443 1667 2498 gessimus

308 2505 420 2546 nullo
447 2513 614 2546 externo
641 2505 769 2546 adiuti
793 2519 869 2546 nec
895 2506 998 2546 duce
1024 2520 1098 2546 nec
1125 2505 1324 2554 exercitu,
1356 2505 1435 2545 nisi
1461 2504 1572 2558 quod
1595 2517 1669 2557 per

310 2567 520 2608 biennium
556 2567 713 2622 Pyrrus
756 2575 894 2608 nostro
930 2568 1063 2622 magis
1102 2567 1228 2608 milite
1272 2582 1367 2608 suas
1411 2566 1524 2607 auxit
1560 2565 1666 2605 vires

311 2643 434 2681 quam
461 2629 545 2670 suis
571 2630 726 2670 viribus
752 2644 826 2670 nos
852 2629 1047 2670 defendit.
1108 2644 1190 2670 non
1221 2643 1298 2683 ego
1330 2628 1519 2669 secundis
1543 2625 1665 2666 rebus

310 2691 458 2731 nostris
484 2690 708 2744 gloriabor,
742 2692 843 2731 duos
871 2691 1060 2732 consules
1085 2705 1133 2731 ac
1158 2691 1260 2731 duos
1293 2689 1527 2731 consulares
1553 2701 1666 2727 exer-
