1815 3184
279 248 331 288 98
590 254 740 289 LIBER
766 255 898 298 XXII,
923 255 977 288 47.
996 254 1049 287 48.
1080 256 1127 296 [a.
1143 266 1177 288 11.
1194 265 1223 288 c.
1238 255 1319 297 538]

277 366 314 399 et
340 373 478 412 pugna
497 357 656 397 levibus
676 357 849 411 primum
872 356 993 396 armis
1015 355 1253 405 eommissa3
1280 356 1425 396 deinde
1446 358 1625 410 equitum

279 419 491 460 Gallorum
517 419 882 472 Hispanorumque
912 417 1075 457 laevum
1107 432 1232 457 cornu
1258 432 1351 457 cum
1376 419 1519 458 dextro
1543 419 1627 459 Ro-

278 495 397 520 mano
423 480 642 528 concurrit,
669 480 835 519 minime
861 479 1060 531 equestris
1087 493 1197 518 more
1218 493 1399 533 pugnae:
1426 479 1626 520 frontibus

278 543 383 582 enim
427 542 610 582 adversis
648 541 970 581 concurrendum
1009 547 1110 588 erat,
1156 540 1251 593 quia
1286 541 1398 580 nullo
1435 541 1541 581 circa
1577 542 1627 581 ad

277 603 536 658 evagandum
567 603 707 643 relicto
735 602 865 656 spatio
891 602 985 642 111110
1011 602 1161 649 111111115,
1192 602 1287 642 111110
1312 603 1494 656 peditum
1520 603 1627 643 acies

233 679 251 707 3
277 665 531 706 claudebant.
593 664 632 704 in
664 665 872 704 derectum
905 664 1106 716 utrimque
1137 664 1311 705 nitentes
1344 664 1544 705 stantibus
1582 679 1628 705 ae

277 727 468 767 confertis
499 734 706 780 postremo
739 725 857 766 turba
892 726 1007 779 equis
1044 727 1106 766 vir
1142 726 1273 766 virum
1311 727 1523 780 amplexus
1561 727 1628 766 (10-

276 788 461 829 trahebat
497 803 616 841 equo.
678 788 865 841 pedestre
903 803 1053 842 magna
1088 788 1168 827 iam
1200 804 1250 828 ex
1279 795 1393 842 parte
1425 795 1628 829 certarnen

276 851 430 891 sactum
462 858 565 899 erat3
604 851 736 891 acrius
768 858 905 890 tamen
938 864 1062 902 quam
1099 850 1251 890 diutius
1288 858 1518 904 pugnatum
1554 857 1627 898 est,

232 924 251 951 4
278 912 467 965 pulsique
504 912 680 952 Romani
717 911 874 964 equites
918 919 1033 965 terga
1075 918 1249 952 vertunt.
1311 912 1387 952 sub
1430 911 1627 965 equestris

276 974 399 1013 finem
426 974 658 1014 certaminis
685 980 823 1014 coorta
848 980 908 1014 est
934 974 1116 1027 peditum
1141 988 1294 1027 pugna,
1320 974 1451 1027 primo
1477 980 1515 1013 et
1535 973 1628 1013 viri—

277 1034 354 1074 bus
380 1042 419 1074 et
444 1035 588 1075 animis
616 1050 700 1088 par,
733 1035 830 1074 dum
858 1034 1100 1075 constabant
1127 1035 1288 1075 ordines
1317 1033 1448 1075 Gallis
1474 1034 1629 1088 Hispa-

232 1109 251 1137 1)
278 1096 439 1148 nisque3
466 1096 630 1135 tandem
645 1096 839 1144 Romani,
867 1096 936 1136 diu
956 1110 1002 1136 110
1024 1111 1144 1150 saepe
1172 1096 1318 1144 conisi,
1345 1110 1476 1148 aequa
1496 1096 1627 1136 fronte

277 1158 444 1210 acieque
486 1158 613 1198 densa
656 1158 837 1211 inpulere
880 1158 1060 1197 hostium
1097 1172 1270 1197 cuneum
1308 1158 1427 1198 nimis
1465 1166 1626 1198 tenuem

234 1230 252 1259 6
279 1234 408 1272 eoque
432 1234 577 1273 parum
596 1220 794 1267 validum,
822 1235 845 1259 a
870 1227 1002 1259 cetera
1028 1214 1323 1272 prominentem
1350 1220 1447 1259 acie.
1496 1220 1628 1274 inpul-

279 1281 334 1321 sis
371 1281 517 1321 deinde
554 1295 601 1321 ac
639 1282 793 1335 trepide
830 1281 1101 1322 referentibus
1138 1282 1284 1335 pedem
1326 1282 1531 1330 insistere,
1581 1296 1626 1322 ac

278 1351 416 1382 tenore
459 1357 540 1382 11110
582 1357 655 1396 per
695 1357 890 1396 praeceps
935 1357 1084 1396 pavore
1121 1342 1365 1397 fugientium
1404 1357 1552 1396 agmen
1586 1343 1627 1382 in

277 1404 452 1443 mediam
474 1404 650 1458 primum
676 1406 803 1444 aciem
830 1405 944 1444 inlati
969 1413 1176 1458 postremo
1202 1404 1313 1444 nullo
1338 1404 1551 1444 resistente
1577 1405 1627 1444 ad

234 1476 250 1504 7
279 1465 461 1505 subsidia
487 1466 684 1505 Afrorum
709 1473 999 1519 pervenerunt,
1027 1466 1096 1517 qui
1122 1466 1325 1518 utrimque
1350 1465 1528 1506 reductis
1554 1465 1628 1505 alis

277 1527 557 1575 constiterant,
590 1527 742 1575 media,
776 1541 857 1580 qua
884 1525 992 1567 Galli
1020 1526 1279 1580 Hispanique
1312 1533 1524 1575 steterant,
1558 1527 1630 1567 ali-

233 1599 251 1628 S
277 1596 474 1640 quantum
500 1589 752 1642 prominente
779 1588 877 1629 acie.
927 1588 996 1640 qui
1023 1602 1176 1628 cuncus
1203 1595 1246 1627 ut
1270 1588 1414 1642 pulsus
1440 1589 1630 1641 aequavit

277 1651 450 1690 frontem
488 1651 683 1703 primum,
727 1651 821 1690 dein
858 1650 1039 1690 cedendo
1076 1650 1197 1690 01111111
1235 1650 1368 1690 sinum
1411 1651 1451 1690 111
1494 1650 1628 1690 11101110

277 1711 404 1758 dedit,
432 1711 526 1751 Afri
551 1712 657 1751 circa
681 1711 762 1751 iam
788 1726 939 1751 cornua
969 1711 1168 1760 fecerant,
1200 1711 1538 1764 inruentibusque
1569 1712 1630 1752 in-

277 1780 393 1813 caute
414 1773 455 1812 in
474 1773 654 1812 medium
674 1773 872 1813 Romanis
899 1774 1201 1814 circumdedere
1228 1774 1331 1821 alas,
1358 1789 1455 1814 mox
1480 1788 1628 1814 cornua

231 1845 248 1875 9
276 1835 532 1875 extendendo
559 1835 740 1875 clausere
766 1843 805 1876 et
830 1835 881 1876 ab
908 1842 1023 1890 tergo
1047 1835 1190 1876 hostis.
1240 1836 1333 1875 hinc
1358 1835 1535 1876 Romani
1560 1836 1630 1875 de·-

275 1895 404 1935 functi
441 1896 689 1949 nequiquam
725 1897 879 1951 proelio
915 1912 1015 1946 uno,
1055 1897 1219 1938 omissis
1253 1896 1384 1938 Gallis
1409 1897 1630 1950 Hispanis-

275 1971 366 2009 que,
394 1971 567 2009 quorum
593 1965 708 2013 terga
733 1959 981 2007 ceciderant,
1009 1965 1047 1999 et
1067 1959 1264 1999 adversus
1279 1957 1407 1998 Afros
1428 1959 1627 2013 integram

212 2031 250 2060 10
274 2034 456 2074 pugnam
492 2021 652 2070 ineunt,
696 2036 778 2062 non
814 2028 971 2062 tantum
1009 2036 1057 2062 eo
1094 2022 1294 2074 iniquam,
1338 2021 1448 2074 quod
1482 2021 1628 2061 inclusi

275 2081 473 2123 adversus
500 2082 789 2131 circumfusos,
823 2084 896 2123 sed
922 2084 1043 2123 etiam
1069 2083 1179 2136 quod
1204 2083 1304 2123 fessi
1336 2097 1428 2123 cum
1458 2083 1629 2123 recenti-

276 2141 352 2183 bus
379 2158 426 2184 ae
450 2144 607 2198 vegetis
634 2144 888 2200 pugnabant.

234 2217 247 2244 1
359 2205 676 2246 XXXXVIII.
737 2206 827 2246 Iam
864 2214 902 2246 et
940 2206 1103 2246 sinistro
1141 2220 1266 2246 cornu
1297 2205 1515 2254 Romanis,
1558 2205 1629 2245 ubi

276 2266 477 2307 sociorum
510 2268 665 2321 equites
699 2268 896 2309 adversus
922 2268 1123 2309 Numidas
1151 2274 1363 2316 steterant,
1397 2276 1629 2308 consertum

274 2328 472 2381 proelium
506 2336 609 2379 erat,
648 2345 774 2384 segne
805 2330 936 2383 primo
963 2338 1001 2370 et
1026 2345 1050 2370 a
1074 2329 1231 2370 Punica
1257 2338 1446 2383 coeptum
1471 2330 1627 2370 fraude.

232 2400 249 2428 2
276 2389 487 2443 quingenti
512 2390 641 2431 ferme
661 2391 881 2440 Numidae,
909 2399 1070 2446 praeter
1094 2406 1257 2445 parmas
1284 2392 1445 2444 telaque
1470 2391 1628 2446 gladios

278 2451 457 2492 occultos
495 2452 571 2493 sub
608 2452 742 2493 loricis
774 2453 991 2502 habentes,
1030 2453 1166 2507 specie
1198 2454 1505 2508 transfugarum
1537 2467 1628 2493 eum

232 2524 250 2553 3
277 2511 327 2552 ab
355 2513 437 2552 suis
465 2528 627 2567 parmas
655 2522 748 2568 post
768 2522 883 2569 terga
902 2515 1099 2555 habentes
1121 2515 1438 2567 adequitassent,
1464 2522 1628 2568 repente

277 2587 326 2612 ex
346 2574 459 2626 equis
481 2575 690 2624 desiliunt,
716 2577 950 2630 parmisque
970 2584 1009 2617 et
1030 2576 1172 2616 iaculis
1194 2584 1286 2616 ante
1307 2577 1431 2630 pedes
1452 2576 1628 2616 hostium

276 2634 464 2686 proiectis
501 2636 542 2676 in
577 2638 752 2678 mediam
791 2638 921 2677 aciem
957 2637 1114 2691 accepti
1151 2638 1342 2690 ductique
1380 2638 1430 2677 ad
1462 2637 1625 2676 ultimos

277 2695 487 2736 considere
518 2697 569 2738 ab
601 2705 716 2752 tergo
747 2698 948 2739 iubentur.
1010 2713 1056 2739 ac
1088 2699 1185 2738 dum
1217 2699 1412 2752 proelium
1441 2697 1491 2738 ab
1517 2696 1625 2736 omni

233 495 250 523 [κ’]
