1815 3184
460 221 614 255 LIBER
640 221 770 265 xxn,
799 222 829 255 1.
849 221 881 255 2.
910 223 958 265 [a.
975 219 1013 255 C.
1027 220 1109 264 217]
1414 210 1466 251 57

108 326 339 379 Iunonique
357 323 547 380 Sospitae
562 325 742 366 Lanuvii
763 323 985 365 maioribus
1006 324 1150 365 hostiis
1173 323 1469 365 sacrificaretur

108 395 399 441 matronaeque
435 387 611 442 pecunia
647 387 826 435 conlata,
864 393 1061 439 quantum
1098 385 1283 426 conferre
1320 385 1466 438 cuique
1497 398 1535 428 18

108 450 370 491 commodum
408 458 535 498 esset,
574 449 727 490 donum
759 448 912 489 Iunoni
948 448 1115 503 reginae
1146 448 1187 488 in
1211 446 1468 488 Aventinum

107 512 259 552 ferrent
294 511 670 564 lectisterniumque
707 511 840 559 fieret,
891 510 990 563 quin
1027 516 1065 550 et
1100 516 1144 550 ut
1179 509 1393 550 libertinae
1430 516 1470 549 et

107 573 236 627 ipsae,
263 573 370 613 unde
391 573 594 613 Feroniae
615 573 767 613 donum
794 573 970 620 daretur,
998 571 1213 625 pecuniam
1241 586 1315 625 pro
1340 570 1471 611 facul-

109 635 262 675 tatibus
290 635 374 675 suis
402 635 644 675 conferrent.
693 634 794 674 11300
821 633 889 673 ubi
916 633 1043 682 facta,
1071 633 1469 674 decemviriArdeae
1499 646 1536 675 19

107 697 149 737 in
175 697 263 737 foro
283 696 506 737 maioribus
527 696 671 736 hostiis
694 695 984 736 sacrificarunt.
1024 701 1232 749 postremo
1246 693 1471 734 Decembri

107 759 188 799 iam
215 773 356 799 mense
382 758 433 798 ad
460 759 604 798 aedem
626 756 795 798 Saturni
815 757 972 797 Romae
1000 756 1256 797 immolatum
1276 762 1338 796 est
1358 755 1471 795 lecti-

109 821 388 873 sterniumque
414 821 757 874 imperatum—et
783 834 875 859 eum
902 819 1052 859 lectum
1081 824 1288 858 senatores
1317 824 1472 858 strave-

107 889 203 923 runt
227 907 260 911 —
285 890 324 922 et
356 882 589 923 convivium
621 881 832 935 publicum
870 895 916 920 ae
955 895 1028 934 per
1058 879 1201 920 urbem
1236 877 1470 920 Saturnalia
1498 892 1540 921 20

108 945 216 985 diem
254 959 301 984 ae
336 950 498 984 noctem
536 943 711 983 clamata
748 942 1008 996 populusque
1046 956 1141 982 eum
1177 942 1286 982 diem
1318 941 1470 981 festum

107 1006 258 1047 habere
284 1019 332 1046 ac
358 1019 519 1045 servare
545 1005 587 1044 in
612 1011 855 1058 perpetuum
881 1003 1033 1043 iussus.

190 1067 248 1107 II.
308 1067 423 1106 Dum
462 1066 605 1106 consul
641 1066 853 1119 placandis
890 1065 1049 1105 Romae
1092 1065 1154 1104 dis
1198 1064 1512 1118 habendoquel

107 1128 258 1169 dilectu
284 1128 351 1168 dat
379 1143 564 1182 operam,
592 1127 804 1167 Hannibal
829 1127 1038 1181 profectus
1067 1141 1117 1166 ex
1141 1125 1343 1175 hibernis,
1376 1127 1473 1179 quia

108 1190 190 1230 iam
214 1189 465 1230 Flaminium
497 1189 708 1230 consulem
734 1188 945 1229 Arretium
971 1188 1209 1242 pervenisse
1235 1188 1346 1228 fama
1372 1195 1470 1236 crat,

109 1267 202 1293 cum
228 1244 339 1292 aliud
364 1251 549 1306 longius,
584 1258 764 1292 ceterum
791 1251 1048 1292 commodius
1074 1251 1358 1292 ostenderetur
1382 1252 1469 1300 iter,
1497 1266 1515 1294 2

108 1314 340 1369 propiorem
366 1314 474 1354 viam
499 1329 572 1368 per
596 1314 790 1368 paludem
817 1314 938 1368 petit,
966 1328 1047 1366 qua
1068 1313 1218 1354 fluvius
1239 1313 1380 1354 Arnus
1401 1328 1474 1367 per

109 1391 179 1417 eos
206 1377 292 1416 dies
320 1376 439 1417 solito
472 1377 604 1431 magis
636 1376 919 1416 inundaverat.
980 1376 1194 1430 Hispanos
1222 1383 1260 1416 et
1286 1375 1415 1416 Afros
1440 1400 1474 1404 —
1499 1388 1517 1418 3

110 1446 150 1480 et>
172 1436 251 1493 [id]
274 1453 393 1478 omne
413 1438 594 1479 veterani
621 1445 706 1479 erat
731 1438 856 1479 robur
881 1438 1335 1478 exercitus—admixtis
1363 1438 1474 1492 ipso-

110 1516 199 1541 rum
225 1501 533 1554 inpedimentis,
559 1501 709 1541 necubi
735 1501 957 1542 consistere
984 1501 1136 1541 coactis
1162 1501 1396 1541 necessaria
1421 1501 1473 1541 ad

110 1578 210 1603 usus
231 1562 440 1611 deessent,
467 1563 620 1617 primos
641 1564 698 1604 ire
718 1563 854 1612 iussit,
883 1563 998 1616 sequi
1021 1562 1184 1611 Gallos,
1211 1570 1255 1603 ut
1275 1563 1317 1603 id
1343 1563 1474 1617 agmi-

110 1624 173 1664 nis
199 1624 378 1664 medium
406 1632 533 1673 esset,
561 1626 808 1666 novissimos
833 1625 890 1665 ire
918 1625 1095 1678 equites,
1122 1624 1351 1679 Magonem
1377 1625 1471 1665 inde
1498 1639 1518 1667 4

111 1701 204 1726 cum
230 1687 430 1740 expeditis
456 1687 646 1728 Numidis
673 1702 820 1742 cogere
847 1703 1014 1742 agmen,
1041 1688 1219 1728 maxime
1247 1686 1411 1737 Gallos,
1439 1687 1473 1727 si

110 1748 245 1788 taedio
271 1747 420 1789 laboris
446 1749 676 1804 longaeque
702 1750 811 1798 viae,
839 1757 882 1789 ut
909 1756 970 1789 est
996 1749 1129 1790 mollis
1157 1750 1209 1789 ad
1235 1749 1329 1789 talia
1355 1764 1471 1804 gens,

111 1809 387 1850 dilaberentur
429 1818 498 1851 aut
542 1811 830 1859 subsisterent,
875 1811 1148 1852 cohibentem.
1209 1811 1348 1866 primi,
1392 1826 1473 1864 qua
1500 1826 1518 1854 5

110 1872 232 1912 modo
269 1872 474 1925 praeirent
510 1873 654 1922 duecs,
692 1888 765 1927 per
796 1873 1000 1927 praealtas
1032 1873 1131 1913 fluvi
1162 1888 1209 1913 ac
1246 1874 1473 1927 profundas

111 1933 327 1988 voragines
370 1934 507 1975 hausti
551 1950 680 1989 paene
723 1935 819 1976 limo
855 1935 1215 1990 inmergentesque
1253 1950 1297 1976 se
1336 1942 1473 1975 tamen

112 1995 230 2049 signa
257 1996 545 2048 sequebantur.
602 1996 713 2038 Galli
739 2012 871 2051 neque
897 1998 1100 2038 sustinere
1127 2012 1169 2038 se
1196 1997 1377 2051 prolapsi
1402 2012 1474 2037 ne-
1500 2012 1517 2041 6

112 2071 190 2109 que
211 2057 433 2112 adsurgere
455 2074 505 2099 ex
526 2060 794 2115 voraginibus
814 2067 1003 2113 poterant
1019 2058 1190 2113 [neque]
1214 2066 1283 2099 aut
1304 2074 1475 2113 corpora

113 2118 258 2158 animis
290 2130 359 2159 aut
391 2121 550 2162 animos
584 2136 656 2176 spe
689 2121 962 2169 sustinebant,
1003 2121 1071 2161 alii
1102 2121 1215 2161 fessa
1247 2135 1368 2175 aegre
1396 2128 1474 2161 tra-
1502 2135 1518 2163 7

113 2180 255 2220 hentes
287 2181 490 2231 membra,
524 2183 610 2232 alii,
644 2183 715 2224 ubi
747 2183 873 2223 semel
905 2182 1023 2223 victis
1050 2183 1184 2223 taedio
1210 2183 1356 2223 animis
1382 2198 1476 2237 pro-

114 2241 363 2291 cubuissent,
386 2243 490 2284 inter
509 2245 692 2285 iumenta
713 2252 752 2285 et
771 2245 861 2298 ipsa
880 2244 1054 2284 iacentia
1069 2244 1224 2298 passim
1239 2245 1473 2285 morientes.

114 2303 372 2357 maximeque
405 2306 587 2346 omnium
612 2307 778 2361 vigiliae
805 2306 1077 2347 conficiebant
1102 2321 1175 2360 per
1199 2307 1473 2360 quadriduum

113 2365 194 2404 iam
215 2372 252 2405 et
272 2373 352 2406 tres
373 2374 514 2408 noctes
535 2368 741 2409 toleratae.
786 2383 879 2408 cum
901 2368 1037 2416 omnia
1057 2368 1336 2409 obtinentibus
1357 2370 1473 2422 aquis
1500 2382 1518 2412 8

114 2427 232 2475 nihil,
259 2427 329 2468 ubi
349 2429 389 2468 in
410 2429 518 2470 sicco
539 2430 650 2470 fessa
672 2437 897 2471 sternerent
918 2445 1100 2484 corpora,
1127 2430 1299 2471 inveniri
1319 2439 1471 2485 posset,

115 2489 330 2558 cumulatis
368 2491 410 2530 in
446 2506 574 2544 aquas
613 2492 782 2533 sarcinis
819 2492 988 2546 insuper
1023 2492 1317 2533 incumbebant
1363 2492 1469 2548 [aut]
1499 2508 1517 2537 9

113 2559 386 2593 iumentorum
417 2553 560 2595 itinere
592 2561 676 2595 toto
708 2561 1005 2609 prostratorum
1034 2555 1191 2609 passim
1223 2556 1360 2596 acervi
1386 2562 1474 2596 tan-

114 2620 199 2653 tum
235 2615 346 2667 quod
383 2622 562 2656 exstaret
598 2631 705 2669 aqua
741 2616 1032 2670 quaerentibus
1064 2617 1116 2658 ad
1147 2617 1324 2671 quietem
1356 2618 1472 2672 parvi

113 2676 306 2731 temporis
326 2678 603 2719 necessarium
624 2679 757 2720 cubile
779 2678 942 2720 dabant.
980 2679 1069 2734 ipse
1089 2679 1320 2730 Hannibal,
1348 2696 1472 2737 aeger
1500 2695 1539 2724 10
