1815 3184
265 251 341 292 116
587 258 739 291 LIBER
765 258 913 300 xxm,
940 258 970 290 3.
991 257 1022 289 4.
1052 259 1148 299 [a,.u.
1165 257 1289 299 0.538]

260 370 436 404 vestram
456 361 654 401 habeatis.
693 360 841 400 etenim
862 360 955 407 hos,
982 365 1025 399 ut
1045 359 1200 412 opinor,
1227 359 1369 400 odistis
1390 370 1607 410 senatores,

217 440 235 468 5
262 440 341 465 non
373 430 559 464 senatum
591 422 756 462 omnino
787 421 938 461 habere
969 436 1051 461 non
1082 421 1219 468 voltis,
1257 421 1407 475 quippe
1433 430 1502 462 aut
1526 438 1608 472 rex,

215 686 232 715 6

216 995 231 1023 7

213 1115 231 1144 8

259 486 367 539 quod
394 485 732 532 abominandum,
759 490 829 523 aut
854 483 963 536 quod
988 498 1114 523 unum
1140 482 1291 523 liberae
1317 484 1491 524 civitatis
1517 499 1611 525 con-

261 548 395 588 silium
421 553 499 594 est,
534 552 699 585 senatus
724 544 938 585 habendus
965 551 1038 584 est.
1099 545 1236 597 itaque
1267 545 1371 585 duae
1398 560 1463 586 res
1490 546 1610 586 simul

259 609 442 663 agendae
480 608 597 648 vobis
635 614 747 656 sunt,
791 616 835 647 ut
872 614 911 647 et
947 614 1126 647 veterem
1164 614 1350 648 senatum
1387 609 1536 649 tollatis
1574 617 1611 650 et

258 686 410 711 novum
453 670 665 723 cooptetis.
727 669 841 709 citari
884 669 1068 723 singulos
1107 675 1314 710 senatores
1350 669 1519 719 iubebo,
1562 671 1611 711 de

257 747 430 785 quorum
457 732 587 785 eapite
614 746 686 771 vos
713 730 943 779 consulam,
970 731 1081 783 quod
1100 732 1149 771 de
1170 745 1332 783 quoque
1359 733 1610 779 censueritis,

259 795 339 834 fiet.
403 794 475 834 sed
505 793 617 847 prius
650 793 692 832 in
724 793 810 832 eius
836 792 971 832 10011111
997 793 1129 832 virum
1157 792 1303 832 fortem
1329 807 1376 833 ac
1403 800 1611 834 strenuum

258 871 410 896 novum
443 862 671 896 senatorem
703 854 945 908 cooptabitis
977 868 1101 907 quam
1133 855 1182 895 de
1212 855 1334 895 noxio
1368 855 1612 909 supplicium

261 917 469 958 sumatur.9

342 979 444 1019 Inde
471 979 673 1026 consedit,
708 986 745 1019 et
772 978 1005 1019 nominibus
1033 979 1071 1018 in
1098 993 1242 1019 urnam
1274 979 1467 1019 coniectis
1500 979 1612 1019 citari

257 1042 367 1093 quod
397 1041 574 1094 primum
608 1048 714 1081 sorte
744 1056 895 1080 nomen
921 1041 1070 1081 excidit
1095 1041 1312 1094 ipsumque
1340 1056 1360 1081 e
1387 1042 1497 1081 curia
1521 1056 1614 1095 pro-

258 1103 351 1143 duci
376 1103 506 1142 iussit.
567 1102 637 1142 ubi
663 1103 846 1142 auditum
873 1110 934 1142 est
958 1117 1126 1149 nomen,
1153 1102 1306 1142 malum
1332 1109 1369 1142 et
1395 1102 1612 1156 inprobum

216 1178 233 1206 9
259 1180 332 1218 pro
364 1179 407 1205 se
440 1164 612 1217 quisque
640 1164 813 1204 clamare
841 1171 879 1204 et
905 1164 1104 1218 supplicio
1131 1165 1313 1218 dignum.
1369 1171 1455 1203 tum
1480 1163 1613 1204 Pacu-

258 1226 348 1266 vius
388 1226 543 1273 ι111100,
582 1240 686 1278 quae
724 1226 773 1265 de
811 1225 888 1266 1100
926 1226 1124 1266 sententia
1157 1226 1224 1266 sit:
1264 1225 1355 1265 date
1387 1225 1511 1279 igitur
1541 1240 1613 1279 pro

195 1300 234 1329 10
260 1288 366 1328 malo
398 1295 518 1340 atque
549 1287 720 1341 inprobo
752 1287 904 1328 bonum
933 1295 1161 1327 senatorem
1188 1295 1226 1328 et
1251 1287 1429 1327 iustum.'
1482 1288 1612 1341 primo

195 1486 230 1514 ll

194 1610 231 1638 12

193 1796 232 1825 13

192 1981 232 2009 14

212 2290 229 2318 2

213 2411 230 2439 3

259 1350 463 1389 silentium
491 1361 573 1389 erat
600 1350 735 1403 inopia
760 1350 927 1403 potioris
955 1349 1204 1397 subiciundi,
1232 1349 1396 1397 deinde,
1424 1364 1515 1389 cum
1542 1350 1612 1389 ali-

259 1411 350 1464 quis
371 1411 522 1451 omissa
538 1412 781 1451 verecundia
797 1411 1030 1464 quempiam
1050 1411 1312 1458 nominasset,
1340 1411 1466 1450 multo
1486 1411 1614 1451 maior

260 1473 464 1527 extemplo
491 1473 644 1513 clamor
669 1473 884 1520 oriebatur,
918 1487 1010 1512 cum
1042 1472 1109 1512 alii
1140 1482 1337 1525 negarent
1368 1486 1508 1520 nosse,
1547 1472 1614 1512 alii

258 1550 365 1575 nunc
396 1535 564 1589 probra,
602 1550 709 1574 nunc
741 1534 1010 1574 humilitatem
1045 1534 1333 1586 sordidamque
1364 1534 1543 1587 inopiam
1575 1542 1614 1574 et

260 1598 475 1650 pudendae
500 1597 596 1637 artis
623 1605 691 1636 aut
718 1607 912 1649 quaestus
938 1611 1069 1649 genus
1095 1595 1314 1635 obicerent.
1376 1595 1454 1635 1100
1485 1595 1612 1635 multo

259 1660 390 1713 magis
423 1659 463 1699 in
495 1659 675 1699 secundo
700 1673 747 1698 ae
774 1658 890 1698 tertio
917 1658 1039 1697 citato
1066 1666 1252 1698 senatore
1278 1665 1339 1698 est
1364 1657 1537 1705 factum,
1569 1667 1613 1696 ut

258 1721 387 1774 ipsius
419 1721 624 1775 paenitere
656 1720 842 1760 homines
875 1727 1106 1773 appareret,
1145 1734 1267 1773 quem
1298 1727 1434 1760 autem
1459 1719 1499 1758 in
1526 1719 1612 1759 eius

260 1782 552 1823 substituerent
583 1782 737 1830 locum,
776 1782 939 1831 deesse,
978 1782 1074 1834 quia
1105 1797 1180 1822 nec
1211 1782 1378 1822 eosdem
1414 1782 1612 1822 nominari

258 1845 485 1893 adtinebat,
524 1844 623 1884 1111111
654 1844 765 1884 aliud
796 1859 918 1897 quam
951 1844 1002 1884 ad
1027 1844 1231 1884 audienda
1256 1843 1405 1898 probra
1429 1843 1613 1884 nomina-

257 1915 339 1955 tos,
379 1913 417 1946 ct
448 1906 575 1946 multo
606 1906 843 1946 humiliores
876 1905 1216 1959 obscurioresque
1248 1906 1370 1945 ceteri
1402 1912 1514 1945 erant
1541 1905 1611 1952 eis,

259 1968 329 2021 qui
353 1968 472 2022 primi
498 1968 717 2008 memoriae
744 1968 1023 2009 occurrebant.
1079 1969 1133 2009 ita
1160 1968 1284 2008 dilabi
1310 1968 1514 2016 homines,
1541 1982 1613 2007 no-

257 2031 461 2070 tissimum
483 2030 674 2083 quodque
695 2030 847 2070 malum
868 2045 1059 2070 maxume
1080 2030 1288 2070 tolerabile
1315 2030 1496 2070 dicentes
1523 2044 1612 2070 esse

256 2092 527 2145 iubentesque
554 2099 741 2132 senatum
768 2107 818 2132 ex
844 2093 1029 2133 custodia
1055 2093 1214 2133 dimitti.

342 2153 445 2193 IIII.
494 2155 584 2194 Hoc
610 2154 731 2194 modo
751 2153 959 2195 Pacuvius
987 2169 1079 2194 cum
1106 2154 1330 2195 obnoxium
1355 2154 1463 2194 vitae
1490 2153 1613 2194 bene-

255 2215 346 2255 ficio
374 2224 559 2255 senatum
586 2216 714 2255 multo
740 2215 817 2256 sibi
847 2216 980 2270 magis
1012 2231 1136 2269 quam
1166 2215 1276 2269 plebi
1307 2216 1493 2265 fecisset,
1526 2215 1612 2255 sine

257 2276 398 2325 armis,
424 2277 505 2316 iam
527 2277 718 2317 omnibus
740 2277 1059 2318 concedentibus
1080 2277 1380 2318 dominabatur.
1429 2277 1522 2317 hinc
1549 2291 1613 2317 se-

256 2345 418 2378 natores
462 2339 615 2379 omissa
651 2339 862 2393 dignitatis
899 2339 1180 2392 libertatisque
1217 2339 1415 2379 memoria
1450 2338 1611 2392 plebem

257 2400 431 2440 adulari:
482 2400 679 2449 salutare,
727 2400 905 2455 benigne
947 2401 1136 2450 invitare,
1181 2401 1386 2455 adparatis
1430 2401 1612 2454 accipere

257 2462 406 2515 epulis,
440 2477 507 2502 eas
535 2476 682 2502 causas
711 2463 936 2516 suscipere,
970 2463 1007 2503 ei
1033 2477 1194 2516 semper
1219 2463 1323 2517 parti
1355 2463 1518 2509 adesse,
1552 2475 1613 2501 se-

258 2523 435 2563 cundum
473 2539 563 2564 eam
600 2524 712 2564 litem
749 2524 904 2565 iudices
937 2525 1052 2573 dare,
1091 2540 1196 2578 quae
1235 2525 1366 2579 magis
1404 2523 1611 2578 popularis

214 2598 232 2625 4
258 2585 467 2638 aptiorque
504 2587 543 2625 in
581 2586 727 2640 volgus
765 2586 895 2627 favori
932 2587 1186 2627 conciliando
1223 2595 1343 2628 esset.
1404 2587 1485 2626 iam
1516 2599 1611 2625 vero

257 2646 357 2685 nihil
387 2647 430 2686 in
461 2656 605 2687 senatu
630 2655 766 2688 actum
793 2648 909 2688 aliter
934 2663 1056 2702 quam
1085 2649 1117 2689 si
1143 2649 1274 2703 plebis
1300 2648 1356 2689 ibi
1381 2654 1490 2688 esset
1516 2661 1610 2686 eon-

258 2707 407 2747 eilium.
445 2722 572 2761 prona
599 2724 761 2763 semper
786 2710 928 2750 civitas
955 2711 996 2750 in
1021 2711 1224 2751 luxuriam
1249 2725 1328 2751 non
1356 2709 1609 2762 ingeniorum
