1815 3184
331 268 413 308 350
578 274 731 308 LrssER
756 273 921 316 XXVII,
948 274 1001 307 21.
1021 274 1076 308 22.
1105 274 1429 318 [a.u.e.545.546]

287 392 300 418 1
413 377 542 417 XXI.
614 376 769 416 Actum
795 376 845 416 de
868 376 1038 429 imperio
1064 375 1251 416 Marcelli
1280 376 1322 416 in
1348 377 1453 416 circo
1477 377 1678 418 Flaminio

284 452 302 480 2
328 445 389 479 est
414 438 569 492 ingenti
594 452 794 478 concursu
818 437 1031 490 plebisque
1056 444 1095 477 et
1121 437 1302 477 omnium
1327 438 1532 486 ordinum,
1559 453 1678 479 aecu-

328 500 513 552 savitque
540 499 725 540 tribunus
751 498 880 552 plebis
901 513 983 539 non
995 498 1239 539 Marcellum
1264 499 1398 547 modo,
1426 500 1498 540 sed
1516 514 1678 541 omnem

328 560 600 601 nobilitatem:
639 561 782 601 fraude
807 575 948 601 eorum
974 567 1012 600 et
1038 561 1293 600 cunctatione
1318 561 1423 609 fieri,
1449 568 1493 600 ut
1518 560 1678 601 Hanni-

327 622 394 663 bal
419 622 623 662 decimum
647 623 728 662 iam
753 637 904 662 annum
929 622 1091 662 Italiam
1115 623 1367 676 provinciam
1392 622 1557 671 habeat,
1591 623 1680 662 diu-

283 696 301 724 3
328 684 407 724 tius
433 684 490 724 ibi
514 698 637 736 quam
664 683 914 737 Carthagine
939 684 1096 724 vixerit.
1156 683 1306 724 habere
1331 684 1509 724 fructum
1534 684 1678 737 imperi

326 747 534 801 prorogati
559 746 757 786 Marcello
783 746 980 799 populum
1005 746 1256 787 Romanum:
1283 746 1345 787 bis
1372 761 1537 787 caesum
1563 761 1678 786 exer-

282 827 301 854 4
328 808 452 848 eitum
484 809 570 848 eius
602 808 758 848 aestiva
781 807 990 847 Venusiae
1023 807 1098 848 sub
1132 808 1247 848 tectis
1279 822 1413 862 agere.
1474 808 1580 848 hanc
1612 807 1680 847 tri-

327 869 426 910 buni
451 870 676 910 orationem
705 869 761 909 ita
793 869 926 910 obruit
951 869 1174 910 Marcellus
1211 869 1593 910 commemoratione
1619 883 1681 908 re-

326 946 415 971 rum
448 946 632 979 suarum,
670 939 714 970 ut
745 945 826 971 non
855 931 1013 985 rogatio
1045 931 1175 971 solum
1208 931 1258 971 de
1290 931 1464 985 imperio
1492 931 1578 971 eius
1610 929 1681 970 ab·

326 993 508 1047 rogando
539 993 834 1045 antiquaretur,
873 992 945 1033 sed
974 1000 1139 1046 postero
1171 993 1236 1033 die
1267 993 1477 1033 consulem
1502 1006 1595 1033 eum
1619 991 1680 1031 in-

283 1073 300 1100 5
327 1056 439 1108 genti
463 1070 666 1095 consensu
692 1054 896 1095 centuriae
922 1069 1063 1096 omnes
1090 1061 1283 1095 crearent.
1323 1055 1485 1096 additur
1510 1053 1679 1108 conlega

328 1116 376 1155 T.
405 1115 621 1168 Quinctius
650 1115 885 1169 Crispinus,
923 1117 993 1168 qui
1029 1123 1116 1156 tum
1150 1124 1311 1170 praetor
1347 1123 1442 1156 erat.
1514 1121 1679 1169 postero

328 1178 392 1218 die
428 1185 635 1232 praetores
673 1178 796 1218 creati
826 1177 874 1218 P.
901 1178 1089 1218 Licinius
1123 1178 1299 1219 Crassus
1330 1178 1462 1218 Dives
1493 1178 1679 1232 pontifex

326 1240 548 1288 maximus,
586 1239 634 1280 P.
661 1239 849 1280 Licinius
875 1239 1030 1288 Varus,
1070 1238 1222 1281 Sextus
1254 1240 1384 1280 Iulius
1413 1239 1586 1288 Caesar,
1626 1238 1678 1291 Q.

331 1301 543 1343 Claudius.

283 1379 300 1409 6
413 1363 685 1405 Comitiorum
714 1364 897 1418 ipsorum
929 1363 1072 1406 diebus
1106 1364 1278 1404 sollicita
1308 1364 1449 1404 civitas
1481 1363 1531 1403 de
1555 1363 1680 1403 Etru-

326 1426 409 1466 riae
435 1425 665 1466 defeetione
690 1425 780 1466 fuit.
828 1426 1073 1479 principium
1099 1425 1185 1465 eius
1211 1425 1269 1464 rei
1294 1424 1344 1464 ab
1364 1424 1568 1464 Arretinis
1593 1425 1680 1464 fieri

329 1487 377 1529 C.
407 1487 653 1541 Calpurnius
687 1487 919 1540 scripserat,
957 1487 1026 1539 qui
1058 1500 1147 1526 eam
1178 1486 1430 1539 provinciam
1460 1500 1534 1539 pro
1564 1500 1680 1540 prae-

284 1564 300 1592 7
327 1556 411 1590 tore
438 1548 658 1589 obtinebat.
696 1548 832 1601 itaque
858 1548 1074 1588 confestim
1100 1562 1147 1588 eo
1168 1547 1319 1588 missus
1334 1547 1558 1588 Marcellus
1585 1562 1680 1588 con-

327 1610 392 1651 sul
416 1610 672 1664 designatus,
711 1610 780 1662 qui
805 1624 891 1650 rem
916 1610 1133 1663 inspiceret
1160 1624 1219 1657 ac,
1258 1609 1292 1649 si
1318 1610 1442 1664 digna
1461 1609 1677 1657 videretur,

326 1672 506 1712 exercitu
537 1671 665 1712 accito
697 1671 848 1712 bellum
875 1686 925 1711 ex
950 1671 1105 1725 Apulia
1129 1671 1171 1711 in
1194 1671 1404 1711 Etruriam
1429 1670 1677 1711 transferret.
1700 1692 1708 1698 -

281 1748 299 1777 S
326 1748 373 1774 eo
400 1741 511 1773 metu
535 1734 745 1787 conpressi
772 1734 936 1775 Etrusci
966 1734 1218 1786 quieverunt.
1280 1733 1595 1774 Tarentinorum
1624 1733 1681 1773 le-

325 1795 430 1849 gatis
462 1809 606 1849 pacem
637 1795 870 1849 petentibus
902 1810 996 1835 cum
1025 1795 1211 1835 libertate
1242 1809 1289 1835 ae
1319 1794 1481 1849 legibus
1509 1797 1592 1835 suis
1617 1809 1680 1834 re-

327 1872 526 1911 sponsum
557 1857 608 1897 ab
641 1864 785 1898 senatu
817 1865 896 1906 est,
934 1866 978 1897 ut
1008 1857 1201 1905 redirent,
1239 1871 1332 1897 cum
1355 1856 1511 1897 Fabius
1537 1855 1680 1896 consul

325 1920 502 1961 Roman]
529 1919 721 1961 venisset.

282 1996 299 2023 9
410 1981 523 2021 Ludi
549 1988 585 2021 et
601 1981 777 2022 Romani
803 1988 840 2022 et
866 1980 1001 2035 plebei
1025 1995 1073 2022 eo
1099 1995 1205 2021 anno
1230 1980 1272 2020 in
1298 1979 1480 2034 singulos
1508 1979 1593 2019 dies
1619 1979 1679 2018 in-

327 2043 508 2084 staurati.
571 2043 722 2084 aediles
749 2043 909 2083 curules
935 2043 1049 2083 fuere
1074 2043 1127 2082 L.
1156 2041 1372 2083 Cornelius
1400 2041 1612 2082 Caudinus
1640 2047 1679 2080 et

328 2103 418 2145 Ser.
448 2103 656 2159 Sulpicius
684 2103 836 2153 Galba,
863 2104 998 2158 plebei
1024 2103 1072 2145 C.
1102 2103 1300 2145 Servilius
1327 2110 1364 2143 et
1392 2102 1444 2155 Q.
1473 2101 1678 2143 Caecilius

262 2180 301 2209 10
325 2166 533 2208 Metellus.
597 2166 819 2208 Servilium
848 2166 1055 2222 negabant
1091 2167 1177 2207 iure
1209 2174 1278 2206 aut
1308 2165 1516 2206 tribunum
1546 2164 1678 2218 plebis

325 2229 453 2269 fuisse
479 2236 547 2269 aut
574 2229 747 2269 aedilem
773 2243 883 2278 esse,
921 2229 1031 2281 quod
1061 2235 1217 2281 patrem
1249 2228 1354 2275 eius,
1392 2241 1513 2279 quem
1539 2226 1680 2266 trium-

325 2291 458 2331 virum
500 2291 707 2345 agrarium
749 2291 931 2332 occisum
973 2305 997 2330 a
1032 2289 1148 2330 Boiis
1191 2289 1297 2329 circa
1333 2288 1540 2328 Mutinam
1587 2301 1678 2328 esse

326 2353 461 2406 opinio
492 2367 564 2406 per
594 2352 735 2393 decem
767 2366 894 2392 annos
925 2351 1076 2400 fuerat,
1113 2351 1250 2392 vivere
1282 2358 1403 2403 atque
1434 2350 1475 2390 in
1499 2349 1679 2390 hostium

325 2420 527 2467 potestate
560 2428 650 2454 esse
677 2414 774 2454 satis
801 2412 1027 2454 constabat.

284 2488 299 2516 1
410 2475 565 2516 XXII.
626 2475 859 2516 Undecimo
891 2489 998 2515 anno
1029 2474 1176 2514 Punici
1206 2473 1302 2514 belli
1332 2473 1589 2514 consulatum
1619 2472 1680 2511 in-

326 2536 457 2577 ierunt
481 2537 541 2577 M.
568 2536 791 2578 Marcellus
823 2537 1010 2590 quintum
1035 2561 1067 2565 -
1091 2543 1135 2575 ut
1164 2541 1398 2575 numeretur
1429 2533 1676 2580 consulatus,

326 2612 448 2650 quem
473 2599 569 2640 vitio
595 2607 754 2639 creatus
779 2613 861 2639 non
885 2598 1015 2653 gessit
1032 2622 1067 2627 —
1084 2605 1123 2638 et
1150 2597 1198 2637 T.
1215 2596 1433 2649 Quinctius
1450 2594 1676 2647 Crispinus,

283 2670 301 2698 2
327 2659 508 2711 utrisque
534 2660 771 2700 consulibus
786 2660 905 2700 Italia
930 2660 1093 2700 decreta
1110 2658 1320 2712 provincia
1339 2664 1400 2697 est
1419 2662 1456 2696 et
1477 2655 1557 2694 duo
1583 2667 1678 2693 con-

328 2719 463 2758 sulum
487 2720 632 2773 prioris
659 2721 754 2760 anni
784 2721 986 2761 exercitus
1011 2744 1044 2748 —-
1069 2720 1210 2759 tertius
1236 2717 1443 2758 Venusiae
1469 2722 1555 2755 tum
1579 2722 1675 2762 erat,
