1815 3184
444 252 596 286 LIBER
620 252 826 297 XXVun,
854 253 905 286 18.
928 253 980 286 19.
1009 252 1207 296 [a.c..<204]
1420 243 1500 284 461

145 353 510 408 praebuissentque
537 355 795 396 occasionem
827 354 962 395 furore
995 369 1069 395 suo
1093 354 1254 396 Locros
1279 355 1501 410 recipiendi

145 415 390 465 Hannibali,
427 416 506 456 nisi
532 417 685 456 accitus
717 416 768 457 ab
794 417 911 457 nobis
940 415 1079 470 Scipio
1104 416 1403 458 intervenisset.
1464 423 1504 457 at

145 476 310 517 hercule
335 477 483 518 milites
511 485 718 518 contactos
752 478 966 532 sacrilegio
998 479 1112 518 furor
1142 479 1286 533 agitat,
1324 479 1364 519 in
1391 479 1504 519 duci-

144 538 223 579 bus
248 539 348 593 ipsis
374 540 591 593 puniendis
616 540 774 580 nullum
805 541 904 580 deae
935 555 1087 580 numen
1118 541 1317 594 apparuit.
1377 541 1503 581 immo

145 600 202 640 ibi
232 615 428 654 praesens
460 602 638 642 maxime
669 602 764 642 fuit:
814 602 940 655 virgis
972 603 1081 642 caesi
1113 602 1264 642 tribuni
1289 602 1340 643 ab
1366 602 1502 657 legato

147 669 260 710 sunt3
292 662 451 717 legatus
478 661 624 703 deinde
644 663 803 703 insidiis
824 663 1078 703 tribunorum
1099 663 1360 717 interceptus,
1388 678 1504 717 prae-

145 729 332 775 terquam
364 724 474 776 quod
505 731 589 764 toto
621 739 789 778 corpore
820 724 1041 773 laceratus,
1078 740 1179 765 naso
1210 739 1372 778 quoque
1398 725 1504 765 auri-

145 783 306 837 busque
338 785 486 825 decisis
518 786 740 839 exsanguis
773 792 835 826 est
865 786 1049 835 relictus3
1085 794 1291 827 recreatus
1323 787 1418 827 dein
1447 787 1503 826 le-

145 852 267 899 gatus
294 861 345 886 ex
370 846 606 887 vulneribus
634 847 818 888 tribunos
845 848 1019 887 militum
1050 848 1091 887 in
1116 848 1251 888 vincla
1282 848 1501 895 coniectos,

145 907 239 947 dein
274 908 510 948 verberatos
555 908 854 961 servilibusque
897 909 1086 949 omnibus
1133 910 1342 963 suppliciis
1381 910 1503 950 truci-

144 969 260 1009 datos
287 970 506 1010 cruciando
532 970 699 1018 occidit,
726 977 908 1010 mortuos
935 971 1081 1010 deinde
1100 971 1309 1024 prohibuit
1329 971 1501 1025 sepeliri.

144 1030 218 1071 has
245 1031 322 1071 dea
345 1046 499 1085 poenas
526 1047 549 1071 a
574 1032 714 1085 templi
741 1032 805 1071 sui
830 1031 1119 1084 spoliatoribus
1146 1031 1281 1080 habet,
1308 1047 1383 1073 nec
1409 1040 1500 1073 ante

144 1092 303 1132 desinet
339 1092 529 1132 omnibus
568 1107 637 1132 eos
674 1093 828 1146 agitare
865 1092 982 1132 furiis
1019 1107 1143 1144 quam
1178 1094 1357 1146 reposita
1388 1108 1504 1134 sacra

142 1153 316 1206 pecunia
340 1153 380 1192 in
407 1153 611 1193 thesauris
637 1153 772 1193 fuerit.
810 1154 985 1193 maiores
1011 1154 1218 1206 quondam
1239 1155 1367 1195 nostri
1386 1156 1502 1209 gravi

144 1213 477 1254 Crotoniensium
522 1214 653 1263 bello,
703 1215 798 1268 quia
840 1221 954 1254 extra
1001 1214 1145 1255 urbem
1187 1215 1385 1269 templum
1427 1223 1502 1265 est,

141 1276 362 1317 transferre
386 1276 429 1316 in
454 1276 597 1317 urbem
625 1292 713 1317 eam
745 1277 963 1330 pecuniam
999 1277 1222 1317 voluerunt.
1283 1284 1405 1317 noctu
1433 1293 1504 1318 au-

142 1337 226 1378 dita
251 1352 301 1378 ex
327 1338 496 1379 delubro
521 1354 621 1388 vox,
648 1338 900 1379 abstinerent
920 1354 1084 1381 manus:
1112 1339 1231 1379 deam
1258 1354 1332 1380 sua
1351 1340 1503 1394 templa

142 1399 419 1441 defensuram.
480 1400 576 1453 quia
612 1401 804 1441 movendi
846 1401 940 1441 inde
977 1401 1221 1442 thensauros
1262 1402 1406 1456 religio
1441 1403 1502 1441 in-

143 1475 265 1500 cussa
303 1468 406 1509 erat,
455 1477 571 1502 muro
609 1462 853 1502 circumdari
888 1463 1087 1517 templum
1123 1463 1351 1503 voluerunt.
1430 1464 1502 1504 ali-

143 1528 342 1574 quantum
389 1522 470 1562 iam
519 1523 744 1564 altitudinis
794 1524 969 1564 excitata
1017 1531 1131 1565 erant
1178 1525 1357 1573 moenia,
1407 1540 1500 1564 cum

144 1583 279 1623 subito
311 1583 504 1638 conlapsa
534 1585 651 1625 ruina
683 1591 788 1625 sunt.
856 1586 928 1626 sed
965 1592 1004 1626 et
1039 1600 1147 1626 nunc
1178 1593 1217 1626 et
1248 1601 1369 1639 saepe
1401 1586 1500 1626 alias

143 1645 220 1685 dea
246 1660 362 1685 suam
395 1646 535 1686 sedem
568 1660 770 1699 suumque
803 1647 1000 1700 templum
1032 1659 1101 1687 aut
1131 1654 1261 1688 tutata
1291 1657 1353 1688 est
1383 1654 1452 1687 aut
1478 1663 1502 1687 a

143 1706 409 1748 violatoribus
446 1708 589 1761 gravia
624 1708 785 1761 piacula
822 1709 976 1763 exegit:
1025 1716 1184 1749 nostras
1220 1709 1388 1749 iniurias
1426 1723 1501 1749 nec

143 1775 278 1822 potest
313 1783 389 1809 nec
430 1769 560 1823 possit
601 1770 704 1810 alius
740 1770 883 1810 ulcisci
920 1785 1042 1823 quam
1084 1785 1184 1818 vos,
1233 1778 1369 1824 patres
1407 1784 1502 1811 con-

144 1831 302 1885 scripti3
340 1831 392 1871 ad
422 1847 496 1872 vos
527 1839 788 1885 vestramque
824 1833 947 1872 fidem
986 1833 1191 1886 supplices
1223 1833 1498 1887 confugimus.

142 1893 243 1933 nihil
266 1900 405 1933 nostra
429 1893 614 1943 interest,
640 1902 777 1934 utrum
805 1894 880 1935 sub
906 1895 974 1934 illo
1000 1894 1153 1947 legato,
1188 1894 1263 1935 sub
1290 1894 1358 1935 illo
1383 1909 1500 1948 prae-

143 1955 247 1995 sidio
272 1955 432 1996 Locros
469 1970 560 1996 esse
598 1956 760 2005 sinatis,
799 1972 851 1996 an
887 1956 989 1996 irato
1014 1956 1242 1997 Hannibali
1278 1963 1317 1996 et
1347 1956 1499 1997 Poenis

143 2018 196 2058 ad
222 2017 468 2071 supplicium
495 2018 666 2058 dedatis.
715 2033 796 2059 non
821 2019 1097 2072 postulamus,
1128 2025 1174 2058 ut
1199 2019 1405 2073 extemplo
1430 2035 1502 2059 no-

143 2079 225 2128 bis,
273 2086 317 2119 ut
353 2080 403 2120 de
440 2080 627 2129 absente,
677 2087 720 2120 ut
756 2080 909 2121 indicta
946 2095 1071 2121 causa
1107 2081 1299 2121 credatis:
1349 2081 1498 2129 veniat,

144 2156 280 2181 coram
317 2141 405 2195 ipse
442 2142 599 2190 audiat,
654 2142 742 2195 ipse
779 2142 919 2183 diluat.
993 2142 1027 2182 si
1063 2142 1282 2195 quicquam
1321 2142 1498 2191 sceleris,

143 2203 254 2255 quod
278 2202 401 2243 homo
426 2203 467 2242 in
491 2203 676 2243 homines
703 2203 822 2243 edere
846 2210 999 2257 potest,
1036 2203 1078 2243 in
1108 2218 1183 2244 nos
1214 2203 1498 2257 praetermisit,

144 2278 226 2304 non
249 2278 506 2313 recusamus,
544 2265 642 2317 quin
667 2270 706 2304 et
729 2280 804 2305 nos
831 2264 968 2305 omnia
992 2265 1135 2305 eadem
1160 2265 1326 2314 iterum,
1359 2265 1392 2305 si
1417 2266 1501 2319 pati

144 2341 384 2380 possumus,
410 2327 631 2381 patiamur,
658 2334 698 2367 et
722 2327 789 2368 ille
815 2328 925 2368 omni
951 2327 1088 2368 divino
1113 2327 1375 2381 humanoque
1399 2327 1501 2368 libe-

145 2395 254 2429 retur
279 2388 456 2429 scelere.⁹

227 2449 421 2491 XVIIII.
459 2450 578 2491 Haec
604 2464 696 2491 cum
723 2451 775 2492 ab
800 2451 947 2506 legatis
968 2452 1076 2492 dicta
1095 2459 1233 2493 essent
1251 2452 1500 2505 quaesisset-

143 2526 223 2565 que
254 2511 305 2552 ab
336 2512 385 2552 iis
413 2511 464 2564 Q.
491 2512 666 2561 Fabius,
705 2513 1000 2554 detulissentne
1032 2528 1101 2554 eas
1133 2513 1335 2567 querellas
1367 2513 1419 2554 ad
1448 2513 1498 2554 P.

145 2572 404 2628 Scipionem,
436 2574 759 2629 responderunt,
791 2574 942 2615 missos
969 2574 1129 2628 legatos
1156 2590 1267 2623 esse,
1301 2575 1376 2615 sed
1406 2590 1499 2615 eum

142 2635 241 2676 belli
277 2643 479 2691 apparatu
515 2643 764 2691 occupatum
800 2652 893 2678 esse
931 2644 972 2677 et
1006 2637 1049 2677 in
1085 2637 1274 2678 Africam
1312 2645 1380 2678 aut
1416 2638 1498 2678 iam

1530 370 1566 397 11

1532 430 1569 459 12

1532 553 1571 582 13

1532 801 1569 829 14

1530 1047 1568 1075 15>

1531 1169 1569 1198 16

1530 1416 1567 1445 17

1530 1599 1569 1629 18

1529 1847 1567 1876 19

1526 2094 1568 2123 20

143 2697 353 2738 traiecisse
391 2705 460 2738 aut
495 2697 603 2739 intra
637 2713 792 2753 paucos
831 2699 918 2739 dies
956 2699 1240 2748 traiecturum3
1293 2706 1332 2740 et
1371 2700 1498 2755 legati
1523 2711 1542 2740 2
