1815 3184
273 236 358 276 454
504 241 659 276 LIBER
684 217 890 283 xxvmi,
916 238 1040 272 1213.
1069 241 1117 281 [a.
1131 250 1164 272 u.
1180 250 1208 273 c.
1223 238 1300 272 549.
1316 239 1398 282 550]

275 348 310 388 si
346 346 480 386 minus
518 343 696 383 indutias
734 342 890 390 facere,
926 341 1027 381 nihil
1057 340 1163 381 ultra
1198 340 1370 381 inritatis
1401 355 1507 382 novo
1543 356 1628 382 cer-

275 409 426 450 tamine
452 407 555 447 odiis
580 406 623 446 in
647 419 822 459 regnum
848 419 891 445 se
915 403 1081 457 recepit.

230 484 249 513 8
359 469 441 509 Per
465 468 573 508 idem
600 474 762 520 tempus
789 466 922 506 taedio
943 465 1087 506 diutini
1106 464 1202 505 belli
1217 464 1414 519 Epirotae
1434 472 1631 519 temptata

275 532 388 586 prius
413 531 697 571 Romanorum
727 528 936 569 voluntate
961 527 1119 581 legatos
1146 527 1195 567 de
1220 541 1321 581 pace
1348 527 1554 567 communi
1580 527 1631 567 ad

231 608 248 636 9
275 593 515 646 Philippum
545 591 712 639 misere,
751 590 849 631 satis
881 588 1085 629 confidere
1117 595 1409 629 conventuram
1441 604 1530 629 eam
1562 589 1633 629 ad-

276 655 504 702 firmantes,
543 653 577 693 si
608 653 660 693 ad
691 651 952 704 conloquium
986 665 1080 691 cum
1104 649 1153 691 P.
1182 649 1428 704 Sempronio
1458 650 1633 705 impera-

211 732 251 760 10
276 724 361 758 tore
393 716 582 756 Romano
614 714 807 755 venisset.
867 713 987 753 facile
1018 713 1280 766 impetratum
1304 737 1337 741 -
1361 727 1493 765 neque
1525 713 1632 753 enim

275 794 325 819 ne
351 778 481 833 ipsius
507 777 673 831 quidem
694 776 803 830 regis
825 774 1069 816 abhorrebat
1089 775 1249 815 animus
1263 800 1313 824 —,
1340 781 1385 815 ut
1403 775 1443 815 in
1458 774 1632 828 Epirum

211 856 247 884 11
277 840 478 881 transiret.
539 838 748 880 Phoenice
779 837 877 878 urbs
904 844 966 877 est
991 837 1125 890 Epiri:
1163 837 1219 877 ibi
1249 837 1361 890 prius
1393 837 1632 877 conlocutus

276 918 349 943 rex
381 917 474 942 cum
499 900 668 955 Aeropo
700 907 739 940 et
763 900 909 940 Darda
941 906 980 940 et
1004 899 1197 953 Philippo
1221 898 1487 952 Epirotarum
1517 913 1634 952 prae-

213 979 250 1008 12
277 964 452 1012 toribus,
491 971 636 1017 postea
673 977 766 1003 cum
802 961 852 1002 P.
887 960 1131 1015 Sempronio
1169 961 1442 1015 congreditur.
1503 960 1635 1001 adfuit

277 1026 494 1079 conloquio
514 1025 786 1079 Amynander
804 1024 1088 1065 Athamanum
1113 1038 1185 1064 rex
1212 1032 1251 1063 et
1276 1023 1541 1077 magistratus
1567 1022 1635 1062 alii

275 1089 542 1143 Epirotarum
585 1094 625 1127 et
662 1087 941 1127 Acarnanum.
1012 1086 1168 1140 primus
1211 1085 1428 1139 Philippus
1471 1092 1635 1138 praetor

278 1150 405 1191 verba
435 1150 533 1190 fecit
564 1156 604 1190 et
633 1149 734 1203 petit
766 1148 887 1189 simul
918 1147 968 1188 ab
1000 1162 1097 1202 rege
1128 1155 1166 1187 et
1198 1147 1249 1187 ab
1281 1148 1525 1201 imperatore
1550 1146 1634 1186 Ro-

277 1226 418 1260 mano,
466 1218 512 1251 ut
553 1211 676 1251 finem
712 1209 809 1250 belli
845 1210 1026 1250 facerent
1062 1209 1287 1261 darentque
1325 1223 1414 1249 eam
1450 1208 1633 1262 Epirotis

213 1289 251 1318 13
279 1274 454 1314 veniam.
514 1272 562 1313 P.
591 1271 861 1334 Sempronius
889 1271 1147 1312 condiciones
1174 1271 1286 1324 pacis
1314 1270 1432 1318 dixit,
1464 1278 1509 1310 ut
1533 1269 1635 1309 Par-

279 1336 381 1376 thini
407 1342 446 1375 et
464 1334 694 1375 Dimallum
720 1342 759 1374 et
777 1333 1021 1388 Bargullum
1041 1340 1080 1374 et
1098 1333 1336 1387 Eugenium
1352 1332 1632 1373 Romanorum

278 1403 435 1446 essent,
461 1396 694 1445 Atintania,
723 1396 756 1435 si
782 1395 919 1435 missis
940 1395 1117 1435 Romam
1142 1394 1288 1447 legatis
1315 1394 1365 1434 ab
1393 1401 1536 1435 senatu
1560 1394 1636 1433 im-

214 1474 253 1503 14
279 1466 499 1514 petrasset,
526 1466 570 1498 ut
589 1457 812 1498 Macedoni
832 1456 1055 1497 accederet.
1093 1456 1135 1496 in
1161 1470 1229 1495 eas
1256 1455 1516 1496 condiciones
1543 1470 1635 1496 cum

277 1536 359 1575 pax
385 1520 636 1568 conveniret,
664 1519 714 1559 ab
740 1533 837 1573 rege
860 1518 1016 1558 foederi
1035 1517 1229 1571 adscripti
1248 1516 1397 1557 Prusia
1416 1517 1636 1571 Bithyniae

278 1597 368 1630 rex,
395 1581 573 1630 Achaei,
601 1580 781 1628 Boeotii,
810 1579 1018 1628 Thessali,
1045 1579 1305 1629 Acarnanes,
1337 1578 1552 1632 Epirotae,
1585 1578 1636 1619 ab

278 1643 477 1684 Romanis
510 1642 701 1691 Ilienses,
739 1641 907 1682 Attalus
940 1656 1030 1689 rex,
1068 1640 1306 1689 Pleuratus,
1343 1640 1472 1681 Nabis
1503 1641 1638 1680 Lace-

215 1721 253 1750 15
279 1705 588 1746 daemoniorum
608 1712 820 1759 tyrannus,
842 1703 946 1752 Elei,
967 1703 1180 1751 Messenii,
1201 1702 1492 1743 Athenienses.
1535 1702 1638 1743 haec

280 1767 511 1821 conscripta
531 1766 853 1821 consignataque
874 1772 986 1814 sunt,
1015 1765 1113 1806 etin
1139 1765 1241 1805 duos
1267 1779 1430 1805 menses
1458 1764 1637 1805 indutiae

279 1829 432 1877 factae,
471 1829 601 1868 donee
631 1828 809 1868 Romam
846 1827 1102 1867 mitterentur
1132 1827 1274 1881 legati,
1313 1834 1357 1866 ut
1387 1826 1564 1880 populus
1596 1827 1638 1866 in

214 1902 254 1932 16
280 1890 354 1931 has
381 1890 642 1931 condiciones
668 1904 812 1944 pacem
843 1889 1012 1930 iuberet.
1073 1889 1362 1941 iusseruntque
1395 1902 1538 1929 omnes
1569 1888 1638 1928 tri-

279 1952 377 2001 bus,
415 1952 511 2006 quia
542 1967 662 1992 verso
692 1952 734 1992 in
759 1951 948 1992 Africam
979 1951 1086 1992 bello
1119 1950 1308 1992 omnibus
1341 1950 1430 1991 aliis
1456 1950 1496 1990 in
1521 1965 1639 2004 prae-

282 2014 414 2054 sentia
442 2014 569 2054 levari
600 2013 794 2054 volebant
826 2013 957 2054 bellis.
1017 2013 1066 2054 P.
1096 2012 1366 2067 Sempronius
1396 2026 1498 2066 pace
1529 2012 1639 2053 facta

282 2076 335 2116 ad
360 2076 618 2116 consulatum
643 2076 821 2116 Romam
847 2075 1037 2116 decessit.

239 2150 255 2179 1
366 2137 495 2178 XIII.
545 2137 594 2178 P.
618 2136 882 2192 Sempronio,
909 2137 969 2178 M.
994 2136 1186 2178 Cornelio
1213 2135 1450 2177 consulibus
1470 2160 1503 2164 —
1522 2136 1639 2189 quin-

281 2207 346 2240 tus
373 2201 557 2241 decimus
582 2200 617 2242 is
644 2215 775 2241 annus
801 2199 898 2241 belli
916 2199 1066 2240 Punici
1091 2206 1177 2240 erat
1200 2223 1234 2228 —
1258 2199 1509 2254 provinciae,
1538 2197 1640 2239 Cor-

280 2262 388 2303 nelio
412 2262 581 2303 Etruria
612 2277 706 2302 eum
737 2270 873 2303 vetere
905 2262 1104 2311 exercitu,
1140 2260 1385 2315 Sempronio
1410 2261 1564 2309 Brutti,
1598 2267 1640 2300 ut

237 2336 254 2365 2
282 2338 408 2365 novas
436 2324 632 2365 scriberet
651 2324 854 2379 legiones,
882 2324 1081 2364 decretae.
1119 2322 1377 2377 praetoribus
1397 2322 1458 2362 M.
1479 2321 1639 2362 Marcio

282 2385 455 2434 urbana,
488 2387 541 2427 L.
571 2385 788 2428 Scribonio
819 2386 974 2427 Liboni
1003 2385 1218 2440 peregrina
1249 2392 1288 2425 et
1325 2385 1457 2425 eidem
1491 2382 1638 2431 Gallia,

281 2446 342 2488 M.
369 2448 600 2502 Pomponio
626 2448 818 2489 Mathoni
846 2447 1004 2496 Sicilia,
1033 2447 1096 2487 Ti.
1120 2446 1294 2488 Claudio
1320 2446 1474 2487 Neroni
1501 2444 1641 2486 Sardi-

238 2522 256 2550 3
282 2510 349 2549 nia
380 2511 527 2550 evenit.
587 2510 637 2551 P.
667 2509 851 2565 Scipioni
876 2525 969 2551 cum
996 2525 1043 2550 eo
1070 2509 1269 2558 exercitu,
1302 2523 1396 2549 cum
1421 2523 1469 2548 ea
1495 2507 1638 2555 classe,

283 2586 405 2623 quam
430 2571 627 2621 habebat,
654 2579 920 2628 prorogatum
945 2572 988 2612 in
1012 2587 1165 2612 annum
1189 2571 1405 2625 imperium
1432 2576 1512 2619 est3
1543 2569 1639 2609 item

283 2632 331 2672 P.
351 2633 534 2682 Licinio,
562 2641 606 2674 ut
619 2634 804 2675 Bruttios
825 2633 986 2675 duabus
1005 2633 1238 2688 legionibus
1260 2632 1478 2680 obtineret,
1505 2629 1639 2683 quoad

285 2708 378 2734 eum
397 2694 438 2733 in
458 2696 668 2748 provincia
688 2711 780 2737 cum
806 2697 976 2751 imperio
1002 2696 1151 2736 morari
1178 2694 1336 2736 consuli
1362 2709 1383 2734 e
1407 2708 1450 2734 re
1475 2691 1637 2746 publica
