1815 3184
288 246 368 286 110
635 253 784 286 LIBER
810 253 940 295 xxii,
967 252 1019 285 00.
1049 255 1096 295 [a.
1111 264 1144 286 u.
1160 264 1188 286 ο.
1203 254 1285 296 sas]

285 356 361 396 bus
387 356 617 396 necessario
643 355 695 395 ad
713 369 798 395 rem
818 355 1033 395 militarem
1053 355 1240 409 exemplo
1263 356 1490 396 servaretis.
1528 372 1635 397 nunc

285 424 440 465 autem,
472 431 565 457 cum
590 431 717 470 prope
741 416 904 470 gloriati
929 417 1026 465 sint,
1053 418 1160 469 quod
1189 432 1232 457 se
1257 417 1445 458 hostibus
1471 418 1636 459 dedide-

283 478 379 526 rint,
416 478 694 532 praeferrique
725 492 807 517 non
838 478 967 531 captis
999 479 1122 518 modo
1152 479 1194 518 in
1225 479 1311 519 acie
1348 478 1399 519 ab
1435 478 1634 529 hostibus,

284 539 357 580 sed
387 539 508 579 etiam
538 539 606 588 iis,
645 539 714 591 qui
746 539 974 579 Venusiam
1007 539 1317 592 Canusiumque
1353 549 1634 594 pervenerunt,

283 607 405 653 atque
441 600 520 654 ipsi
557 599 606 641 C.
640 600 832 641 Terentio
870 601 1028 641 consuli
1065 615 1208 641 aecum
1245 602 1494 649 censuerint,
1538 602 1636 641 nihil

282 677 355 702 vos
376 676 533 710 eorum,
560 669 696 716 patres
717 662 954 716 conscripti,
981 677 1085 716 quae
1105 663 1186 703 illic
1206 670 1296 703 acta
1317 669 1423 711 sunt,
1449 663 1636 717 ignorare

282 723 425 777 patiar.
486 731 607 777 atque
637 724 793 764 utinam
824 724 943 772 haec,
981 739 1086 778 quae
1117 735 1215 779 aput
1240 740 1313 765 vos
1340 732 1504 765 acturus
1531 740 1634 773 suin,

285 785 441 825 Canusi
477 792 576 839 aput
611 785 746 839 ipsum
784 786 1008 826 exercitum
1040 801 1222 840 agerem,
1262 787 1461 840 optimum
1490 793 1636 826 testem

281 847 471 901 ignaviae
497 847 694 900 cuiusque
721 855 758 887 et
779 847 961 896 virtutis,
987 855 1056 887 aut
1081 863 1186 888 unus
1213 847 1278 887 1110
1305 847 1448 888 saltem
1474 847 1636 888 adesset

283 907 332 947 P.
361 906 649 961 Sempronius,
682 923 804 961 quem
831 909 865 949 si
888 909 956 949 isti
981 909 1126 949 ducem
1154 909 1282 949 secuti
1308 916 1462 957 essent,
1489 909 1636 948 milites

284 969 405 1009 hodie
430 969 471 1009 in
497 970 640 1010 castris
660 970 879 1019 Romanis,
906 985 988 1010 non
1009 970 1158 1024 captivi
1178 970 1219 1009 in
1238 970 1417 1010 hostium
1436 977 1637 1024 potestate

284 1038 432 1071 essent.
488 1038 548 1072 set
579 1046 671 1072 cum
703 1032 825 1072 fessis
855 1032 1078 1086 pugnando
1108 1031 1314 1080 hostibus,
1353 1039 1438 1071 tum
1469 1031 1637 1072 victoria

282 1092 397 1132 laetis
419 1099 457 1132 et
475 1092 575 1146 ipsis
601 1093 806 1146 plerisque
830 1093 1030 1147 regressis
1055 1094 1096 1133 in
1122 1100 1255 1133 eastra
1281 1108 1372 1141 sua,
1399 1100 1560 1133 noctem
1585 1094 1636 1134 ad

283 1155 578 1207 erumpendum
609 1154 779 1195 liberam
810 1155 1050 1195 habuissent
1082 1162 1120 1195 et
1146 1164 1302 1208 septem
1327 1154 1437 1194 milia
1463 1162 1637 1195 armato-

281 1231 373 1256 rum
398 1216 608 1256 hominum
634 1231 845 1270 erumpere
871 1217 992 1257 etiam
1021 1215 1128 1270 [per]
1157 1216 1361 1257 confertos
1383 1216 1521 1256 hostes
1542 1231 1637 1270 pos-

288 1284 394 1325 sent,
421 1292 553 1330 neque
579 1292 651 1331 per
676 1293 719 1319 se
744 1279 823 1332 ipsi
847 1278 889 1318 id
914 1278 1049 1318 facere
1075 1278 1208 1318 conati
1235 1285 1329 1318 sunt
1353 1292 1485 1330 neque
1512 1278 1635 1318 alium

222 1347 260 1381 10
287 1339 402 1391 sequi
426 1339 653 1379 voluerunt.
702 1347 819 1380 nocte
844 1354 970 1393 prope
996 1347 1079 1380 tota
1103 1339 1152 1379 P.
1177 1339 1444 1393 Sempronius
1466 1339 1636 1379 Tudita-

218 1661 253 1689 ll

217 2090 255 2119 13

215 2213 254 2241 14

217 2522 253 2549 Is)

283 1416 359 1441 nus
402 1416 484 1441 11011
526 1402 680 1442 destitit
715 1417 898 1450 monere,
942 1402 1147 1441 adhortari
1185 1416 1272 1450 eos,
1317 1402 1414 1441 dum
1450 1402 1634 1454 paucitas

282 1463 461 1503 hostium
492 1463 597 1503 eirca
629 1471 778 1512 castra,
811 1463 909 1502 dum
934 1463 1049 1515 quies
1076 1477 1123 1502 110
1150 1462 1354 1503 silentium
1380 1468 1505 1510 esset,
1538 1462 1635 1502 dum

282 1539 365 1564 nox
388 1524 596 1577 inceptum
622 1531 759 1579 tegere
784 1531 942 1578 posset,
977 1538 1020 1564 se
1046 1524 1191 1563 ducem
1224 1531 1505 1576 sequerentur:
1543 1530 1636 1564 ante

281 1585 415 1625 lucem
445 1586 657 1639 pervenire
687 1586 730 1625 in
760 1592 846 1625 tuta
878 1585 985 1633 loca,
1023 1585 1064 1625 in
1102 1585 1304 1625 sociorum
1341 1584 1463 1625 urbes
1500 1599 1633 1638 posse.

284 1645 356 1701 [si]
397 1648 499 1688 sicut
537 1663 705 1688 avorum
743 1648 939 1687 memoria
969 1647 1018 1689 P.
1051 1646 1208 1687 Decius
1240 1647 1426 1688 tribunus
1463 1647 1634 1686 militum

281 1709 324 1748 in
345 1708 535 1757 Samnio,
564 1709 667 1749 sieut
692 1708 811 1749 nobis
838 1708 1169 1749 adulescentibus
1194 1709 1327 1762 priore
1346 1708 1505 1749 Punico
1529 1707 1635 1749 bello

282 1769 529 1824 Calpurnius
545 1771 733 1811 Flamma
753 1771 942 1811 trecentis
963 1770 1222 1819 voluntariis,
1249 1785 1342 1810 cum
1362 1771 1415 1811 ad
1432 1770 1634 1810 tumulum

281 1846 350 1872 eos
383 1832 625 1886 capiendum
657 1833 779 1872 situm
812 1832 916 1872 inter
945 1832 1101 1872 medios
1133 1832 1299 1872 duceret
1329 1832 1477 1880 hostis,
1515 1831 1633 1871 dixit:

282 1894 545 1943 “moriamur,
583 1894 751 1943 milites,
790 1902 828 1935 et
859 1902 987 1934 morte
1018 1901 1158 1935 nostra
1188 1894 1406 1948 eripiamus
1438 1908 1489 1933 ex
1524 1893 1634 1933 obsi-

284 1955 403 1995 dione
439 1955 737 1996 circumventas
774 1955 987 2010 legiones’'
1012 1980 1062 2003 —,
1100 1956 1134 1995 si
1170 1955 1247 1995 1100
1282 1954 1330 1995 Ρ.
1365 1953 1632 2008 Sempronius

281 2016 450 2065 diceret,
487 2031 563 2057 nec
593 2017 701 2058 viros
733 2018 898 2070 quidem
930 2032 1004 2057 nee
1030 2017 1240 2057 Romanos
1273 2031 1345 2056 vos
1377 2016 1561 2064 duceret,
1600 2016 1634 2056 si

281 2092 401 2118 nemo
427 2085 562 2119 tantae
589 2079 748 2120 virtutis
775 2079 976 2119 extitisset
1002 2093 1152 2119 eomes.
1213 2078 1321 2118 viani
1352 2092 1434 2117 non
1465 2077 1517 2118 ad
1547 2077 1634 2131 glo-

278 2139 379 2179 riam
398 2140 530 2195 magis
551 2154 675 2193 quam
694 2140 746 2181 ad
766 2141 940 2181 salutem
959 2140 1156 2180 ferentem
1172 2140 1434 2186 demonstrat,
1462 2139 1632 2179 reduces

279 2201 320 2240 in
344 2201 535 2254 patriam,
568 2202 621 2241 ad
644 2202 842 2255 parentis,
875 2202 927 2241 ad
953 2202 1146 2255 coniuges
1173 2215 1220 2241 110
1244 2201 1394 2241 liberos
1420 2201 1529 2241 facit.
1590 2208 1632 2240 ut

280 2263 515 2312 servemini,
548 2264 662 2304 deest
688 2263 804 2304 vobis
838 2263 1016 2303 animus:
1054 2263 1171 2315 quid,
1209 2263 1243 2303 si
1273 2263 1529 2302 moriendum
1559 2277 1633 2316 pro

278 2324 407 2376 patria
441 2331 567 2374 esset,
599 2325 815 2365 faceretis?
851 2325 1147 2379 quinquaginta
1179 2324 1289 2364 milia
1321 2325 1472 2364 civium
1504 2323 1633 2364 socio-

278 2400 450 2438 rumque
476 2387 583 2427 cirea
608 2402 680 2427 vos
707 2401 754 2427 eo
780 2386 869 2440 ipso
896 2387 960 2426 die
986 2401 1105 2426 caesa
1130 2387 1276 2426 iacent.
1315 2386 1349 2426 si
1369 2393 1426 2426 tot
1446 2385 1632 2439 exempla

280 2446 438 2487 virtutis
464 2464 547 2488 non
571 2455 755 2496 movent,
783 2448 882 2487 nihil
908 2462 1102 2500 umquam
1130 2448 1328 2496 movebit,
1356 2448 1390 2488 si
1416 2454 1528 2488 tanta
1553 2447 1633 2487 cla-

280 2507 351 2548 des
383 2509 505 2549 vilem
536 2510 661 2550 vitam
692 2525 772 2550 non
803 2509 917 2558 fecit,
955 2509 1067 2550 nulla
1096 2509 1230 2549 faciet.
1291 2515 1331 2550 et
1366 2509 1482 2549 liberi
1512 2515 1632 2561 atque

279 2569 503 2611 incolumes
530 2571 757 2612 desiderate
783 2571 976 2624 patriam,
1008 2571 1134 2611 immo
1160 2571 1406 2619 desiderate,
1439 2571 1537 2610 dum
1562 2584 1632 2623 pa-

280 2630 355 2670 tria
373 2639 452 2679 est,
479 2632 577 2672 dum
598 2633 708 2673 cives
729 2633 815 2673 eius
836 2632 953 2673 estis:
981 2647 1070 2673 sero
1090 2647 1198 2673 nunc
1219 2632 1477 2679 desideratis,
1505 2631 1631 2670 demi-

280 2691 368 2730 nuti
387 2692 535 2745 capste,
563 2693 780 2734 abalienati
799 2694 886 2734 iure
906 2694 1074 2742 civium,
1103 2694 1209 2735 servi
1230 2691 1628 2746 Carthaginiensium
