<?xml version="1.0" encoding="UTF-8"?>
<!DOCTYPE html PUBLIC "-//W3C//DTD XHTML 1.0 Transitional//EN"
    "http://www.w3.org/TR/xhtml1/DTD/xhtml1-transitional.dtd">
<html xmlns="http://www.w3.org/1999/xhtml" xml:lang="en" lang="en">
 <head>
  <title>
</title>
<meta http-equiv="Content-Type" content="text/html;charset=utf-8" />
  <meta name='ocr-system' content='tesseract 3.04.00' />
  <meta name='ocr-capabilities' content='ocr_page ocr_carea ocr_par ocr_line ocrx_word'/>
</head>
<body>
  <div class='ocr_page' id='page_1' title='image "./aburbeconditalib02livyuoft_0350.png"; bbox 0 0 1815 3184; ppageno 0'>
   <div class='ocr_carea' id='block_1_1' title="bbox 224 363 236 391">
    <p class='ocr_par' dir='ltr' id='par_1_1' title="bbox 224 363 236 391">
     <span class='ocr_line' id='line_1_1' title="bbox 224 363 236 391; baseline 0 0"><span class='ocrx_word' id='word_1_1' title='bbox 224 363 236 391; x_wconf 89' lang='lat'>1</span> 
     </span>
    </p>
   </div>
   <div class='ocr_carea' id='block_1_2' title="bbox 222 609 238 627">
    <p class='ocr_par' dir='ltr' id='par_1_2' title="bbox 222 609 238 627">
     <span class='ocr_line' id='line_1_2' title="bbox 222 609 238 627; baseline 0 0"><span class='ocrx_word' id='word_1_2' title='bbox 222 609 238 627; x_wconf 57' lang='grc' dir='ltr'>ἴ)</span> 
     </span>
    </p>
   </div>
   <div class='ocr_carea' id='block_1_3' title="bbox 209 2219 249 2247">
    <p class='ocr_par' dir='ltr' id='par_1_3' title="bbox 209 2219 249 2247">
     <span class='ocr_line' id='line_1_3' title="bbox 209 2219 249 2247; baseline -0.075 0"><span class='ocrx_word' id='word_1_3' title='bbox 209 2219 249 2247; x_wconf 78' lang='grc'>10</span> 
     </span>
    </p>
   </div>
   <div class='ocr_carea' id='block_1_4' title="bbox 211 2344 247 2371">
    <p class='ocr_par' dir='ltr' id='par_1_4' title="bbox 211 2344 247 2371">
     <span class='ocr_line' id='line_1_4' title="bbox 211 2344 247 2371; baseline 0 0"><span class='ocrx_word' id='word_1_4' title='bbox 211 2344 247 2371; x_wconf 85' lang='grc'>11</span> 
     </span>
    </p>
   </div>
   <div class='ocr_carea' id='block_1_5' title="bbox 264 236 1262 284">
    <p class='ocr_par' dir='ltr' id='par_1_5' title="bbox 264 236 1262 284">
     <span class='ocr_line' id='line_1_5' title="bbox 264 236 1262 284; baseline -0.003 -8"><span class='ocrx_word' id='word_1_5' title='bbox 264 236 346 277; x_wconf 71' lang='lat' dir='ltr'>24ss</span> <span class='ocrx_word' id='word_1_6' title='bbox 614 241 768 275; x_wconf 83' lang='lat' dir='ltr'><strong>LIBER</strong></span> <span class='ocrx_word' id='word_1_7' title='bbox 793 240 918 283; x_wconf 74' lang='lat' dir='ltr'>xxv,</span> <span class='ocrx_word' id='word_1_8' title='bbox 945 241 999 274; x_wconf 80' lang='lat'>27.</span> <span class='ocrx_word' id='word_1_9' title='bbox 1028 240 1262 284; x_wconf 77' lang='lat' dir='ltr'>[a.u.0.54-2]</span> 
     </span>
    </p>
   </div>
   <div class='ocr_carea' id='block_1_6' title="bbox 264 340 1622 771">
    <p class='ocr_par' dir='ltr' id='par_1_6' title="bbox 264 340 1622 771">
     <span class='ocr_line' id='line_1_6' title="bbox 347 340 1617 396; baseline -0.004 -9"><span class='ocrx_word' id='word_1_10' title='bbox 347 345 544 387; x_wconf 76' lang='lat' dir='ltr'>XXVII.</span> <span class='ocrx_word' id='word_1_11' title='bbox 602 343 755 384; x_wconf 90' lang='lat' dir='ltr'>Deleto</span> <span class='ocrx_word' id='word_1_12' title='bbox 781 343 960 384; x_wconf 75' lang='lat' dir='ltr'>terrestri</span> <span class='ocrx_word' id='word_1_13' title='bbox 984 342 1142 383; x_wconf 90' lang='lat' dir='ltr'>Punico</span> <span class='ocrx_word' id='word_1_14' title='bbox 1169 343 1349 383; x_wconf 78' lang='lat' dir='ltr'>exercitu</span> <span class='ocrx_word' id='word_1_15' title='bbox 1376 340 1522 392; x_wconf 82' lang='lat' dir='ltr'>Siculi,</span> <span class='ocrx_word' id='word_1_16' title='bbox 1548 343 1617 396; x_wconf 87' lang='lat' dir='ltr'>qui</span> 
     </span>
     <span class='ocr_line' id='line_1_7' title="bbox 264 403 1616 462; baseline -0.003 -14"><span class='ocrx_word' id='word_1_17' title='bbox 264 407 530 462; x_wconf 76' lang='lat' dir='ltr'>Hippocratis</span> <span class='ocrx_word' id='word_1_18' title='bbox 562 406 710 446; x_wconf 82' lang='lat' dir='ltr'>milites</span> <span class='ocrx_word' id='word_1_19' title='bbox 741 403 954 459; x_wconf 85' lang='lat' dir='ltr'>fuerant‚[</span> <span class='ocrx_word' id='word_1_20' title='bbox 968 436 1077 446; x_wconf 88' lang='grc'><strong>.....</strong></span> <span class='ocrx_word' id='word_1_21' title='bbox 1086 403 1104 459; x_wconf 84' lang='grc'>]</span> <span class='ocrx_word' id='word_1_22' title='bbox 1137 404 1247 445; x_wconf 87' lang='lat' dir='ltr'>haud</span> <span class='ocrx_word' id='word_1_23' title='bbox 1276 419 1427 459; x_wconf 87' lang='lat' dir='ltr'>magna</span> <span class='ocrx_word' id='word_1_24' title='bbox 1455 405 1616 458; x_wconf 85' lang='lat' dir='ltr'>oppida,</span> 
     </span>
     <span class='ocr_line' id='line_1_8' title="bbox 265 465 1618 515; baseline -0.003 -4"><span class='ocrx_word' id='word_1_25' title='bbox 265 477 444 511; x_wconf 88' lang='lat' dir='ltr'>ceterum</span> <span class='ocrx_word' id='word_1_26' title='bbox 471 475 510 508; x_wconf 88' lang='lat' dir='ltr'>et</span> <span class='ocrx_word' id='word_1_27' title='bbox 536 468 616 508; x_wconf 87' lang='lat' dir='ltr'>situ</span> <span class='ocrx_word' id='word_1_28' title='bbox 641 474 680 507; x_wconf 88' lang='lat' dir='ltr'>et</span> <span class='ocrx_word' id='word_1_29' title='bbox 705 467 967 509; x_wconf 86' lang='lat' dir='ltr'>munimentis</span> <span class='ocrx_word' id='word_1_30' title='bbox 992 473 1096 515; x_wconf 86' lang='lat' dir='ltr'>tuta,</span> <span class='ocrx_word' id='word_1_31' title='bbox 1136 467 1211 507; x_wconf 86' lang='lat' dir='ltr'>tria</span> <span class='ocrx_word' id='word_1_32' title='bbox 1235 466 1347 507; x_wconf 83' lang='lat' dir='ltr'>milia</span> <span class='ocrx_word' id='word_1_33' title='bbox 1371 465 1542 506; x_wconf 88' lang='lat' dir='ltr'>alterum</span> <span class='ocrx_word' id='word_1_34' title='bbox 1567 466 1618 507; x_wconf 85' lang='lat' dir='ltr'>ab</span> 
     </span>
     <span class='ocr_line' id='line_1_9' title="bbox 267 528 1620 585; baseline -0.003 -13"><span class='ocrx_word' id='word_1_35' title='bbox 267 530 505 585; x_wconf 73' lang='lat' dir='ltr'>Syracusis,</span> <span class='ocrx_word' id='word_1_36' title='bbox 538 529 709 570; x_wconf 88' lang='lat' dir='ltr'>alterum</span> <span class='ocrx_word' id='word_1_37' title='bbox 735 529 967 582; x_wconf 88' lang='lat' dir='ltr'>quindecim</span> <span class='ocrx_word' id='word_1_38' title='bbox 993 528 1122 569; x_wconf 82' lang='lat' dir='ltr'>abest.</span> <span class='ocrx_word' id='word_1_39' title='bbox 1183 544 1230 570; x_wconf 92' lang='lat' dir='ltr'>co</span> <span class='ocrx_word' id='word_1_40' title='bbox 1256 535 1296 569; x_wconf 88' lang='lat' dir='ltr'>et</span> <span class='ocrx_word' id='word_1_41' title='bbox 1320 535 1572 569; x_wconf 85' lang='lat' dir='ltr'>commeatus</span> <span class='ocrx_word' id='word_1_42' title='bbox 1598 542 1620 568; x_wconf 95' lang='lat' dir='ltr'>e</span> 
     </span>
     <span class='ocr_line' id='line_1_10' title="bbox 267 590 1622 645; baseline -0.002 -12"><span class='ocrx_word' id='word_1_43' title='bbox 267 592 500 634; x_wconf 72' lang='lat' dir='ltr'>civitatibus</span> <span class='ocrx_word' id='word_1_44' title='bbox 527 593 612 633; x_wconf 90' lang='lat' dir='ltr'>suis</span> <span class='ocrx_word' id='word_1_45' title='bbox 640 591 948 645; x_wconf 73' lang='lat' dir='ltr'>comportabant</span> <span class='ocrx_word' id='word_1_46' title='bbox 980 599 1020 632; x_wconf 88' lang='lat' dir='ltr'>et</span> <span class='ocrx_word' id='word_1_47' title='bbox 1049 591 1200 632; x_wconf 82' lang='lat' dir='ltr'>auxilia</span> <span class='ocrx_word' id='word_1_48' title='bbox 1225 590 1500 631; x_wconf 89' lang='lat' dir='ltr'>accersebant.</span> <span class='ocrx_word' id='word_1_49' title='bbox 1559 590 1622 630; x_wconf 89' lang='lat' dir='ltr'>in-</span> 
     </span>
     <span class='ocr_line' id='line_1_11' title="bbox 267 652 1619 708; baseline -0.003 -12"><span class='ocrx_word' id='word_1_50' title='bbox 267 664 376 696; x_wconf 88' lang='lat' dir='ltr'>terea</span> <span class='ocrx_word' id='word_1_51' title='bbox 399 654 609 695; x_wconf 86' lang='lat' dir='ltr'>Bomilcar</span> <span class='ocrx_word' id='word_1_52' title='bbox 632 654 780 695; x_wconf 87' lang='lat' dir='ltr'>iterum</span> <span class='ocrx_word' id='word_1_53' title='bbox 806 668 899 694; x_wconf 89' lang='lat' dir='ltr'>cum</span> <span class='ocrx_word' id='word_1_54' title='bbox 925 654 1056 695; x_wconf 88' lang='lat' dir='ltr'>classe</span> <span class='ocrx_word' id='word_1_55' title='bbox 1080 654 1290 708; x_wconf 88' lang='lat' dir='ltr'>profectus</span> <span class='ocrx_word' id='word_1_56' title='bbox 1311 652 1619 707; x_wconf 77' lang='lat' dir='ltr'>Carthaginem,</span> 
     </span>
     <span class='ocr_line' id='line_1_12' title="bbox 266 714 1621 771; baseline -0.001 -14"><span class='ocrx_word' id='word_1_57' title='bbox 266 718 322 758; x_wconf 84' lang='lat' dir='ltr'>ita</span> <span class='ocrx_word' id='word_1_58' title='bbox 348 717 533 771; x_wconf 78' lang='lat' dir='ltr'>exposita</span> <span class='ocrx_word' id='word_1_59' title='bbox 563 716 727 757; x_wconf 87' lang='lat' dir='ltr'>fortuna</span> <span class='ocrx_word' id='word_1_60' title='bbox 758 715 980 765; x_wconf 88' lang='lat' dir='ltr'>sociorum,</span> <span class='ocrx_word' id='word_1_61' title='bbox 1018 722 1063 755; x_wconf 93' lang='lat' dir='ltr'>ut</span> <span class='ocrx_word' id='word_1_62' title='bbox 1094 730 1208 770; x_wconf 85' lang='lat' dir='ltr'>spem</span> <span class='ocrx_word' id='word_1_63' title='bbox 1238 714 1391 756; x_wconf 87' lang='lat' dir='ltr'>faceret</span> <span class='ocrx_word' id='word_1_64' title='bbox 1415 729 1498 755; x_wconf 91' lang='lat' dir='ltr'>non</span> <span class='ocrx_word' id='word_1_65' title='bbox 1520 714 1621 768; x_wconf 90' lang='lat' dir='ltr'>ipsis</span> 
     </span>
    </p>
   </div>
   <div class='ocr_carea' id='block_1_7' title="bbox 266 782 1634 2509">
    <p class='ocr_par' dir='ltr' id='par_1_7' title="bbox 266 782 1634 2509">
     <span class='ocr_line' id='line_1_13' title="bbox 266 782 1623 837; baseline -0.003 -12"><span class='ocrx_word' id='word_1_66' title='bbox 266 785 387 825; x_wconf 92' lang='lat' dir='ltr'>modo</span> <span class='ocrx_word' id='word_1_67' title='bbox 414 784 634 825; x_wconf 84' lang='lat' dir='ltr'>salutarem</span> <span class='ocrx_word' id='word_1_68' title='bbox 664 798 783 837; x_wconf 89' lang='lat' dir='ltr'>opem</span> <span class='ocrx_word' id='word_1_69' title='bbox 816 783 911 823; x_wconf 89' lang='lat' dir='ltr'>ferri</span> <span class='ocrx_word' id='word_1_70' title='bbox 941 797 1082 837; x_wconf 89' lang='lat' dir='ltr'>posse,</span> <span class='ocrx_word' id='word_1_71' title='bbox 1121 783 1194 823; x_wconf 91' lang='lat' dir='ltr'>sed</span> <span class='ocrx_word' id='word_1_72' title='bbox 1216 782 1428 823; x_wconf 84' lang='lat' dir='ltr'>Romanos</span> <span class='ocrx_word' id='word_1_73' title='bbox 1459 795 1623 835; x_wconf 88' lang='lat' dir='ltr'>quoque</span> 
     </span>
     <span class='ocr_line' id='line_1_14' title="bbox 268 844 1622 901; baseline -0.002 -14"><span class='ocrx_word' id='word_1_74' title='bbox 268 848 309 887; x_wconf 93' lang='lat' dir='ltr'>in</span> <span class='ocrx_word' id='word_1_75' title='bbox 334 854 452 901; x_wconf 85' lang='lat' dir='ltr'>capta</span> <span class='ocrx_word' id='word_1_76' title='bbox 477 847 655 899; x_wconf 89' lang='lat' dir='ltr'>quodam</span> <span class='ocrx_word' id='word_1_77' title='bbox 688 846 810 886; x_wconf 88' lang='lat' dir='ltr'>modo</span> <span class='ocrx_word' id='word_1_78' title='bbox 841 844 941 886; x_wconf 85' lang='lat' dir='ltr'>urbe</span> <span class='ocrx_word' id='word_1_79' title='bbox 972 846 1080 899; x_wconf 89' lang='lat' dir='ltr'>capi,</span> <span class='ocrx_word' id='word_1_80' title='bbox 1117 845 1311 899; x_wconf 71' lang='lat' dir='ltr'>perpulit,</span> <span class='ocrx_word' id='word_1_81' title='bbox 1349 852 1393 885; x_wconf 91' lang='lat' dir='ltr'>ut</span> <span class='ocrx_word' id='word_1_82' title='bbox 1418 844 1622 884; x_wconf 82' lang='lat' dir='ltr'>onerarias</span> 
     </span>
     <span class='ocr_line' id='line_1_15' title="bbox 267 907 1624 962; baseline -0.003 -13"><span class='ocrx_word' id='word_1_83' title='bbox 267 923 394 949; x_wconf 82' lang='lat' dir='ltr'>naves</span> <span class='ocrx_word' id='word_1_84' title='bbox 425 923 548 962; x_wconf 90' lang='lat' dir='ltr'>quam</span> <span class='ocrx_word' id='word_1_85' title='bbox 578 908 790 962; x_wconf 89' lang='lat' dir='ltr'>plurumas</span> <span class='ocrx_word' id='word_1_86' title='bbox 827 907 938 948; x_wconf 91' lang='lat' dir='ltr'>omni</span> <span class='ocrx_word' id='word_1_87' title='bbox 968 907 1086 961; x_wconf 85' lang='lat' dir='ltr'>copia</span> <span class='ocrx_word' id='word_1_88' title='bbox 1115 922 1251 948; x_wconf 88' lang='lat' dir='ltr'>rerum</span> <span class='ocrx_word' id='word_1_89' title='bbox 1281 913 1449 948; x_wconf 90' lang='lat' dir='ltr'>onustas</span> <span class='ocrx_word' id='word_1_90' title='bbox 1484 920 1624 946; x_wconf 86' lang='lat' dir='ltr'>secum</span> 
     </span>
     <span class='ocr_line' id='line_1_16' title="bbox 267 967 1625 1024; baseline -0.002 -13"><span class='ocrx_word' id='word_1_91' title='bbox 267 971 473 1012; x_wconf 87' lang='lat' dir='ltr'>mitterent</span> <span class='ocrx_word' id='word_1_92' title='bbox 499 970 756 1023; x_wconf 85' lang='lat' dir='ltr'>classemque</span> <span class='ocrx_word' id='word_1_93' title='bbox 788 985 905 1010; x_wconf 87' lang='lat' dir='ltr'>suam</span> <span class='ocrx_word' id='word_1_94' title='bbox 936 976 1146 1023; x_wconf 80' lang='lat' dir='ltr'>augerent.</span> <span class='ocrx_word' id='word_1_95' title='bbox 1206 969 1331 1024; x_wconf 88' lang='lat' dir='ltr'>igitur</span> <span class='ocrx_word' id='word_1_96' title='bbox 1361 974 1526 1009; x_wconf 89' lang='lat' dir='ltr'>centum</span> <span class='ocrx_word' id='word_1_97' title='bbox 1556 967 1625 1008; x_wconf 86' lang='lat' dir='ltr'>tri-</span> 
     </span>
     <span class='ocr_line' id='line_1_17' title="bbox 267 1030 1625 1087; baseline -0.003 -13"><span class='ocrx_word' id='word_1_98' title='bbox 267 1033 382 1087; x_wconf 82' lang='lat' dir='ltr'>ginta</span> <span class='ocrx_word' id='word_1_99' title='bbox 416 1033 591 1074; x_wconf 68' lang='lat' dir='ltr'>navibus</span> <span class='ocrx_word' id='word_1_100' title='bbox 629 1032 781 1087; x_wconf 87' lang='lat' dir='ltr'>longis,</span> <span class='ocrx_word' id='word_1_101' title='bbox 832 1031 1101 1086; x_wconf 81' lang='lat' dir='ltr'>septingentis</span> <span class='ocrx_word' id='word_1_102' title='bbox 1138 1033 1318 1072; x_wconf 86' lang='lat' dir='ltr'>oneraris</span> <span class='ocrx_word' id='word_1_103' title='bbox 1354 1030 1563 1085; x_wconf 88' lang='lat' dir='ltr'>profectus</span> <span class='ocrx_word' id='word_1_104' title='bbox 1601 1045 1625 1069; x_wconf 89' lang='lat' dir='ltr'>a</span> 
     </span>
     <span class='ocr_line' id='line_1_18' title="bbox 270 1090 1625 1149; baseline -0.004 -14"><span class='ocrx_word' id='word_1_105' title='bbox 270 1094 521 1149; x_wconf 80' lang='lat' dir='ltr'>Carthagine</span> <span class='ocrx_word' id='word_1_106' title='bbox 548 1095 645 1135; x_wconf 81' lang='lat' dir='ltr'>satis</span> <span class='ocrx_word' id='word_1_107' title='bbox 671 1108 889 1148; x_wconf 87' lang='lat' dir='ltr'>prosperos</span> <span class='ocrx_word' id='word_1_108' title='bbox 915 1103 1058 1134; x_wconf 72' lang='lat' dir='ltr'>ventos</span> <span class='ocrx_word' id='word_1_109' title='bbox 1084 1093 1136 1134; x_wconf 88' lang='lat' dir='ltr'>ad</span> <span class='ocrx_word' id='word_1_110' title='bbox 1161 1093 1428 1134; x_wconf 86' lang='lat' dir='ltr'>traiciendum</span> <span class='ocrx_word' id='word_1_111' title='bbox 1452 1092 1494 1132; x_wconf 88' lang='lat' dir='ltr'>in</span> <span class='ocrx_word' id='word_1_112' title='bbox 1520 1090 1625 1133; x_wconf 86' lang='lat' dir='ltr'>Sici-</span> 
     </span>
     <span class='ocr_line' id='line_1_19' title="bbox 268 1153 1625 1209; baseline -0.004 -11"><span class='ocrx_word' id='word_1_113' title='bbox 268 1158 365 1198; x_wconf 89' lang='lat' dir='ltr'>liam</span> <span class='ocrx_word' id='word_1_114' title='bbox 401 1157 556 1198; x_wconf 84' lang='lat' dir='ltr'>habuit.</span> <span class='ocrx_word' id='word_1_115' title='bbox 629 1157 701 1196; x_wconf 90' lang='lat' dir='ltr'>scd</span> <span class='ocrx_word' id='word_1_116' title='bbox 731 1156 840 1196; x_wconf 87' lang='lat' dir='ltr'>idem</span> <span class='ocrx_word' id='word_1_117' title='bbox 875 1155 987 1195; x_wconf 77' lang='lat' dir='ltr'>venti</span> <span class='ocrx_word' id='word_1_118' title='bbox 1023 1169 1215 1209; x_wconf 87' lang='lat' dir='ltr'>superare</span> <span class='ocrx_word' id='word_1_119' title='bbox 1251 1169 1344 1195; x_wconf 91' lang='lat' dir='ltr'>eum</span> <span class='ocrx_word' id='word_1_120' title='bbox 1379 1153 1625 1207; x_wconf 78' lang='lat' dir='ltr'>Pachynum</span> 
     </span>
     <span class='ocr_line' id='line_1_20' title="bbox 268 1215 1626 1273; baseline -0.004 -14"><span class='ocrx_word' id='word_1_121' title='bbox 268 1218 553 1273; x_wconf 86' lang='lat' dir='ltr'>prohibebant.</span> <span class='ocrx_word' id='word_1_122' title='bbox 635 1217 879 1258; x_wconf 84' lang='lat' dir='ltr'>Bomilcaris</span> <span class='ocrx_word' id='word_1_123' title='bbox 927 1216 1127 1256; x_wconf 81' lang='lat' dir='ltr'>adventus</span> <span class='ocrx_word' id='word_1_124' title='bbox 1174 1216 1286 1256; x_wconf 84' lang='lat' dir='ltr'>fama</span> <span class='ocrx_word' id='word_1_125' title='bbox 1331 1215 1481 1270; x_wconf 90' lang='lat' dir='ltr'>primo,</span> <span class='ocrx_word' id='word_1_126' title='bbox 1531 1215 1626 1255; x_wconf 86' lang='lat' dir='ltr'>dein</span> 
     </span>
     <span class='ocr_line' id='line_1_21' title="bbox 270 1277 1626 1336; baseline -0.003 -15"><span class='ocrx_word' id='word_1_127' title='bbox 270 1288 430 1336; x_wconf 88' lang='lat' dir='ltr'>praeter</span> <span class='ocrx_word' id='word_1_128' title='bbox 456 1295 571 1334; x_wconf 87' lang='lat' dir='ltr'>spem</span> <span class='ocrx_word' id='word_1_129' title='bbox 595 1294 709 1320; x_wconf 87' lang='lat' dir='ltr'>mora</span> <span class='ocrx_word' id='word_1_130' title='bbox 734 1294 826 1319; x_wconf 86' lang='lat' dir='ltr'>curn</span> <span class='ocrx_word' id='word_1_131' title='bbox 852 1278 1049 1333; x_wconf 79' lang='lat' dir='ltr'>gaudium</span> <span class='ocrx_word' id='word_1_132' title='bbox 1075 1285 1114 1319; x_wconf 93' lang='lat' dir='ltr'>et</span> <span class='ocrx_word' id='word_1_133' title='bbox 1138 1286 1293 1318; x_wconf 88' lang='lat' dir='ltr'>metum</span> <span class='ocrx_word' id='word_1_134' title='bbox 1317 1277 1360 1317; x_wconf 91' lang='lat' dir='ltr'>in</span> <span class='ocrx_word' id='word_1_135' title='bbox 1385 1277 1516 1318; x_wconf 82' lang='lat' dir='ltr'>vicem</span> <span class='ocrx_word' id='word_1_136' title='bbox 1541 1277 1626 1317; x_wconf 85' lang='lat' dir='ltr'>Ro-</span> 
     </span>
     <span class='ocr_line' id='line_1_22' title="bbox 271 1339 1623 1396; baseline -0.004 -13"><span class='ocrx_word' id='word_1_137' title='bbox 271 1343 401 1383; x_wconf 89' lang='lat' dir='ltr'>manis</span> <span class='ocrx_word' id='word_1_138' title='bbox 446 1340 800 1396; x_wconf 74' lang='lat' dir='ltr'>Syracusanisque</span> <span class='ocrx_word' id='word_1_139' title='bbox 842 1339 1121 1394; x_wconf 82' lang='lat' dir='ltr'>praebuisset,</span> <span class='ocrx_word' id='word_1_140' title='bbox 1170 1339 1380 1394; x_wconf 82' lang='lat' dir='ltr'>Epicydes</span> <span class='ocrx_word' id='word_1_141' title='bbox 1423 1347 1623 1386; x_wconf 85' lang='lat' dir='ltr'>metuens,</span> 
     </span>
     <span class='ocr_line' id='line_1_23' title="bbox 269 1400 1624 1458; baseline -0.004 -13"><span class='ocrx_word' id='word_1_142' title='bbox 269 1420 339 1454; x_wconf 89' lang='lat' dir='ltr'>ne,</span> <span class='ocrx_word' id='word_1_143' title='bbox 390 1405 424 1444; x_wconf 89' lang='lat' dir='ltr'>si</span> <span class='ocrx_word' id='word_1_144' title='bbox 458 1410 675 1458; x_wconf 82' lang='lat' dir='ltr'>pergerent</span> <span class='ocrx_word' id='word_1_145' title='bbox 716 1403 824 1443; x_wconf 90' lang='lat' dir='ltr'>idem</span> <span class='ocrx_word' id='word_1_146' title='bbox 861 1403 931 1455; x_wconf 88' lang='lat' dir='ltr'>qui</span> <span class='ocrx_word' id='word_1_147' title='bbox 966 1409 1052 1442; x_wconf 89' lang='lat' dir='ltr'>tum</span> <span class='ocrx_word' id='word_1_148' title='bbox 1089 1400 1282 1442; x_wconf 87' lang='lat' dir='ltr'>tenebant</span> <span class='ocrx_word' id='word_1_149' title='bbox 1318 1401 1369 1441; x_wconf 87' lang='lat' dir='ltr'>ab</span> <span class='ocrx_word' id='word_1_150' title='bbox 1406 1407 1497 1440; x_wconf 89' lang='lat' dir='ltr'>ortu</span> <span class='ocrx_word' id='word_1_151' title='bbox 1529 1401 1624 1441; x_wconf 86' lang='lat' dir='ltr'>solis</span> 
     </span>
     <span class='ocr_line' id='line_1_24' title="bbox 269 1461 1627 1520; baseline -0.004 -13"><span class='ocrx_word' id='word_1_152' title='bbox 269 1467 367 1507; x_wconf 84' lang='lat' dir='ltr'>flare</span> <span class='ocrx_word' id='word_1_153' title='bbox 403 1481 475 1520; x_wconf 90' lang='lat' dir='ltr'>per</span> <span class='ocrx_word' id='word_1_154' title='bbox 510 1466 597 1505; x_wconf 89' lang='lat' dir='ltr'>dies</span> <span class='ocrx_word' id='word_1_155' title='bbox 633 1464 770 1519; x_wconf 88' lang='lat' dir='ltr'>plures</span> <span class='ocrx_word' id='word_1_156' title='bbox 807 1464 934 1511; x_wconf 67' lang='lat' dir='ltr'>venti,</span> <span class='ocrx_word' id='word_1_157' title='bbox 972 1463 1115 1503; x_wconf 86' lang='lat' dir='ltr'>classis</span> <span class='ocrx_word' id='word_1_158' title='bbox 1151 1462 1310 1502; x_wconf 86' lang='lat' dir='ltr'>Punica</span> <span class='ocrx_word' id='word_1_159' title='bbox 1339 1461 1530 1502; x_wconf 88' lang='lat' dir='ltr'>Africam</span> <span class='ocrx_word' id='word_1_160' title='bbox 1563 1476 1627 1502; x_wconf 90' lang='lat' dir='ltr'>re-</span> 
     </span>
     <span class='ocr_line' id='line_1_25' title="bbox 270 1523 1629 1582; baseline -0.003 -14"><span class='ocrx_word' id='word_1_161' title='bbox 270 1535 442 1582; x_wconf 87' lang='lat' dir='ltr'>peteret,</span> <span class='ocrx_word' id='word_1_162' title='bbox 480 1527 626 1567; x_wconf 88' lang='lat' dir='ltr'>tradita</span> <span class='ocrx_word' id='word_1_163' title='bbox 662 1526 899 1566; x_wconf 77' lang='lat' dir='ltr'>Achradina</span> <span class='ocrx_word' id='word_1_164' title='bbox 936 1525 1306 1565; x_wconf 87' lang='lat' dir='ltr'>mercennariorum</span> <span class='ocrx_word' id='word_1_165' title='bbox 1343 1524 1517 1564; x_wconf 89' lang='lat' dir='ltr'>militum</span> <span class='ocrx_word' id='word_1_166' title='bbox 1554 1523 1629 1564; x_wconf 83' lang='lat' dir='ltr'>(lu-</span> 
     </span>
     <span class='ocr_line' id='line_1_26' title="bbox 272 1586 1630 1641; baseline -0.003 -11"><span class='ocrx_word' id='word_1_167' title='bbox 272 1589 386 1631; x_wconf 87' lang='lat' dir='ltr'>cibus</span> <span class='ocrx_word' id='word_1_168' title='bbox 413 1589 465 1629; x_wconf 89' lang='lat' dir='ltr'>ad</span> <span class='ocrx_word' id='word_1_169' title='bbox 489 1588 763 1629; x_wconf 85' lang='lat' dir='ltr'>Bomilcarem</span> <span class='ocrx_word' id='word_1_170' title='bbox 789 1587 966 1641; x_wconf 73' lang='lat' dir='ltr'>navigat.</span> <span class='ocrx_word' id='word_1_171' title='bbox 1029 1587 1202 1627; x_wconf 88' lang='lat' dir='ltr'>classem</span> <span class='ocrx_word' id='word_1_172' title='bbox 1233 1586 1275 1626; x_wconf 91' lang='lat' dir='ltr'>in</span> <span class='ocrx_word' id='word_1_173' title='bbox 1307 1586 1479 1626; x_wconf 88' lang='lat' dir='ltr'>statione</span> <span class='ocrx_word' id='word_1_174' title='bbox 1510 1600 1630 1627; x_wconf 87' lang='lat' dir='ltr'>versa</span> 
     </span>
     <span class='ocr_line' id='line_1_27' title="bbox 270 1648 1626 1703; baseline -0.003 -11"><span class='ocrx_word' id='word_1_175' title='bbox 270 1653 312 1692; x_wconf 91' lang='lat' dir='ltr'>in</span> <span class='ocrx_word' id='word_1_176' title='bbox 348 1651 535 1691; x_wconf 80' lang='lat' dir='ltr'>Africam</span> <span class='ocrx_word' id='word_1_177' title='bbox 572 1649 791 1690; x_wconf 88' lang='lat' dir='ltr'>habentem</span> <span class='ocrx_word' id='word_1_178' title='bbox 828 1657 949 1702; x_wconf 88' lang='lat' dir='ltr'>atque</span> <span class='ocrx_word' id='word_1_179' title='bbox 986 1649 1196 1690; x_wconf 88' lang='lat' dir='ltr'>timentem</span> <span class='ocrx_word' id='word_1_180' title='bbox 1234 1649 1378 1690; x_wconf 80' lang='lat' dir='ltr'>navale</span> <span class='ocrx_word' id='word_1_181' title='bbox 1415 1648 1626 1703; x_wconf 88' lang='lat' dir='ltr'>proelium,</span> 
     </span>
     <span class='ocr_line' id='line_1_28' title="bbox 270 1711 1630 1766; baseline -0.002 -13"><span class='ocrx_word' id='word_1_182' title='bbox 270 1728 351 1753; x_wconf 93' lang='lat' dir='ltr'>non</span> <span class='ocrx_word' id='word_1_183' title='bbox 377 1722 459 1752; x_wconf 89' lang='lat' dir='ltr'>tam</span> <span class='ocrx_word' id='word_1_184' title='bbox 485 1712 595 1765; x_wconf 88' lang='lat' dir='ltr'>quod</span> <span class='ocrx_word' id='word_1_185' title='bbox 626 1712 758 1766; x_wconf 85' lang='lat' dir='ltr'>impar</span> <span class='ocrx_word' id='word_1_186' title='bbox 787 1711 942 1752; x_wconf 68' lang='lat' dir='ltr'>viribus</span> <span class='ocrx_word' id='word_1_187' title='bbox 974 1719 1043 1751; x_wconf 88' lang='lat' dir='ltr'>aut</span> <span class='ocrx_word' id='word_1_188' title='bbox 1072 1725 1242 1751; x_wconf 89' lang='lat' dir='ltr'>numero</span> <span class='ocrx_word' id='word_1_189' title='bbox 1273 1711 1439 1751; x_wconf 72' lang='lat' dir='ltr'>navium</span> <span class='ocrx_word' id='word_1_190' title='bbox 1465 1717 1573 1751; x_wconf 85' lang='lat' dir='ltr'>esset</span> <span class='ocrx_word' id='word_1_191' title='bbox 1596 1735 1630 1739; x_wconf 88' lang='lat'>—</span> 
     </span>
     <span class='ocr_line' id='line_1_29' title="bbox 271 1772 1628 1828; baseline -0.001 -14"><span class='ocrx_word' id='word_1_192' title='bbox 271 1775 422 1828; x_wconf 84' lang='lat' dir='ltr'>quippe</span> <span class='ocrx_word' id='word_1_193' title='bbox 449 1774 570 1814; x_wconf 88' lang='lat' dir='ltr'>ctiam</span> <span class='ocrx_word' id='word_1_194' title='bbox 595 1773 732 1827; x_wconf 87' lang='lat' dir='ltr'>plures</span> <span class='ocrx_word' id='word_1_195' title='bbox 759 1773 1000 1822; x_wconf 86' lang='lat' dir='ltr'>habebat—,</span> <span class='ocrx_word' id='word_1_196' title='bbox 1033 1788 1155 1825; x_wconf 89' lang='lat' dir='ltr'>quam</span> <span class='ocrx_word' id='word_1_197' title='bbox 1182 1773 1292 1826; x_wconf 85' lang='lat' dir='ltr'>quod</span> <span class='ocrx_word' id='word_1_198' title='bbox 1317 1772 1427 1813; x_wconf 76' lang='lat' dir='ltr'>venti</span> <span class='ocrx_word' id='word_1_199' title='bbox 1452 1772 1628 1826; x_wconf 87' lang='lat' dir='ltr'>aptiores</span> 
     </span>
     <span class='ocr_line' id='line_1_30' title="bbox 272 1835 1631 1888; baseline -0.001 -12"><span class='ocrx_word' id='word_1_200' title='bbox 272 1836 482 1877; x_wconf 81' lang='lat' dir='ltr'>Romanae</span> <span class='ocrx_word' id='word_1_201' title='bbox 519 1850 642 1888; x_wconf 86' lang='lat' dir='ltr'>quam</span> <span class='ocrx_word' id='word_1_202' title='bbox 680 1850 778 1876; x_wconf 88' lang='lat' dir='ltr'>suae</span> <span class='ocrx_word' id='word_1_203' title='bbox 815 1835 937 1876; x_wconf 89' lang='lat' dir='ltr'>classi</span> <span class='ocrx_word' id='word_1_204' title='bbox 973 1835 1133 1883; x_wconf 87' lang='lat' dir='ltr'>fiarent,</span> <span class='ocrx_word' id='word_1_205' title='bbox 1177 1835 1354 1888; x_wconf 87' lang='lat' dir='ltr'>perpulit</span> <span class='ocrx_word' id='word_1_206' title='bbox 1389 1840 1543 1883; x_wconf 88' lang='lat' dir='ltr'>tamen,</span> <span class='ocrx_word' id='word_1_207' title='bbox 1586 1840 1631 1874; x_wconf 87' lang='lat' dir='ltr'>ut</span> 
     </span>
     <span class='ocr_line' id='line_1_31' title="bbox 273 1895 1628 1952; baseline -0.003 -13"><span class='ocrx_word' id='word_1_208' title='bbox 273 1900 479 1940; x_wconf 84' lang='lat' dir='ltr'>fortunam</span> <span class='ocrx_word' id='word_1_209' title='bbox 504 1898 661 1939; x_wconf 63' lang='lat' dir='ltr'>navalis</span> <span class='ocrx_word' id='word_1_210' title='bbox 688 1898 920 1939; x_wconf 89' lang='lat' dir='ltr'>certaminis</span> <span class='ocrx_word' id='word_1_211' title='bbox 947 1897 1121 1952; x_wconf 81' lang='lat' dir='ltr'>experiri</span> <span class='ocrx_word' id='word_1_212' title='bbox 1145 1897 1278 1938; x_wconf 68' lang='lat' dir='ltr'>vellet.</span> <span class='ocrx_word' id='word_1_213' title='bbox 1328 1903 1367 1937; x_wconf 90' lang='lat' dir='ltr'>et</span> <span class='ocrx_word' id='word_1_214' title='bbox 1391 1895 1628 1945; x_wconf 82' lang='lat' dir='ltr'>Marcellus,</span> 
     </span>
     <span class='ocr_line' id='line_1_32' title="bbox 274 1958 1627 2006; baseline -0.002 -5"><span class='ocrx_word' id='word_1_215' title='bbox 274 1977 367 2002; x_wconf 87' lang='lat' dir='ltr'>cum</span> <span class='ocrx_word' id='word_1_216' title='bbox 393 1968 431 2002; x_wconf 90' lang='lat' dir='ltr'>et</span> <span class='ocrx_word' id='word_1_217' title='bbox 464 1960 650 2002; x_wconf 86' lang='lat' dir='ltr'>Siculum</span> <span class='ocrx_word' id='word_1_218' title='bbox 682 1961 906 2001; x_wconf 82' lang='lat' dir='ltr'>exercitum</span> <span class='ocrx_word' id='word_1_219' title='bbox 937 1975 988 2000; x_wconf 77' lang='lat' dir='ltr'>ex</span> <span class='ocrx_word' id='word_1_220' title='bbox 1013 1967 1097 2000; x_wconf 87' lang='lat' dir='ltr'>tota</span> <span class='ocrx_word' id='word_1_221' title='bbox 1127 1959 1261 2000; x_wconf 87' lang='lat' dir='ltr'>insula</span> <span class='ocrx_word' id='word_1_222' title='bbox 1286 1959 1437 2000; x_wconf 88' lang='lat' dir='ltr'>conciri</span> <span class='ocrx_word' id='word_1_223' title='bbox 1460 1958 1627 2006; x_wconf 75' lang='lat' dir='ltr'>videret,</span> 
     </span>
     <span class='ocr_line' id='line_1_33' title="bbox 274 2021 1630 2078; baseline -0.003 -15"><span class='ocrx_word' id='word_1_224' title='bbox 274 2031 312 2063; x_wconf 87' lang='lat' dir='ltr'>et</span> <span class='ocrx_word' id='word_1_225' title='bbox 338 2038 430 2064; x_wconf 92' lang='lat' dir='ltr'>cum</span> <span class='ocrx_word' id='word_1_226' title='bbox 455 2023 612 2078; x_wconf 85' lang='lat' dir='ltr'>ingenti</span> <span class='ocrx_word' id='word_1_227' title='bbox 637 2029 869 2063; x_wconf 88' lang='lat' dir='ltr'>commeatu</span> <span class='ocrx_word' id='word_1_228' title='bbox 895 2022 1068 2063; x_wconf 88' lang='lat' dir='ltr'>classem</span> <span class='ocrx_word' id='word_1_229' title='bbox 1093 2021 1294 2061; x_wconf 82' lang='lat' dir='ltr'>Punicam</span> <span class='ocrx_word' id='word_1_230' title='bbox 1320 2021 1552 2067; x_wconf 82' lang='lat' dir='ltr'>adventare,</span> <span class='ocrx_word' id='word_1_231' title='bbox 1578 2033 1630 2059; x_wconf 93' lang='lat' dir='ltr'>ne</span> 
     </span>
     <span class='ocr_line' id='line_1_34' title="bbox 275 2083 1627 2137; baseline -0.001 -13"><span class='ocrx_word' id='word_1_232' title='bbox 275 2085 396 2124; x_wconf 88' lang='lat' dir='ltr'>simul</span> <span class='ocrx_word' id='word_1_233' title='bbox 437 2092 543 2125; x_wconf 84' lang='lat' dir='ltr'>terra</span> <span class='ocrx_word' id='word_1_234' title='bbox 585 2084 768 2137; x_wconf 89' lang='lat' dir='ltr'>marique</span> <span class='ocrx_word' id='word_1_235' title='bbox 808 2084 991 2125; x_wconf 89' lang='lat' dir='ltr'>inclusus</span> <span class='ocrx_word' id='word_1_236' title='bbox 1034 2083 1134 2123; x_wconf 89' lang='lat' dir='ltr'>urbe</span> <span class='ocrx_word' id='word_1_237' title='bbox 1175 2083 1355 2123; x_wconf 88' lang='lat' dir='ltr'>hostium</span> <span class='ocrx_word' id='word_1_238' title='bbox 1401 2088 1627 2136; x_wconf 87' lang='lat' dir='ltr'>urgeretur,</span> 
     </span>
     <span class='ocr_line' id='line_1_35' title="bbox 274 2143 1630 2200; baseline -0.002 -14"><span class='ocrx_word' id='word_1_239' title='bbox 274 2160 523 2199; x_wconf 88' lang='lat' dir='ltr'>quamquam</span> <span class='ocrx_word' id='word_1_240' title='bbox 554 2147 686 2200; x_wconf 88' lang='lat' dir='ltr'>impar</span> <span class='ocrx_word' id='word_1_241' title='bbox 715 2161 885 2187; x_wconf 87' lang='lat' dir='ltr'>numero</span> <span class='ocrx_word' id='word_1_242' title='bbox 920 2145 1088 2186; x_wconf 68' lang='lat' dir='ltr'>navium</span> <span class='ocrx_word' id='word_1_243' title='bbox 1119 2151 1221 2194; x_wconf 88' lang='lat' dir='ltr'>erat,</span> <span class='ocrx_word' id='word_1_244' title='bbox 1266 2143 1481 2198; x_wconf 85' lang='lat' dir='ltr'>prohibere</span> <span class='ocrx_word' id='word_1_245' title='bbox 1517 2143 1630 2184; x_wconf 88' lang='lat' dir='ltr'>aditu</span> 
     </span>
     <span class='ocr_line' id='line_1_36' title="bbox 278 2205 1632 2263; baseline -0.002 -15"><span class='ocrx_word' id='word_1_246' title='bbox 278 2209 576 2263; x_wconf 66' lang='lat' dir='ltr'>Syracusarum</span> <span class='ocrx_word' id='word_1_247' title='bbox 612 2208 886 2248; x_wconf 87' lang='lat' dir='ltr'>Bomilcarem</span> <span class='ocrx_word' id='word_1_248' title='bbox 924 2206 1143 2248; x_wconf 85' lang='lat' dir='ltr'>constituit.</span> <span class='ocrx_word' id='word_1_249' title='bbox 1228 2207 1333 2246; x_wconf 84' lang='lat' dir='ltr'>duae</span> <span class='ocrx_word' id='word_1_250' title='bbox 1376 2205 1529 2246; x_wconf 88' lang='lat' dir='ltr'>classes</span> <span class='ocrx_word' id='word_1_251' title='bbox 1571 2205 1632 2245; x_wconf 92' lang='lat' dir='ltr'>in-</span> 
     </span>
     <span class='ocr_line' id='line_1_37' title="bbox 275 2267 1634 2324; baseline -0.001 -15"><span class='ocrx_word' id='word_1_252' title='bbox 275 2270 405 2310; x_wconf 85' lang='lat' dir='ltr'>festae</span> <span class='ocrx_word' id='word_1_253' title='bbox 431 2271 538 2311; x_wconf 87' lang='lat' dir='ltr'>circa</span> <span class='ocrx_word' id='word_1_254' title='bbox 561 2269 892 2324; x_wconf 80' lang='lat' dir='ltr'>pronumturium</span> <span class='ocrx_word' id='word_1_255' title='bbox 917 2269 1161 2324; x_wconf 85' lang='lat' dir='ltr'>Pachynum</span> <span class='ocrx_word' id='word_1_256' title='bbox 1187 2267 1367 2317; x_wconf 89' lang='lat' dir='ltr'>stabant,</span> <span class='ocrx_word' id='word_1_257' title='bbox 1405 2267 1477 2308; x_wconf 91' lang='lat' dir='ltr'>ubi</span> <span class='ocrx_word' id='word_1_258' title='bbox 1500 2267 1634 2321; x_wconf 86' lang='lat' dir='ltr'>prima</span> 
     </span>
     <span class='ocr_line' id='line_1_38' title="bbox 276 2329 1633 2385; baseline -0.003 -13"><span class='ocrx_word' id='word_1_259' title='bbox 276 2332 544 2385; x_wconf 86' lang='lat' dir='ltr'>tranquillitas</span> <span class='ocrx_word' id='word_1_260' title='bbox 570 2332 693 2372; x_wconf 85' lang='lat' dir='ltr'>maris</span> <span class='ocrx_word' id='word_1_261' title='bbox 718 2332 761 2371; x_wconf 89' lang='lat' dir='ltr'>in</span> <span class='ocrx_word' id='word_1_262' title='bbox 785 2331 913 2372; x_wconf 88' lang='lat' dir='ltr'>altum</span> <span class='ocrx_word' id='word_1_263' title='bbox 938 2331 1142 2372; x_wconf 76' lang='lat' dir='ltr'>evexisset</span> <span class='ocrx_word' id='word_1_264' title='bbox 1167 2343 1452 2371; x_wconf 87' lang='lat' dir='ltr'>eoncursurae.</span> <span class='ocrx_word' id='word_1_265' title='bbox 1495 2329 1633 2381; x_wconf 86' lang='lat' dir='ltr'>itaque</span> 
     </span>
     <span class='ocr_line' id='line_1_39' title="bbox 277 2390 1634 2447; baseline -0.002 -14"><span class='ocrx_word' id='word_1_266' title='bbox 277 2394 445 2434; x_wconf 82' lang='lat' dir='ltr'>cadente</span> <span class='ocrx_word' id='word_1_267' title='bbox 482 2394 564 2434; x_wconf 87' lang='lat' dir='ltr'>iam</span> <span class='ocrx_word' id='word_1_268' title='bbox 601 2408 716 2443; x_wconf 89' lang='lat' dir='ltr'>euro,</span> <span class='ocrx_word' id='word_1_269' title='bbox 755 2393 824 2446; x_wconf 90' lang='lat' dir='ltr'>qui</span> <span class='ocrx_word' id='word_1_270' title='bbox 853 2408 927 2447; x_wconf 89' lang='lat' dir='ltr'>per</span> <span class='ocrx_word' id='word_1_271' title='bbox 963 2392 1049 2433; x_wconf 84' lang='lat' dir='ltr'>dies</span> <span class='ocrx_word' id='word_1_272' title='bbox 1081 2392 1238 2445; x_wconf 84' lang='lat' dir='ltr'>aliquot</span> <span class='ocrx_word' id='word_1_273' title='bbox 1269 2391 1487 2439; x_wconf 79' lang='lat' dir='ltr'>saevierat,</span> <span class='ocrx_word' id='word_1_274' title='bbox 1524 2390 1634 2444; x_wconf 77' lang='lat' dir='ltr'>prlor</span> 
     </span>
     <span class='ocr_line' id='line_1_40' title="bbox 276 2452 1631 2509; baseline -0.001 -15"><span class='ocrx_word' id='word_1_275' title='bbox 276 2455 482 2496; x_wconf 87' lang='lat' dir='ltr'>Bomilcar</span> <span class='ocrx_word' id='word_1_276' title='bbox 507 2456 652 2504; x_wconf 81' lang='lat' dir='ltr'>movit,</span> <span class='ocrx_word' id='word_1_277' title='bbox 679 2455 795 2496; x_wconf 89' lang='lat' dir='ltr'>cuius</span> <span class='ocrx_word' id='word_1_278' title='bbox 820 2455 952 2509; x_wconf 87' lang='lat' dir='ltr'>primo</span> <span class='ocrx_word' id='word_1_279' title='bbox 978 2454 1121 2495; x_wconf 84' lang='lat' dir='ltr'>classis</span> <span class='ocrx_word' id='word_1_280' title='bbox 1146 2460 1284 2508; x_wconf 88' lang='lat' dir='ltr'>petere</span> <span class='ocrx_word' id='word_1_281' title='bbox 1304 2453 1430 2494; x_wconf 88' lang='lat' dir='ltr'>altum</span> <span class='ocrx_word' id='word_1_282' title='bbox 1450 2452 1539 2493; x_wconf 74' lang='lat' dir='ltr'>visa-</span> <span class='ocrx_word' id='word_1_283' title='bbox 1558 2458 1631 2501; x_wconf 88' lang='lat' dir='ltr'>est,</span> 
     </span>
    </p>
   </div>
   <div class='ocr_carea' id='block_1_8' title="bbox 234 2517 1632 2572">
    <p class='ocr_par' dir='ltr' id='par_1_8' title="bbox 234 2517 1632 2572">
     <span class='ocr_line' id='line_1_41' title="bbox 234 2517 1632 2572; baseline -0.002 -16"><span class='ocrx_word' id='word_1_284' title='bbox 234 2533 239 2538; x_wconf 89' lang='lat'>·</span> <span class='ocrx_word' id='word_1_285' title='bbox 277 2532 357 2569; x_wconf 85' lang='lat' dir='ltr'>quo</span> <span class='ocrx_word' id='word_1_286' title='bbox 382 2517 543 2559; x_wconf 87' lang='lat' dir='ltr'>facilius</span> <span class='ocrx_word' id='word_1_287' title='bbox 570 2529 779 2571; x_wconf 85' lang='lat' dir='ltr'>superaret</span> <span class='ocrx_word' id='word_1_288' title='bbox 804 2517 1143 2572; x_wconf 86' lang='lat' dir='ltr'>promunturium.</span> <span class='ocrx_word' id='word_1_289' title='bbox 1205 2522 1384 2557; x_wconf 87' lang='lat' dir='ltr'>ceterum</span> <span class='ocrx_word' id='word_1_290' title='bbox 1414 2520 1632 2569; x_wconf 87' lang='lat' dir='ltr'>postquam</span> 
     </span>
    </p>
   </div>
   <div class='ocr_carea' id='block_1_9' title="bbox 278 2575 1633 2754">
    <p class='ocr_par' dir='ltr' id='par_1_9' title="bbox 278 2575 1633 2754">
     <span class='ocr_line' id='line_1_42' title="bbox 279 2575 1633 2630; baseline -0.001 -14"><span class='ocrx_word' id='word_1_291' title='bbox 279 2578 441 2619; x_wconf 88' lang='lat' dir='ltr'>tendere</span> <span class='ocrx_word' id='word_1_292' title='bbox 467 2580 519 2619; x_wconf 88' lang='lat' dir='ltr'>ad</span> <span class='ocrx_word' id='word_1_293' title='bbox 545 2595 588 2620; x_wconf 87' lang='lat' dir='ltr'>se</span> <span class='ocrx_word' id='word_1_294' title='bbox 613 2580 823 2620; x_wconf 82' lang='lat' dir='ltr'>Romanas</span> <span class='ocrx_word' id='word_1_295' title='bbox 853 2593 980 2619; x_wconf 85' lang='lat' dir='ltr'>naves</span> <span class='ocrx_word' id='word_1_296' title='bbox 1006 2578 1125 2627; x_wconf 78' lang='lat' dir='ltr'>vidit,</span> <span class='ocrx_word' id='word_1_297' title='bbox 1162 2578 1362 2619; x_wconf 82' lang='lat' dir='ltr'>incertum</span> <span class='ocrx_word' id='word_1_298' title='bbox 1388 2591 1469 2630; x_wconf 83' lang='lat' dir='ltr'>qua</span> <span class='ocrx_word' id='word_1_299' title='bbox 1499 2575 1633 2616; x_wconf 88' lang='lat' dir='ltr'>subita</span> 
     </span>
     <span class='ocr_line' id='line_1_43' title="bbox 278 2635 1630 2691; baseline -0.003 -13"><span class='ocrx_word' id='word_1_300' title='bbox 278 2640 438 2681; x_wconf 80' lang='lat' dir='ltr'>territus</span> <span class='ocrx_word' id='word_1_301' title='bbox 463 2656 506 2681; x_wconf 90' lang='lat' dir='ltr'>re</span> <span class='ocrx_word' id='word_1_302' title='bbox 520 2641 728 2681; x_wconf 89' lang='lat' dir='ltr'>Bomilcar</span> <span class='ocrx_word' id='word_1_303' title='bbox 753 2641 843 2682; x_wconf 66' lang='lat' dir='ltr'>vela</span> <span class='ocrx_word' id='word_1_304' title='bbox 867 2641 908 2681; x_wconf 91' lang='lat' dir='ltr'>in</span> <span class='ocrx_word' id='word_1_305' title='bbox 933 2641 1060 2681; x_wconf 87' lang='lat' dir='ltr'>altum</span> <span class='ocrx_word' id='word_1_306' title='bbox 1086 2640 1209 2689; x_wconf 90' lang='lat' dir='ltr'>dedit,</span> <span class='ocrx_word' id='word_1_307' title='bbox 1236 2639 1454 2691; x_wconf 87' lang='lat' dir='ltr'>missisque</span> <span class='ocrx_word' id='word_1_308' title='bbox 1479 2635 1630 2677; x_wconf 90' lang='lat' dir='ltr'>nuntiis</span> 
     </span>
     <span class='ocr_line' id='line_1_44' title="bbox 279 2699 1631 2754; baseline -0.003 -15"><span class='ocrx_word' id='word_1_309' title='bbox 279 2699 549 2750; x_wconf 86' lang='lat' dir='ltr'>Heracleam,</span> <span class='ocrx_word' id='word_1_310' title='bbox 597 2703 666 2754; x_wconf 86' lang='lat' dir='ltr'>qui</span> <span class='ocrx_word' id='word_1_311' title='bbox 703 2702 908 2743; x_wconf 86' lang='lat' dir='ltr'>onerarias</span> <span class='ocrx_word' id='word_1_312' title='bbox 943 2709 1050 2742; x_wconf 89' lang='lat' dir='ltr'>retro</span> <span class='ocrx_word' id='word_1_313' title='bbox 1093 2702 1186 2741; x_wconf 88' lang='lat' dir='ltr'>inde</span> <span class='ocrx_word' id='word_1_314' title='bbox 1222 2700 1408 2740; x_wconf 83' lang='lat' dir='ltr'>Africam</span> <span class='ocrx_word' id='word_1_315' title='bbox 1450 2703 1631 2751; x_wconf 86' lang='lat' dir='ltr'>repetere</span> 
     </span>
    </p>
   </div>
  </div>
 </body>
</html>
