1815 3184
465 253 619 287 LIBER
642 253 849 297 XXvnn,
876 253 929 286 21.
950 252 1005 287 22.
1034 255 1082 295 [a.
1098 250 1135 286 0.
1150 251 1232 295 204]
1445 223 1530 284 4635

173 372 279 411 quae
317 357 486 412 vulgata
522 355 781 397 sermonibus
813 362 930 397 erant
960 355 1010 396 de
1042 355 1154 396 cultu
1186 369 1234 395 ac
1265 354 1422 395 desidia
1453 354 1529 394 im-

172 419 374 474 peratoris
414 419 629 471 solutaque
666 418 884 473 disciplina
919 417 1107 466 militiae,
1152 425 1363 472 comperta
1399 416 1527 457 oculis

172 482 375 522 referrent
398 481 590 521 Romam.

258 542 414 583 XXII.
473 541 749 584 Venientibus
786 541 835 582 iis
875 540 1106 596 Syracusas
1146 539 1286 596 Scipio
1322 555 1407 589 res,
1445 554 1527 580 non

174 605 301 644 verba
329 604 381 644 ad
405 604 668 659 purgandum
694 619 786 644 sese
811 603 984 658 paravit.
1040 602 1265 643 exercitum
1291 617 1455 643 omnem
1480 616 1529 642 60

174 666 413 713 convenire,
441 666 618 706 classem
643 666 827 720 expediri
851 665 989 714 iussit,
1015 672 1226 718 tamquam
1251 664 1529 705 dimicandum

174 742 223 768 eo
249 727 314 767 die
346 735 454 768 terra
484 728 668 780 marique
700 742 792 768 cum
819 726 1234 781 Carthaginiensibus
1266 734 1388 767 esset.
1449 740 1528 779 quo

175 789 241 829 die
274 796 475 829 venerunt
504 789 683 844 hospitio
716 789 885 829 comiter
917 789 1116 843 acceptis,
1154 795 1321 843 postero
1354 788 1419 828 die
1450 796 1530 828 ter-

173 858 348 891 restrem
372 851 646 904 navalemque
672 851 916 899 exercitum,
943 865 1025 891 non
1045 850 1267 891 instructos
1288 850 1430 898 modo,
1458 849 1532 889 sed

175 914 251 954 hos
284 913 557 961 decurrentis,
595 913 772 953 classem
802 913 845 952 in
875 920 997 967 portu
1029 912 1295 952 simulacrum
1325 920 1366 952 et
1395 912 1530 966 ipsam

174 975 366 1016 edentem
391 975 550 1014 navalis
575 989 759 1028 pugnae,
786 974 984 1022 ostendit,
1012 980 1098 1013 tum
1125 973 1232 1014 circa
1256 982 1530 1013 armamenta-

173 1037 235 1077 ria
259 1044 299 1077 et
324 1036 470 1076 horrea
495 1035 701 1087 aliumque
725 1035 822 1075 belli
849 1043 1093 1088 apparatum
1118 1035 1336 1075 visendum
1365 1042 1531 1089 praetor

174 1097 383 1152 legatique
409 1097 538 1144 ducti3
571 1104 767 1148 tantaque
794 1096 1009 1136 admiratio
1036 1096 1293 1150 singularum
1317 1096 1531 1136 universa-

172 1173 345 1211 rumque
376 1173 513 1197 rerum
543 1157 729 1205 incussa,
767 1164 812 1196 ut
843 1157 943 1196 satis
975 1157 1190 1197 crederent
1221 1165 1291 1197 aut
1320 1157 1390 1197 illo
1427 1158 1530 1198 duce

174 1228 297 1272 atque
329 1218 512 1259 exercitu
543 1218 652 1258 vinci
684 1217 1075 1273 Carthaginiensem
1106 1219 1305 1273 populum
1342 1226 1413 1258 aut
1450 1218 1529 1259 alio

172 1281 285 1322 nullo
304 1295 443 1335 posse,
469 1280 752 1333 iuberentque,
780 1281 891 1333 quod
910 1281 950 1320 di
970 1281 1076 1321 bene
1098 1288 1317 1329 verterent,
1344 1280 1529 1329 traicere,

173 1350 215 1384 et
240 1343 328 1397 spei
354 1350 596 1397 conceptae,
624 1357 703 1395 quo
730 1342 795 1382 die
820 1342 936 1382 illum
960 1358 1103 1383 omnes
1126 1342 1334 1383 centuriae
1352 1341 1532 1397 priorem

174 1405 388 1446 consulem
429 1405 649 1453 dixissent,
710 1405 831 1445 1111110
875 1419 1037 1458 quoque
1075 1412 1260 1459 tempore
1298 1412 1532 1458 compotem

174 1467 374 1522 populum
402 1466 640 1507 Romanum
670 1467 820 1507 facere.
881 1467 1066 1519 adeoque
1105 1466 1224 1507 laetis
1256 1466 1351 1506 inde
1383 1466 1529 1506 animis

174 1529 350 1584 profecti
382 1537 495 1577 sunt,
533 1537 744 1582 tamquam
770 1529 1002 1578 victoriam,
1034 1544 1118 1570 non
1142 1528 1240 1569 belli
1264 1528 1529 1582 magnificum

176 1599 419 1646 apparatum
444 1591 669 1631 nuntiaturi
693 1591 872 1632 Romam
897 1598 1049 1631 essent.

258 1652 488 1693 Pleminius
526 1653 677 1705 quique
714 1652 756 1692 in
793 1653 938 1693 eadem
976 1667 1102 1692 causa
1138 1659 1272 1701 erant,
1309 1659 1531 1706 postquam

175 1715 353 1754 Romam
390 1722 454 1754 est
489 1722 658 1755 ventum
695 1714 902 1769 extemplo
938 1714 980 1754 111
1018 1728 1224 1755 carcerem
1256 1714 1421 1754 conditi.
1483 1728 1531 1754 ac

174 1776 306 1831 primo
339 1776 527 1830 producti
558 1777 610 1817 ad
641 1776 840 1830 populum
871 1777 922 1816 ab
955 1776 1128 1816 tribunis
1162 1776 1271 1830 apud
1307 1790 1531 1830 praeoccu-

174 1845 293 1892 patos
320 1837 597 1878 Locrensium
628 1838 743 1879 clade
770 1838 929 1878 animos
955 1838 1113 1878 nullum
1138 1837 1444 1878 misericordiae
1469 1838 1530 1878 lo-

175 1914 269 1939 cum
294 1899 539 1940 habuerunt.
600 1909 746 1955 postea
772 1915 865 1940 cum
891 1901 1056 1955 saepius
1082 1901 1420 1955 producerentur,
1447 1901 1530 1940 iam

176 1970 417 2003 senescente
453 1962 608 2003 invidia
643 1963 932 2003 molliebantur
967 1963 1052 2004 irae
1090 1971 1130 2004 et
1165 1963 1256 2018 ipsa
1288 1963 1528 2004 deformitas

174 2024 353 2065 Plemini
378 2025 658 2078 memoriaque
690 2025 873 2066 absentis
901 2024 1109 2080 Scipionis
1141 2026 1326 2066 favorem
1358 2026 1410 2066 ad
1440 2025 1530 2065 vul-

152 2083 162 2089 ⁵
175 2101 275 2140 gum
315 2087 572 2128 conciliabat.
632 2095 817 2128 mortuus
861 2094 998 2128 tamen
1039 2087 1154 2142 prius
1191 2087 1233 2127 in
1269 2087 1414 2128 vinclis
1453 2094 1528 2134 est,

175 2162 299 2200 quam
329 2148 525 2188 iudicium
556 2149 606 2189 de
639 2164 687 2190 eo
719 2149 862 2204 populi
898 2150 1176 2204 perficeretur.
1236 2150 1346 2190 hunc
1374 2149 1530 2190 Plemi-

174 2210 287 2249 nium
316 2208 489 2251 Clodius
521 2211 695 2252 Licinus
726 2211 769 2251 in
799 2212 903 2252 libro
935 2212 1054 2253 tertio
1084 2227 1221 2252 rerum
1245 2212 1528 2253 Romanarum

174 2272 300 2311 refert
325 2271 433 2312 ludis
459 2272 627 2322 votivis,
654 2287 757 2326 quos
781 2273 943 2315 Romae
960 2274 1186 2314 Africanus
1212 2274 1361 2314 iterum
1386 2274 1530 2314 consul

176 2334 372 2383 faciebat,
411 2342 604 2375 conatum
632 2350 707 2390 per
738 2337 959 2389 quosdam,
992 2351 1095 2390 quos
1120 2337 1252 2392 pretio
1278 2344 1528 2391 corruperat,

176 2395 331 2448 aliquot
372 2396 473 2437 Iocis
516 2398 662 2438 urbem
704 2398 948 2447 incendere,
998 2405 1043 2438 ut
1085 2397 1305 2452 frangendi
1353 2398 1528 2438 carceris

175 2457 445 2511 fugiendique
482 2459 653 2500 haberet
689 2460 968 2510 occasionem3
1005 2460 1214 2515 patefacto
1247 2459 1342 2500 dein
1375 2460 1529 2501 scelere

176 2519 412 2574 delegatum
436 2521 478 2560 in
499 2521 738 2562 Tullianum
763 2538 815 2563 ex
835 2530 1001 2563 senatus
1023 2522 1224 2563 consulto.
1263 2522 1313 2562 de
1334 2520 1528 2577 Scipione

174 2596 379 2634 nusquam
409 2583 489 2624 nisi
519 2584 562 2624 in
593 2592 739 2625 senatu
770 2592 924 2634 actum,
965 2585 1033 2625 ubi
1063 2599 1206 2625 omnes
1244 2583 1453 2638 legatique
1490 2592 1531 2625 et

175 2644 346 2694 tribuni,
379 2645 556 2686 classem
581 2661 691 2695 eam,
724 2647 949 2687 exercitum
975 2647 1204 2699 ducemque
1230 2645 1366 2687 verbis
1399 2646 1529 2687 extol-

174 2705 326 2755 lentes,
353 2708 558 2757 fecerunt,
583 2716 629 2749 ut
654 2717 821 2749 senatus
848 2716 1053 2758 censeret,
1079 2709 1211 2763 primo
1237 2722 1401 2761 quoque
1426 2716 1529 2749 tem-

241 2773 305 2799 Liri
325 2773 378 2800 rol.
395 2773 427 2801 ll.
1259 2774 1303 2808 30

1555 740 1573 768 [ὗ

1558 1295 1576 1323 5

1557 1480 1575 1508 6

1557 2537 1594 2566 11
