1815 3184
448 249 601 283 Lissna
624 249 830 293 XXVIJH,
856 250 909 283 20.
931 250 985 283 21.
1014 250 1210 292 [auaui]
1424 241 1507 281 463

158 368 288 407 eoque
327 352 476 394 similia
511 346 619 393 veris
656 353 928 401 iactabantur,
966 360 1104 393 tamen
1135 352 1233 392 vicit
1263 352 1316 404 Q.
1347 352 1511 394 Metelli

159 415 381 463 sententia,
421 414 490 467 qui
522 415 572 455 de
604 414 750 454 ceteris
775 414 964 455 Maximo
997 415 1198 454 adsensus
1225 415 1275 454 de
1303 414 1510 469 Scipionis

159 491 285 517 causa
316 476 530 516 dissensit:
568 476 637 528 qui
663 476 771 515 enim
798 475 1035 524 convenire,
1070 490 1192 528 quem
1216 476 1340 516 modo
1366 477 1510 517 civitas

158 539 349 579 iuvenem
376 538 599 579 admodum
622 538 928 592 recuperandae
954 538 1186 591 Hispaniae
1213 538 1412 592 delegerit
1438 539 1512 578 du-

159 615 266 649 cem,
294 615 415 653 quem
439 607 606 654 recepta
632 601 683 640 ab
709 600 896 640 hostibus
914 600 1121 653 Hispania
1147 600 1198 639 ad
1217 599 1512 654 imponendum

158 662 317 703 Punico
348 662 459 703 bello
488 662 613 701 finem
643 661 842 701 creaverit
873 662 1103 709 consulem,
1143 676 1214 715 spe
1247 661 1514 702 destinaverit

161 723 350 763 Africam
376 724 659 772 subacturum,
691 723 973 763 Hannibalem
998 738 1048 763 ex
1074 723 1195 763 Italia
1221 723 1510 771 detracturum,

161 800 254 825 eum
278 793 446 839 repente
474 793 683 838 tamquam
704 784 757 835 Q.
772 785 1041 833 Pleminium,
1066 785 1219 824 indicta
1239 799 1365 825 causa
1383 800 1511 839 prope

161 848 418 896 damnatum,
457 862 508 887 ex
538 847 750 901 provincia
780 847 984 894 revocari,
1023 860 1115 886 cum
1147 861 1213 895 ea,
1253 860 1357 899 quae
1388 846 1430 886 in
1469 861 1512 886 se

159 909 315 949 nefarie
336 909 445 949 faeta
464 910 700 949 Locrenses
723 915 1001 961 quererentur,
1028 923 1079 947 ne
1104 915 1322 961 praesente
1348 908 1513 960 quidem

162 969 356 1024 Scipione
387 971 497 1010 facta
528 970 728 1018 dicerent,
766 984 900 1022 neque
932 969 1043 1009 aliud
1074 983 1196 1021 quam
1222 970 1419 1023 patientia
1445 980 1514 1009 aut

159 1033 304 1086 pudor,
343 1032 453 1085 quod
484 1032 621 1085 legato
652 1031 925 1085 pepercisset,
963 1031 1192 1070 insimulari
1222 1032 1389 1084 posset?
1437 1031 1515 1071 sibi
1540 1043 1559 1069 4

159 1094 321 1147 placere
346 1093 408 1133 M.
434 1093 713 1146 Pomponium
743 1099 994 1146 praetorem,
1033 1092 1098 1131 cui
1132 1090 1273 1132 Sicilia
1303 1092 1515 1146 provincia

160 1154 259 1195 sorti
290 1153 490 1202 venisset,
528 1153 663 1193 triduo
700 1153 889 1208 proximo
926 1153 968 1192 in
1003 1153 1258 1206 prox-inciam
1294 1154 1513 1206 proficisci,

158 1215 348 1256 consules
381 1215 524 1255 decem
554 1215 714 1269 legatos
748 1228 850 1267 quos
883 1214 932 1254 iis
964 1214 1172 1254 videretur
1203 1228 1255 1254 ex
1287 1221 1433 1254 senatu
1457 1215 1515 1255 le-

158 1291 274 1331 gere,
306 1291 409 1330 quos
436 1291 528 1317 cum
554 1284 742 1331 praetore
768 1276 994 1321 mitterent,
1022 1283 1062 1316 et
1087 1276 1190 1316 duos
1217 1275 1402 1316 tribunos
1428 1276 1515 1330 ple-

157 1338 225 1379 bei
250 1345 371 1391 atque
393 1338 586 1386 aedilem,
614 1352 707 1378 cum
727 1353 775 1379 eo
797 1337 968 1379 consilio
988 1344 1220 1392 praetorem
1241 1351 1513 1392 cognoscere:

160 1400 195 1440 si
214 1415 280 1449 ea,
307 1415 412 1453 quae
427 1401 664 1441 Locrenses
691 1400 801 1440 facta
827 1407 1106 1452 quererentur,
1133 1399 1249 1439 iussu
1275 1406 1345 1439 aut
1370 1400 1515 1440 volun·
1542 1413 1559 1440 ἱ)

159 1468 242 1502 tate
267 1458 316 1502 P.
339 1460 546 1516 Scipionis
573 1462 683 1502 faeta
709 1468 866 1510 essent,
892 1468 939 1501 ut
964 1476 1057 1501 eum
1083 1461 1133 1501 de
1158 1461 1372 1515 provincia
1397 1461 1516 1502 dece-

161 1523 257 1563 dere
293 1523 498 1571 iuberent,
539 1523 573 1563 si
602 1524 652 1563 P.
687 1521 828 1577 Scipio
864 1523 948 1563 iam
984 1523 1026 1562 in
1050 1522 1242 1562 Africam
1273 1522 1514 1571 traiecisset,
1542 1535 1558 1563 6

161 1584 312 1624 tribuni
352 1584 485 1639 plebis
531 1592 652 1637 atque
691 1585 834 1625 aedilis
872 1599 964 1624 cum
1003 1585 1163 1625 duobus
1200 1584 1368 1638 legatis,
1411 1599 1514 1637 quos

160 1646 339 1686 maxime
364 1646 536 1687 idoneos
562 1654 727 1701 praetor
758 1646 1007 1695 censuisset,
1045 1645 1087 1685 in
1112 1645 1301 1686 Africam
1331 1646 1516 1700 proficis-

162 1714 368 1749 cerentur:
407 1708 559 1749 tribuni
591 1715 712 1761 atque
745 1708 908 1757 aedilis,
941 1707 1011 1760 qui
1035 1708 1279 1748 reducerent
1303 1707 1397 1748 inde
1426 1705 1516 1747 Sci-

162 1770 345 1824 pionem,
382 1770 525 1824 legati,
571 1770 641 1823 qui
678 1769 875 1810 exercitui
911 1777 1170 1824 praeessent,
1217 1769 1348 1809 donec
1383 1784 1514 1810 novus
1543 1784 1559 1811 7

161 1833 384 1886 imperator
410 1832 461 1872 ad
492 1846 586 1871 eum
618 1832 843 1872 exercitum
873 1831 1074 1879 venisset3
1113 1831 1146 1870 si
1171 1831 1233 1871 M.
1259 1831 1515 1885 Pomponius
1541 1843 1560 1873 8

163 1901 204 1934 et
228 1893 372 1934 decem
396 1893 522 1947 legati
547 1893 864 1948 comperissent,
902 1907 1034 1946 neque
1066 1892 1182 1933 iussu
1212 1907 1345 1946 neque
1372 1894 1517 1934 volun-

163 1961 245 1995 tate
270 1955 319 1995 P.
348 1954 555 2009 Scipionis
588 1970 637 1996 ea
667 1955 777 1995 facta
808 1970 919 2003 esse,
957 1962 1002 1994 ut
1033 1955 1084 1995 ad
1117 1954 1342 1995 exercitum
1376 1952 1516 2008 Scipio

162 2024 346 2057 maneret
382 2017 617 2070 bellumque
655 2024 700 2057 ut
734 2017 1022 2071 proposuisset
1058 2023 1232 2070 gereret.
1292 2016 1370 2057 hoc
1406 2017 1515 2057 facto
1543 2029 1560 2058 9

166 2085 332 2119 senatus
360 2079 547 2120 consulto
574 2093 666 2119 cum
692 2079 865 2119 tribunis
891 2078 1023 2133 plebis
1057 2084 1194 2118 actum
1226 2085 1306 2126 est,
1343 2084 1389 2118 ut
1420 2092 1517 2119 con-

164 2147 374 2194 pararent,
408 2140 477 2192 qui
502 2141 583 2181 duo
609 2155 702 2181 cum
728 2148 916 2194 praetore
943 2154 990 2180 ac
1013 2139 1160 2193 legatis
1187 2139 1309 2189 irent;
1343 2140 1395 2180 ad
1420 2154 1517 2180 con·
1544 2151 1584 2180 10

166 2201 319 2253 legium
343 2202 585 2256 pontificum
608 2203 783 2243 relatum
809 2209 872 2243 est
897 2202 948 2242 de
974 2201 1209 2256 expiandis,
1237 2215 1341 2254 quac
1367 2201 1516 2242 Locris

166 2263 207 2303 in
232 2263 384 2317 templo
399 2263 678 2318 Proserpinae
704 2271 825 2311 tacta,
853 2263 1006 2304 violata
1031 2263 1218 2315 elataque
1244 2263 1339 2303 inde
1366 2270 1517 2303 essent.

166 2324 317 2364 tribuni
346 2325 479 2378 plebis
511 2340 605 2366 cum
634 2333 823 2380 praetore
849 2332 890 2365 et
915 2325 1058 2365 decem
1082 2325 1229 2380 legatis
1256 2324 1431 2379 profecti
1454 2324 1517 2365 M.
1546 2338 1581 2366 11

167 2384 367 2426 Claudius
390 2386 616 2428 Marcellus
643 2395 683 2428 et
703 2387 764 2427 M.
782 2386 952 2428 Cincius
972 2386 1224 2426 Alimentus.
1264 2386 1406 2426 aedilis
1432 2386 1520 2440 ple-

164 2447 227 2487 bis
254 2447 392 2495 datus,
425 2462 567 2500 quem,
601 2449 636 2489 si
661 2457 731 2488 aut
754 2449 795 2488 in
823 2446 965 2488 Sicilia
994 2448 1173 2502 praetori
1205 2448 1313 2489 dicto
1348 2447 1518 2488 audiens

165 2523 246 2549 non
272 2517 383 2549 esset
404 2508 545 2564 Scipio
572 2518 642 2550 aut
665 2510 747 2550 iam
772 2510 814 2549 in
832 2510 1022 2550 Africam
1043 2510 1292 2558 traiecisset,
1317 2509 1518 2564 prendere

165 2569 317 2611 tribuni
346 2571 552 2620 iuberent,
592 2586 638 2612 ac
668 2572 755 2612 iure
788 2578 1075 2612 sacrosanctae
1107 2571 1324 2626 potestatis
1349 2571 1521 2612 reduce-

164 2639 267 2672 rent.
327 2632 441 2686 prius
468 2633 629 2674 Locros
661 2633 718 2673 ire
750 2648 875 2686 quam
899 2633 1145 2674 Messanam
1177 2633 1393 2674 consilium
1419 2640 1517 2674 erat.

248 2693 381 2734 XXI.
422 2693 619 2735 Ceterum
646 2695 798 2749 duplex
825 2695 937 2736 fama
958 2701 1038 2744 est,
1067 2695 1177 2748 quod
1197 2695 1249 2736 ad
1266 2695 1519 2735 Pleminium
1546 2709 1557 2737 1

1537 487 1555 515 ΚΟ

1539 796 1556 824 20
