1815 3184
443 246 596 281 LIBER
621 245 732 288 xxi,
761 245 916 278 22-24.
945 246 994 287 [a.
1011 241 1144 285 0218]
1423 231 1474 271 19

118 366 293 405 usquam
317 367 341 392 a
366 365 409 392 se
435 350 667 391 deflecteret
691 348 844 389 oculos.
893 347 1086 401 pavidum
1114 346 1245 400 primo
1271 359 1474 397 nusquam

118 413 514 467 circumspicientem
547 418 616 452 aut
646 410 931 464 respicientem
964 416 1168 457 secutum,
1206 407 1353 447 deinde
1379 421 1476 446 cura

118 476 270 531 ingenii
301 476 489 524 humani,
528 489 640 522 cum,
678 473 873 525 quidnam
904 471 947 512 id
983 477 1093 512 esset
1128 470 1239 523 quod
1274 468 1476 522 respicere

118 538 267 578 vetitus
294 543 421 586 esset,
449 536 622 591 agitaret
647 535 802 583 animo,
834 541 1061 587 temperare
1087 532 1215 572 oculis
1240 530 1476 583 nequivisse

119 614 230 648 eum,
262 599 415 639 vidisse
440 605 535 652 post
561 611 651 637 sese
677 601 908 649 serpentem
938 594 1040 634 mira
1070 593 1352 648 magnitudine
1384 607 1477 632 cum

118 661 274 715 ingenti
300 660 491 701 arborum
517 674 564 700 ac
589 658 860 713 virgultorum
887 664 1023 711 strage
1049 656 1145 696 ferri
1171 670 1217 696 ac
1248 661 1341 709 post
1370 654 1479 694 inse-

119 724 189 776 qui
209 737 302 762 cum
321 721 484 776 fragore
504 720 605 761 caeli
625 719 824 759 nimbum.
861 726 960 767 tum,
987 732 1092 771 quae
1112 717 1240 757 moles
1262 732 1310 756 ea
1328 716 1478 769 quidve

118 784 295 838 prodigii
315 790 435 832 esset,
463 789 727 836 quaerentem
748 780 925 829 audisse,
954 779 1184 820 vastitatem
1203 779 1347 819 Italiae
1368 793 1478 819 esse:

119 851 308 900 pergeret
338 859 459 899 porro
489 844 546 884 ire
577 857 653 884 nec
684 842 790 882 ultra
820 842 1040 894 inquireret
1073 841 1303 894 sineretque
1329 840 1414 881 sata
1440 840 1480 880 in

120 908 279 948 occulto
305 921 408 947 esse.

202 968 381 1009 XXIII.
436 968 532 1008 Hoc
570 967 661 1007 visu
697 966 828 1006 lactus
868 965 1066 1018 tripertito
1098 964 1303 1005 Hiberum
1342 966 1480 1019 copias

119 1030 276 1070 traiecit
298 1030 535 1084 praemissis
562 1028 631 1081 qui
653 1026 866 1068 Gallorum
893 1027 1070 1074 animos,
1097 1040 1179 1078 qua
1204 1027 1480 1067 traducendus

120 1092 321 1132 exercitus
343 1097 447 1139 erat,
474 1091 592 1130 donis
615 1089 877 1129 conciliarent.
896 1088 1151 1142 Alpiumque
1173 1089 1368 1129 transitus
1391 1102 1482 1142 spe-

119 1154 361 1194 cularentur.
399 1152 624 1207 nonaginta
645 1151 756 1191 milia
774 1151 978 1204 peditum,
1000 1150 1217 1190 duodecim
1239 1150 1350 1190 milia
1370 1149 1482 1203 cqui-

119 1225 206 1256 tum
241 1215 446 1255 Hiberum
483 1214 676 1254 traduxit.
731 1213 931 1267 Ilergetes
968 1213 1063 1252 inde
1095 1212 1406 1266 Bargusiosque
1444 1218 1480 1251 et

120 1277 355 1317 Ausetanos
382 1283 421 1316 et
440 1276 729 1324 Lacetaniam,
756 1289 862 1327 quae
884 1274 1070 1314 subiecta
1090 1273 1315 1327 Pyrenaeis
1335 1273 1483 1313 monti-

120 1339 197 1380 bus
224 1346 304 1388 est,
332 1339 503 1393 subigit,
537 1352 714 1391 oraeque
739 1338 834 1378 huic
861 1338 971 1377 omni
996 1337 1194 1391 praefecit
1219 1337 1482 1381 Hannonem,

121 1409 165 1442 ut
194 1401 354 1450 fauces,
391 1416 496 1454 quae
527 1401 754 1454 Hispanias
789 1399 935 1440 Galliis
972 1399 1166 1454 iungunt,
1204 1399 1246 1439 in
1282 1405 1482 1452 potestate

123 1470 271 1505 essent.
322 1464 464 1504 decem
490 1463 602 1503 milia
627 1463 810 1517 peditum
832 1461 1030 1502 Hannoni
1056 1462 1108 1501 ad
1134 1462 1382 1515 praesidium
1410 1460 1482 1501 ob-

122 1526 312 1566 tinendae
348 1525 526 1579 regionis
564 1525 659 1565 data
695 1532 734 1565 et
769 1524 879 1564 mille
916 1524 1086 1577 equites.
1148 1530 1367 1577 postquam
1410 1536 1483 1576 per

124 1588 382 1641 Pyrenaeum
408 1587 557 1627 saltum
583 1586 740 1627 traduci
766 1586 969 1626 exercitus
991 1593 1053 1626 est
1073 1592 1242 1639 coeptus
1261 1598 1483 1636 rumorque

124 1664 196 1703 per
221 1648 416 1690 barbaros
442 1649 624 1689 manavit
649 1649 794 1689 certior
819 1649 869 1688 de
894 1647 1004 1689 bello
1029 1648 1238 1696 Romano,
1272 1647 1348 1687 tria
1374 1646 1486 1686 milia.

124 1712 218 1751 inde
257 1710 583 1765 Carpetanorum
624 1710 809 1764 peditum
852 1710 928 1750 iter
965 1717 1209 1750 averterunt.
1272 1707 1485 1749 constabat

126 1788 206 1813 non
242 1779 327 1812 tam
364 1772 471 1812 bello
501 1779 635 1812 motos
667 1786 789 1824 quam
821 1771 1120 1826 longinquitate
1151 1772 1242 1811 viae
1273 1771 1486 1824 insupera—

125 1834 276 1887 bilique
300 1833 473 1887 Alpium
505 1834 688 1874 transitu.
738 1833 975 1882 Hannibal,
1008 1834 1105 1886 quia
1128 1847 1320 1874 revocare
1350 1838 1420 1872 aut
1444 1831 1483 1870 vi

125 1896 296 1936 retinere
322 1911 392 1936 eos
413 1910 563 1949 anceps
585 1903 688 1944 erat,
716 1911 766 1936 ne
787 1903 1015 1936 ceterorum
1036 1895 1158 1935 etiam
1183 1895 1340 1935 feroces
1361 1893 1485 1934 animi

125 1958 396 2006 inritarentur,
431 1973 554 2011 supra
580 1966 737 2011 septem
763 1958 875 1998 milia
900 1957 1114 1997 hominum
1140 1958 1285 1997 domos
1316 1955 1484 2003 remisit,

126 2034 228 2071 quos
260 2026 299 2059 et
329 2019 417 2073 ipse
447 2020 611 2074 gravari
641 2020 784 2060 militia
810 2026 1014 2068 senserat,
1042 2018 1297 2073 Carpetanos
1324 2030 1486 2070 quoque

127 2080 178 2121 ab
204 2095 247 2121 30
272 2081 462 2121 (1111113303
490 2081 701 2122 simulans.

211 2141 411 2182 XXIIII.
466 2143 587 2192 Inde,
620 2158 670 2183 ne
701 2159 816 2183 mora
849 2149 971 2195 atque
997 2143 1124 2183 otium
1151 2143 1309 2182 animos
1336 2140 1485 2181 sollici-

129 2210 248 2252 taret,
281 2218 373 2243 cum
398 2204 563 2257 reliquis
590 2206 719 2259 copiis
745 2205 1007 2259 Pyrenaeum
1034 2204 1333 2259 transgreditur
1365 2210 1403 2243 ct
1435 2202 1486 2242 ad

130 2265 325 2318 oppidum
361 2264 521 2305 Iliberri
558 2276 692 2307 eastra
727 2266 848 2307 locat.
911 2265 1021 2307 Galli
1056 2280 1306 2318 quamquam
1343 2264 1486 2304 Italiae

129 2325 279 2365 bellum
312 2326 452 2366 inferri
483 2327 720 2376 audiebant,
758 2335 913 2376 tamen,
951 2328 1047 2380 quia
1078 2328 1118 2367 vi
1151 2327 1343 2368 subactos
1376 2333 1486 2367 trans

129 2387 389 2442 Pyrenaeum
419 2388 632 2442 Hispanos
670 2389 782 2429 fama
820 2398 905 2430 erat
940 2390 1225 2443 praesidiaque
1262 2389 1398 2430 valida
1427 2389 1489 2428 111-

130 2450 281 2502 posita,
319 2456 431 2490 metu
462 2451 667 2491 servitutis
694 2452 746 2491 ad
771 2467 883 2491 arma
909 2452 1175 2499 consternati,
1208 2452 1486 2492 Ruscinonem

130 2511 283 2564 aliquot
306 2511 448 2565 populi
473 2513 732 2553 conveniunt.
776 2514 886 2566 quod
911 2513 981 2554 ubi
1006 2513 1233 2554 Hannibali
1257 2514 1486 2554 nuntiatum

131 2580 209 2622 est,
247 2588 403 2614 moram
434 2575 566 2629 magis
598 2590 721 2628 quam
754 2575 906 2616 bellum
932 2583 1118 2616 metuens
1145 2567 1324 2616 oratores
1351 2577 1403 2616 ad
1427 2591 1489 2617 re-

130 2635 248 2691 gulos
281 2650 421 2676 eorum
452 2636 581 2685 misit,
619 2637 809 2690 conloqui
842 2644 972 2678 semet
1002 2638 1138 2692 ipsum
1169 2653 1263 2678 011111
1294 2639 1343 2679 113
1369 2639 1486 2687 velle,

131 2707 170 2739 et
195 2698 260 2739 vel
284 2699 341 2739 illi
361 2699 528 2752 propius
549 2699 751 2740 Iliberrim
772 2700 1031 2749 accederent,
1058 2700 1123 2741 vel
1145 2715 1187 2742 se
1208 2701 1487 2743 Ruscinonem

1215 2767 1260 2799 2*

1503 358 1518 386 Ν]

1507 1225 1524 1253 10

1512 2275 1530 2303 10
