1815 3184
457 249 611 282 Lissssn
636 248 768 292 xxn,
796 250 849 283 16.
874 249 926 282 17.
957 247 1154 291 [acen]
1430 239 1481 279 71

213 352 336 392 XVI.
397 351 572 392 Postero
605 351 668 390 die
695 351 825 392 Poeni
850 351 959 404 quod
985 351 1074 391 viae
1099 351 1203 390 inter
1228 350 1322 391 bina
1349 358 1484 391 castra
1512 365 1525 392 1

130 424 214 454 erat
239 414 402 469 agmine
428 413 682 467 conpleverc.
743 429 836 454 cum
861 413 1038 453 Romani
1064 412 1140 452 sub
1165 413 1255 466 ipso
1281 413 1486 453 constitis—
1510 426 1528 454 2

130 484 219 516 sent
244 476 351 516 vallo
377 476 475 516 haut
501 475 622 515 dubie
649 476 838 528 aequiore
864 476 973 523 1000,
1002 475 1200 515 successit
1225 482 1360 515 tamen
1379 474 1486 515 Poe-

130 553 205 578 nus
239 552 330 577 cum
364 537 564 591 expeditis
596 537 883 590 equitibusque
916 537 968 577 ad
998 537 1284 577 lacessendum
1311 536 1484 576 hostem.

130 599 299 652 carptim
325 599 456 639 Poeni
487 605 526 638 et
555 599 834 652 procursando
866 598 1180 652 recipiendoque
1213 613 1302 638 sese
1328 613 1487 652 pugna-

130 675 241 700 vere:
279 661 427 700 restitit
458 675 532 701 suo
563 660 653 701 loco
678 660 867 700 Romana
891 661 1013 701 acies,
1074 660 1183 700 lenta
1207 675 1347 714 pugna
1371 669 1411 699 et
1436 673 1487 699 ex
1512 673 1530 701 3

131 723 336 762 dictatoris
363 723 495 777 magis
522 737 646 775 qnam
675 722 920 763 Hannibalis
947 722 1023 761 fuit
1049 722 1270 762 voluntate.
1321 721 1487 761 ducenti

130 784 180 825 ab
206 785 422 833 Romanis,
456 783 678 838 octingenti
708 784 888 824 hostium
921 783 1117 824 cecidere.
1178 783 1361 823 inclusus
1392 783 1487 822 inde
1512 796 1532 825 4

133 847 257 886 videri
282 846 494 886 Hannibal
518 846 585 886 via
610 846 662 886 ad
684 844 913 886 Casilinum
940 845 1128 893 obsessa,
1156 859 1250 885 eum
1277 844 1423 898 Capua
1448 851 1488 884 et

132 908 346 949 Samnium
379 915 417 948 et
450 914 606 948 tantum
639 907 690 947 ab
717 914 831 961 tergo
857 907 1029 946 divitum
1057 907 1261 946 sociorum
1286 907 1486 946 Romanis

130 978 366 1010 conmeatus
405 969 670 1017 subveheret,
707 968 874 1008 Poenus
911 969 1016 1008 inter
1046 968 1268 1008 Formiana
1304 984 1404 1008 saxa
1440 982 1488 1008 ac

128 1031 289 1070 Literni
319 1031 493 1071 harenas
526 1039 754 1083 stagnaque
786 1038 827 1070 et
856 1029 1116 1083 perhorridas
1148 1029 1272 1069 silvas
1298 1029 1488 1069 hiberna-

129 1099 243 1131 turus
271 1100 392 1132 esset.
452 1106 527 1132 nec
552 1091 831 1131 Hannibalem
858 1091 1002 1131 fefellit
1030 1091 1114 1130 suis
1141 1105 1183 1131 se
1209 1090 1364 1130 artibus
1390 1091 1486 1144 peti.
1515 1106 1533 1134 5

128 1154 265 1205 itaque
299 1168 391 1193 eum
416 1168 489 1207 per
516 1153 745 1193 Casilinum
771 1153 944 1192 evadere
969 1167 1052 1192 non
1076 1159 1217 1206 posset
1242 1153 1489 1206 petendique

129 1223 289 1255 montes
315 1222 353 1254 et
372 1215 516 1269 iugum
539 1214 763 1255 Calliculae
785 1215 1062 1267 superandum
1083 1221 1210 1263 esset,
1238 1214 1386 1254 necubi
1404 1214 1489 1254 Ro-

131 1292 277 1317 manus
308 1276 516 1316 inclusum
548 1276 724 1316 vallibus
756 1291 905 1330 agmen
931 1276 1234 1330 adgrederetur,
1266 1275 1487 1316 ludibrium
1516 1289 1533 1318 6

129 1338 337 1378 oculorum
364 1339 499 1392 specie
526 1338 703 1379 terribile
729 1339 781 1378 ad
803 1339 1081 1378 frustrandum
1102 1338 1262 1379 hostem
1283 1353 1490 1379 commen-

128 1408 193 1440 tus
224 1401 424 1454 principio
456 1401 586 1441 noctis
619 1400 760 1440 furtim
794 1401 1014 1441 succedere
1046 1400 1099 1440 ad
1136 1407 1294 1441 montes
1333 1400 1486 1441 statuit.

128 1461 287 1501 fallacis
314 1462 471 1502 consilii
493 1463 584 1502 talis
606 1469 826 1516 apparatus
846 1462 943 1503 fuit:
969 1462 1083 1503 faces
1103 1463 1284 1515 undique
1305 1477 1355 1502 ex
1378 1461 1487 1517 agris
1517 1476 1532 1504 7

130 1523 338 1564 conlectae
370 1524 586 1576 fascesque
611 1525 819 1579 virgarum
846 1532 968 1577 atque
995 1525 1097 1564 aridi
1123 1525 1318 1564 sarmenti
1343 1525 1490 1578 praeli-

130 1592 357 1638 ganturque
401 1586 591 1626 cornibus
635 1586 778 1635 boum,
828 1601 931 1639 quos
975 1587 1150 1627 domitos
1187 1587 1489 1639 indomitosque

129 1647 279 1687 multos
305 1648 409 1687 inter
434 1659 611 1688 ceteram
636 1656 841 1703 agrestem
874 1650 1068 1702 praedam
1101 1649 1262 1704 agebat.
1324 1649 1377 1689 ad
1407 1649 1488 1689 duo
1514 1660 1533 1690 8

130 1709 241 1749 milia
276 1710 406 1749 ferme
444 1709 567 1750 boum
605 1711 768 1759 effecta,
806 1710 1144 1764 Hasdrubalique
1175 1711 1386 1766 negotium
1419 1711 1490 1751 da-

131 1777 235 1819 tum,
278 1779 323 1811 ut
360 1772 519 1825 (primis
557 1772 754 1826 tenebris)
799 1780 917 1813 nocte
960 1773 1002 1812 id
1038 1781 1267 1813 armentum
1304 1773 1488 1814 accensis

130 1831 319 1873 cornibus
346 1834 398 1872 ad
424 1833 573 1873 montis
600 1841 758 1888 ageret,
785 1834 983 1883 maxime,
1012 1835 1045 1874 si
1069 1842 1229 1889 posset,
1263 1850 1386 1889 super
1411 1835 1490 1875 sal-

130 1903 194 1934 tus
221 1893 271 1933 ab
297 1894 416 1935 hoste
441 1896 637 1936 insessos.

213 1956 360 1997 XVH.
422 1957 572 1997 Primis
611 1958 788 1999 tenebris
827 1958 987 1999 silentio
1024 1965 1136 1999 mota
1171 1965 1322 2007 castra,
1361 1958 1487 1999 boves
1517 1972 1531 2000 1

131 2016 338 2069 aliquanto
371 2026 462 2059 ante
496 2020 614 2074 signa
646 2021 736 2061 aeti.
796 2020 867 2061 ubi
895 2021 946 2060 ad
971 2021 1129 2061 radices
1155 2021 1355 2060 montium
1381 2020 1489 2060 vias-

131 2092 209 2129 que
236 2087 433 2133 angustas
460 2089 626 2121 ventum
654 2089 733 2130 est,
767 2082 931 2136 signum
958 2082 1164 2135 extemplo
1190 2082 1320 2129 datur,
1354 2088 1399 2120 ut
1424 2095 1490 2121 ac-

132 2140 265 2180 censis
299 2141 488 2182 cornibus
521 2150 705 2183 armenta
734 2144 776 2183 in
806 2144 1002 2183 adversos
1036 2144 1289 2183 concitentur
1324 2143 1488 2183 montis.

133 2209 171 2239 et
202 2210 334 2241 metus
367 2202 455 2256 ipse
487 2204 703 2244 relucentis
734 2205 924 2244 flammae
959 2220 1008 2245 ex
1035 2205 1166 2258 capite
1192 2205 1382 2256 calorque
1407 2205 1491 2244 iam

133 2262 185 2301 ad
217 2262 353 2302 vivum
386 2264 436 2303 ad
462 2265 625 2317 imaque
651 2280 848 2306 cornuum
874 2266 1095 2306 adveniens
1122 2266 1233 2306 velut
1259 2266 1488 2306 stimulatos

133 2322 268 2363 furore
305 2324 453 2378 agebat
488 2325 629 2366 boves.
689 2341 770 2379 quo
806 2335 973 2381 repente
1010 2328 1199 2368 discursu
1235 2328 1334 2368 haut
1371 2343 1488 2368 secus
1516 2342 1534 2370 3

133 2399 255 2435 quam
284 2385 396 2425 silvis
422 2387 710 2440 montibusque
737 2389 919 2429 accensis
946 2390 1082 2429 onmia
1102 2389 1254 2429 circum
1275 2389 1489 2443 (virgulta)

133 2446 293 2495 ardere,
338 2448 599 2501 capitumque
642 2449 762 2489 inrita
804 2451 1013 2502 quassatio
1057 2451 1239 2491 excitans
1281 2451 1489 2491 flammam

133 2507 343 2548 hominum
375 2510 529 2562 passim
562 2511 877 2552 discurrentium
915 2513 1093 2566 speciem
1130 2512 1364 2566 praebebat.
1419 2514 1489 2566 qui
1514 2521 1534 2550 4

132 2570 183 2608 ad
215 2571 431 2611 transitum
465 2572 592 2613 saltus
610 2573 880 2614 'insidendum
906 2574 1027 2614 locati
1053 2581 1184 2623 erant,
1218 2574 1287 2615 ubi
1311 2575 1352 2614 in
1378 2590 1490 2615 sum-

131 2631 207 2670 mis
234 2633 441 2673 montibus
468 2648 516 2674 ae
541 2649 664 2688 super
690 2650 733 2675 se
759 2637 956 2688 quosdam
978 2636 1094 2691 ignes
1116 2651 1385 2690 conspexere,
1413 2637 1489 2677 eir-

131 2701 371 2734 cumventos
400 2709 443 2735 se
477 2710 567 2736 esse
598 2696 674 2736 rati
706 2698 908 2751 praesidio
940 2713 1173 2747 excesscre3
1211 2713 1291 2752 qua
1322 2699 1488 2739 minime

1516 2032 1533 2060 [Ο
