1815 3184
327 249 409 290 366
558 255 709 288 LIBER
735 253 901 294 XXVII,
925 254 980 288 36.
999 253 1053 287 37.
1081 255 1129 298 [a.
1142 264 1176 286 u.
1193 264 1222 287 c.
1235 253 1311 287 546.
1326 254 1407 297 547]

283 375 301 404 3
327 357 515 398 mercede
552 355 702 396 auxilia
738 355 1025 403 conducenda,
1064 354 1281 396 Gallorum
1317 355 1488 396 animos.
1559 359 1677 399 missi

327 419 472 460 deinde
499 432 592 458 cum
617 417 665 457 iis
691 417 817 471 legati
843 418 894 457 ab
918 417 1055 458 Roma
1075 416 1173 457 Sex.
1193 417 1401 458 Antistius
1428 426 1467 458 et
1486 419 1548 460 M.
1567 420 1677 461 Rae-

327 481 413 520 cius
451 479 504 519 ad
538 494 625 519 rem
660 478 959 533 inspiciendam
994 479 1254 526 rettulerant,
1303 479 1466 520 misisse
1504 495 1548 521 se
1584 495 1677 522 cum

326 540 662 582 Massiliensibus
700 540 892 588 ducibus,
936 540 1005 592 qui
1039 555 1112 594 per
1148 540 1332 594 hospites
1370 555 1530 590 eorum,
1566 542 1678 596 prin-

281 619 301 647 4
327 604 438 658 cipes
466 602 701 651 Gallorum,
727 602 864 643 omnia
889 602 1102 656 explorata
1125 602 1343 643 referrent:
1368 617 1442 656 pro
1468 611 1677 657 comperto

327 665 492 712 habere,
517 663 828 704 Hasdrubalem
847 663 1004 717 ingenti
1024 663 1106 703 iam
1127 670 1268 704 coacto
1291 664 1470 704 exercitu
1490 665 1677 719 proximo

327 740 423 766 vere
459 725 580 779 Alpis
619 724 902 773 traiecturum,
946 739 1023 764 nec
1058 732 1145 765 tum
1182 739 1277 765 eum
1313 725 1532 778 quicquam
1568 726 1679 767 aliud

326 787 493 832 morari,
520 786 599 826 nisi
624 787 734 839 quod
759 787 923 827 clausae
949 786 1083 826 hieme
1108 787 1241 840 Alpes
1268 795 1420 827 essent.

284 865 302 891 ὁ
410 849 461 888 In
487 849 621 889 locum
645 848 707 888 M.
733 847 924 888 Marcelli
947 848 996 888 P.
1012 848 1158 888 Aelius
1180 847 1334 888 Paetus
1361 863 1492 903 augur
1517 857 1677 891 creatus

326 910 698 964 inauguratusque,
726 919 764 949 et
785 908 863 950 Cn.
887 908 1105 949 Cornelius
1125 909 1348 949 Dolabella
1370 925 1443 950 rex
1469 925 1680 952 sacrorum

327 971 595 1025 inauguratus
633 983 695 1011 est
730 971 773 1010 in
808 970 945 1012 locum
975 970 1036 1010 M.
1069 970 1238 1019 Marcii,
1277 970 1346 1023 qui
1382 972 1547 1013 biennio
1585 981 1679 1014 ante

285 1049 302 1077 ι,-
327 1041 512 1073 mortuus
540 1040 638 1073 erat.
698 1032 776 1073 hoc
803 1032 948 1073 eodem
973 1047 1080 1072 anno
1106 1039 1146 1072 et
1176 1033 1352 1073 lustrum
1383 1034 1591 1074 conditum
1617 1044 1679 1075 est

330 1110 354 1135 a
378 1095 616 1135 censoribus
642 1095 691 1135 P.
720 1094 966 1148 Sempronio
992 1093 1200 1135 Tuditano
1227 1102 1267 1134 et
1290 1094 1352 1135 M.
1376 1093 1568 1136 Cornelio
1597 1095 1679 1136 Ce-

285 1171 302 1199 7
330 1156 467 1210 thego.
518 1169 642 1196 censa
667 1155 818 1196 civium
844 1156 978 1209 capita
1003 1163 1167 1196 centum
1192 1155 1359 1210 triginta
1385 1164 1542 1210 septem
1568 1158 1680 1198 milia

329 1229 493 1257 centum
529 1226 640 1265 octo,
681 1217 814 1258 minor
851 1217 1057 1269 aliquanto
1094 1231 1288 1257 numerus
1326 1231 1448 1269 quam
1485 1218 1555 1270 qui
1586 1228 1679 1260 ante

285 1293 303 1322 8
328 1279 482 1319 bellum
519 1278 665 1319 fuerat.
727 1294 775 1320 eo
813 1294 920 1319 anno
956 1278 1152 1334 primum,
1191 1293 1241 1319 ex
1278 1293 1358 1331 quo
1389 1280 1602 1320 Hannibal
1637 1280 1680 1320 in

328 1341 491 1381 Italiam
516 1340 717 1389 venisset,
756 1340 966 1381 comitium
996 1348 1149 1381 tectum
1180 1355 1271 1380 esse
1296 1341 1517 1382 memoriae
1542 1342 1681 1396 prodi-

329 1409 417 1442 tum
442 1409 503 1442 est
530 1410 568 1442 et
593 1402 713 1442 ludos
733 1402 945 1442 Romanos
973 1402 1101 1441 semel
1126 1401 1375 1441 instauratos
1402 1402 1453 1442 ab
1479 1403 1680 1444 aedilibus

284 1476 302 1505 9
330 1464 537 1504 curulibus
553 1463 628 1514 ·Q.
665 1464 839 1504 Metcllo
882 1470 921 1503 et
959 1462 1008 1503 C.
1043 1461 1232 1503 Servilio.
1304 1469 1345 1502 et
1378 1463 1536 1516 plebeis
1573 1464 1680 1505 ludis

328 1526 499 1566 biduum
525 1525 799 1565 instauratum
824 1540 846 1565 a
873 1524 922 1565 C.
942 1524 1133 1565 Mamilio
1159 1532 1199 1564 et
1217 1524 1279 1564 M.
1303 1523 1484 1565 Caecilio
1508 1525 1681 1567 ‘AIetello

331 1587 530 1627 aedilibus
556 1586 687 1640 plebis
697 1603 707 1634 ς
746 1595 784 1626 et
810 1586 887 1626 tria
914 1586 1033 1640 signa
1058 1586 1110 1626 ad
1137 1584 1300 1626 Cereris
1326 1586 1437 1626 idem
1463 1586 1661 1628 dederunt
1671 1604 1681 1636 ;

330 1656 369 1689 et
393 1647 506 1688 Iovis
533 1647 701 1701 epulum
726 1647 803 1687 fuit
827 1647 1018 1688 ludorum
1044 1662 1181 1688 causa.

264 1722 304 1751 10
416 1708 689 1750 Consulatum
714 1709 809 1749 inde
833 1709 975 1750 ineunt
992 1708 1041 1750 C.
1059 1708 1259 1750 Claudius
1272 1710 1382 1750 Nero
1404 1717 1443 1750 et
1457 1710 1519 1750 M.
1534 1710 1683 1751 Livius

329 1770 489 1811 iterum.
539 1771 609 1823 qui
634 1771 730 1823 quia
756 1770 961 1825 designati
984 1771 1217 1825 provincias
1245 1771 1377 1811 sortiti
1401 1779 1534 1820 erant,
1565 1787 1684 1826 prae-

265 1847 301 1875 11
331 1841 439 1874 tores
467 1834 601 1873 sortiri
625 1834 846 1874 iusserunt.
898 1832 947 1874 C.
974 1833 1156 1874 Hostilio
1182 1834 1339 1873 urbana
1364 1834 1518 1882 evenit3
1546 1834 1684 1874 addita

330 1904 369 1936 et
395 1895 630 1949 peregrina,
657 1904 702 1936 ut
726 1906 808 1936 tres
834 1896 877 1936 in
901 1895 1133 1950 provincias
1157 1895 1267 1935 exire
1286 1903 1470 1949 possent.
1518 1897 1572 1936 A.
1594 1896 1684 1936 Ho-

332 1957 439 1997 stilio
455 1956 660 2005 Sardinia,
688 1956 738 1997 C.
753 1957 942 1998 Mamilio
959 1956 1112 2005 Sicilia,
1138 1957 1191 1996 L.
1205 1956 1355 1997 Porcio
1373 1955 1510 1997 Gallia
1534 1958 1683 1998 evenit.

266 2031 304 2060 12
333 2033 494 2059 summa
523 2019 735 2073 legionum
765 2019 888 2060 trium
925 2026 965 2061 ct
995 2018 1141 2073 viginti
1170 2018 1227 2059 ita
1256 2034 1329 2073 per
1359 2019 1592 2072 provincias
1626 2019 1686 2059 di-

331 2080 439 2128 visa,
464 2088 508 2120 ut
533 2081 655 2122 binae
681 2081 897 2122 consulum
923 2089 1080 2129 essent,
1113 2088 1304 2133 quattuor
1328 2080 1535 2134 Hispania
1559 2080 1686 2121 habe-

329 2150 410 2191 ret,
436 2143 554 2183 binas
582 2151 664 2184 tres
689 2151 919 2198 praetores,
945 2143 987 2183 in
1009 2142 1168 2191 Sicilia,
1193 2142 1236 2182 in
1257 2141 1450 2183 Sardinia
1474 2150 1515 2182 et
1535 2141 1685 2191 Gallia,

266 2217 305 2246 13
333 2205 434 2245 duas
468 2204 517 2246 C.
545 2205 764 2246 Terentius
796 2205 839 2246 in
867 2205 1054 2254 Etruria,
1093 2205 1196 2244 duas
1229 2203 1411 2255 Quintus
1440 2204 1614 2244 Fulvius
1645 2204 1687 2243 in

330 2267 523 2315 Bruttiis,
551 2267 653 2307 duas
680 2266 733 2318 Q.
751 2265 952 2308 Claudius
979 2267 1087 2306 circa
1105 2266 1333 2306 Tarentum
1359 2273 1399 2306 et
1420 2263 1686 2314 Sallentinos,

332 2343 457 2368 unam
495 2327 544 2369 C.
577 2329 783 2369 Hostilius
816 2328 1005 2368 Tubulus
1044 2326 1234 2382 Capuae3
1284 2327 1389 2367 duae
1425 2326 1606 2367 urbanae
1642 2333 1689 2366 ut,

269 2402 308 2430 14
334 2390 622 2431 scriberentur.
666 2390 808 2445 primis
835 2398 1026 2443 quattuor
1050 2389 1282 2444 legionibus
1301 2388 1479 2443 populus
1501 2388 1687 2428 tribunos

334 2452 505 2501 creavit,
531 2452 573 2492 in
600 2459 756 2493 ceteras
784 2452 974 2493 consules
999 2451 1213 2492 miserunt.

294 2526 306 2553 1
418 2514 666 2557 XXXVII.
725 2514 977 2566 Priusquam
1002 2513 1192 2554 consules
1218 2511 1588 2567 proficiscerentur,
1613 2524 1687 2550 no-

335 2575 522 2616 vendiale
543 2590 706 2616 sacrum
726 2575 821 2625 fuit,
850 2575 944 2629 quia
956 2574 1073 2617 Veiis
1094 2574 1144 2615 de
1165 2574 1278 2614 caelo
1299 2572 1566 2627 lapidaverat.
1610 2570 1686 2610 sub

334 2636 454 2676 unius
486 2637 682 2691 prodigii,
718 2644 765 2677 ut
792 2637 857 2685 fit,
894 2636 1146 2677 mentionem
1182 2635 1262 2675 alia
1292 2648 1455 2687 quoque
1486 2631 1684 2676 nuntiata,

292 2709 310 2738 ‘2
336 2696 570 2738 Menturnis
602 2698 747 2738 aedem
777 2698 889 2739 Iovis
921 2705 961 2738 et
991 2697 1129 2737 lucum
1152 2695 1356 2743 Maricae,
1393 2695 1491 2734 item
1521 2690 1685 2732 Atellae
