1815 3184
562 233 714 269 LIBER
739 234 860 278 XXV,
885 234 938 268 37.
967 237 1014 278 [a.
1031 233 1069 268 e.
1083 235 1164 277 212]
1457 226 1537 268 257

190 336 408 385 recordati,
452 350 554 389 quos
590 335 712 389 paulo
748 342 840 377 ante
878 336 1141 390 imperatores
1177 336 1416 378 habuissent
1452 338 1540 391 qui-

190 398 349 452 busque
381 405 420 439 et
450 397 623 438 ducibus
655 404 694 438 et
725 398 851 452 copiis
883 398 976 438 freti
1005 398 1166 452 prodire
1196 399 1238 438 in
1266 413 1449 453 pugnam
1475 413 1540 439 so-

189 460 248 500 liti
284 466 438 509 essent,
482 459 578 500 flere
613 474 754 500 omnes
790 466 956 514 repente
993 467 1032 500 et
1068 460 1268 501 offensare
1305 461 1455 514 capita,
1499 468 1539 501 et

189 521 257 562 alii
286 536 431 562 manus
464 521 516 561 ad
549 520 705 561 caelum
732 521 896 561 tendere
922 521 1020 562 deos
1051 521 1294 571 incusantis,
1332 522 1399 562 alii
1424 522 1539 562 strati

188 583 302 623 humi
328 597 448 623 suum
473 582 647 635 quisque
677 582 917 622 nominatim
947 583 1093 623 ducem
1118 583 1346 636 implorare.
1406 598 1538 636 neque

189 644 323 685 sedari
346 643 582 684 lamentatio
607 650 767 697 poterat
791 643 1061 684 excitantibus
1082 643 1384 684 centurionibus
1410 645 1539 685 mani-

188 705 351 759 pulares
394 711 433 745 et
473 705 563 759 ipso
606 705 809 745 mulcente
852 712 892 745 et
926 705 1159 759 increpante
1195 705 1379 755 Marcio,
1428 707 1539 758 quod

187 767 229 806 in
254 766 463 807 muliebris
490 773 528 806 et
552 766 714 806 inutiles
741 781 784 807 se
808 766 1075 820 proiecissent
1098 766 1216 807 fletus
1242 767 1389 821 potius,
1415 781 1539 820 quam

188 828 239 868 ad
264 829 456 868 tutandos
484 835 612 868 semet
635 828 747 881 ipsos
773 836 813 868 et
836 842 922 868 rem
946 828 1154 881 publicam
1185 843 1323 869 secum
1348 835 1539 869 acuerent

187 890 363 939 animos,
401 896 441 929 et
476 904 526 929 ne
556 889 708 929 inultos
739 889 1003 943 imperatores
1041 905 1137 931 suos
1174 890 1305 931 iacere
1343 891 1537 931 sinerent:

187 965 281 991 cum
307 951 442 991 subito
473 951 625 990 clamor
656 949 927 1002 tubarumque
960 965 1084 991 sonus
1109 951 1246 991 -iam
1278 951 1385 992 enim
1410 967 1536 1006 prope

187 1011 338 1052 vallum
369 1012 508 1051 hostes
539 1017 653 1051 erant
678 1035 711 1039 —
736 1011 962 1051 exauditur.
1034 1012 1127 1052 inde
1158 1027 1276 1053 verso
1305 1020 1472 1066 repente
1496 1013 1538 1052 in

184 1073 286 1112 iram
320 1073 433 1113 luctu
475 1072 707 1112 discurrunt
748 1073 801 1112 ad
841 1087 954 1112 arma
995 1087 1043 1113 ac
1079 1073 1190 1113 velut
1231 1074 1392 1114 accensi
1426 1073 1537 1114 rabie

184 1133 415 1174 discurrunt
446 1133 498 1173 ad
528 1139 666 1186 portas
698 1139 737 1173 et
767 1133 809 1173 in
838 1133 999 1174 hostem
1029 1134 1296 1188 neglegenter
1324 1141 1446 1187 atque
1477 1135 1538 1174 in-

183 1194 407 1248 composite
442 1195 673 1234 venientem
708 1194 931 1235 incurrunt.
993 1196 1197 1250 extemplo
1233 1196 1441 1250 inprovisa
1470 1211 1535 1237 res

182 1270 376 1310 pavorem
406 1256 550 1296 incutit
578 1255 751 1305 Poenis,
790 1256 1121 1310 mirabundique,
1158 1258 1267 1298 unde
1303 1264 1361 1299 tot
1395 1258 1535 1299 hostes

185 1316 319 1358 subito
355 1317 485 1358 exorti
520 1332 646 1371 prope
684 1318 817 1359 deleto
854 1319 1034 1359 exercitu
1075 1319 1232 1368 forent,
1281 1319 1390 1360 unde
1426 1326 1538 1360 tanta

184 1378 378 1427 audacia,
427 1384 539 1419 tanta
574 1379 724 1420 fiducia
761 1380 824 1420 sui
864 1380 982 1421 victis
1020 1394 1067 1421 ac
1108 1380 1287 1435 fugatiS,
1336 1381 1427 1434 quis
1462 1381 1538 1421 im-

182 1446 343 1493 perator
368 1439 528 1480 duobus
556 1438 818 1494 Scipionibus
845 1441 975 1482 caesis
1002 1442 1243 1492 exstitisset,
1276 1443 1366 1495 quis
1393 1443 1536 1483 castris

182 1506 409 1553 praeesset,
449 1501 541 1553 quis
579 1502 743 1555 signum
780 1503 961 1543 dedisset
995 1518 1160 1558 pugnae
1186 1529 1239 1533 -—
1264 1504 1316 1544 ad
1345 1504 1447 1545 haec
1478 1511 1536 1545 tot

182 1568 267 1601 tam
303 1562 545 1615 necopinata
581 1563 712 1616 primo
749 1564 931 1604 omnium
966 1564 1110 1605 incerti
1146 1569 1438 1619 stupentesque
1473 1580 1537 1606 re-

182 1622 316 1663 ferunt
352 1624 517 1676 pedem,
561 1624 654 1664 dein
691 1625 825 1665 valida
858 1625 1114 1679 inpressione
1149 1627 1258 1680 pulsi
1294 1634 1410 1682 terga
1445 1642 1536 1668 ver-

182 1690 283 1724 tunt.
344 1691 383 1725 et
413 1691 483 1724 aut
518 1684 763 1739 fugientium
800 1687 945 1727 caedes
976 1687 1097 1727 foeda
1127 1687 1274 1729 fuisset
1309 1695 1378 1728 aut
1409 1695 1535 1729 teme-

180 1746 310 1785 rarius
346 1745 683 1799 periculosusque
727 1748 982 1799 sequentium
1024 1748 1224 1802 impetus,
1272 1749 1314 1789 ni
1350 1749 1533 1791 Marcius

180 1821 352 1860 propere
382 1808 564 1860 receptui
596 1808 778 1848 dedisset
809 1809 973 1862 signum
1005 1808 1291 1864 obsistensque
1322 1811 1374 1851 ad
1403 1811 1535 1865 prima

181 1868 299 1922 signa
335 1874 374 1909 et
411 1869 612 1920 quosdam
648 1869 737 1923 ipse
772 1870 949 1910 retinens
986 1871 1229 1912 concitatam
1270 1873 1533 1927 repressisset

180 1929 321 1969 aciem.
381 1929 475 1969 inde
511 1930 554 1970 in
589 1938 722 1971 castra
757 1931 899 1972 avidos
937 1932 1070 1972 adhuc
1108 1933 1326 1986 caedisque
1362 1942 1403 1975 et
1439 1950 1533 1975 san-

179 1990 315 2044 guinis
351 1990 524 2031 reduxit.
605 1991 967 2046 Carthaginienses
1011 1994 1165 2047 trepide
1206 1996 1337 2049 primo
1373 1996 1424 2037 ab
1460 1997 1533 2037 ho-

181 2051 303 2090 stium
345 2052 452 2092 vallo
494 2052 574 2093 aeti
615 2060 835 2107 postquam
881 2054 1086 2095 neminem
1127 2056 1288 2109 insequi
1330 2057 1530 2107 viderunt,

180 2118 291 2151 metu
317 2112 548 2154 substitisse
573 2114 667 2163 rati,
707 2115 972 2169 contemptim
1002 2131 1144 2157 rursus
1171 2124 1210 2158 et
1236 2118 1376 2158 sedato
1401 2120 1532 2173 gradu

179 2172 220 2211 in
246 2179 379 2213 eastra
404 2173 567 2215 abeunt.

262 2232 346 2273 Par
391 2235 649 2289 neglegentia
695 2237 738 2276 in
780 2238 922 2278 castris
966 2239 1242 2281 custodiendis
1286 2240 1380 2281 fuit:
1435 2256 1531 2282 nam

179 2295 255 2335 etsi
290 2295 542 2349 propinquus
578 2297 708 2338 hostis
746 2304 853 2348 erat,
903 2305 1039 2340 tamen
1073 2301 1265 2354 reliquias
1310 2316 1404 2342 eum
1440 2317 1531 2343 esse

179 2356 351 2396 duorum
389 2357 612 2398 exercitum
650 2365 742 2399 ante
783 2374 936 2413 paucos
973 2361 1060 2402 (lies
1106 2363 1331 2403 deletorum
1367 2377 1532 2404 succur-

178 2417 304 2458 rebat.
366 2418 417 2459 ob
455 2419 532 2459 hoc
563 2434 656 2460 cum
693 2422 829 2462 onmia
864 2422 1051 2476 neglecta
1087 2430 1185 2477 aput
1219 2425 1349 2465 hostis
1380 2433 1528 2476 essent,

178 2479 397 2532 exploratis
434 2481 483 2520 iis
508 2480 692 2522 Marcius
730 2483 781 2522 ad
817 2484 1031 2524 consilium
1067 2486 1199 2538 prima
1235 2487 1370 2540 specie
1405 2493 1532 2528 teme—

177 2541 326 2581 rarium
375 2542 506 2596 magis
555 2557 678 2595 quam
726 2544 861 2585 audax
903 2546 1083 2586 animum
1126 2547 1290 2596 adiecit,
1340 2554 1384 2587 ut
1425 2548 1530 2589 ultro

177 2610 311 2642 castra
335 2602 514 2644 hostium
540 2612 812 2659 oppugnaret,
839 2606 999 2648 facilius
1026 2622 1116 2648 esse
1141 2614 1252 2649 ratus
1277 2609 1398 2651 unius
1418 2609 1530 2651 Has—

246 2667 309 2694 Livi
330 2668 383 2694 vol.
402 2668 435 2695 11.
1262 2674 1304 2707 17

1565 351 1583 381 9

1566 596 1605 626 10

1565 965 1600 993 11

1566 1519 1602 1547 13

1562 1704 1601 1732 14

1559 2011 1599 2039 15

1559 2257 1597 2286 16

1558 2441 1597 2470 17

1557 2623 1596 2653 18
