<?xml version="1.0" encoding="UTF-8"?>
<!DOCTYPE html PUBLIC "-//W3C//DTD XHTML 1.0 Transitional//EN"
    "http://www.w3.org/TR/xhtml1/DTD/xhtml1-transitional.dtd">
<html xmlns="http://www.w3.org/1999/xhtml" xml:lang="en" lang="en">
 <head>
  <title>
</title>
<meta http-equiv="Content-Type" content="text/html;charset=utf-8" />
  <meta name='ocr-system' content='tesseract 3.04.00' />
  <meta name='ocr-capabilities' content='ocr_page ocr_carea ocr_par ocr_line ocrx_word'/>
</head>
<body>
  <div class='ocr_page' id='page_1' title='image "./aburbeconditalib02livyuoft_0244.png"; bbox 0 0 1815 3184; ppageno 0'>
   <div class='ocr_carea' id='block_1_1' title="bbox 292 236 1334 291">
    <p class='ocr_par' dir='ltr' id='par_1_1' title="bbox 292 236 1334 291">
     <span class='ocr_line' id='line_1_1' title="bbox 292 236 1334 291; baseline 0.007 -16"><span class='ocrx_word' id='word_1_1' title='bbox 292 236 372 276; x_wconf 82' lang='lat'>140</span> <span class='ocrx_word' id='word_1_2' title='bbox 586 244 739 278; x_wconf 87' lang='lat' dir='ltr'>LIBER</span> <span class='ocrx_word' id='word_1_3' title='bbox 764 242 916 289; x_wconf 80' lang='lat' dir='ltr'>XXIII,</span> <span class='ocrx_word' id='word_1_4' title='bbox 943 246 997 279; x_wconf 73' lang='lat'>26.</span> <span class='ocrx_word' id='word_1_5' title='bbox 1012 246 1066 280; x_wconf 77' lang='lat'>27.</span> <span class='ocrx_word' id='word_1_6' title='bbox 1094 249 1143 289; x_wconf 86' lang='lat' dir='ltr'>[a.</span> <span class='ocrx_word' id='word_1_7' title='bbox 1157 258 1192 280; x_wconf 85' lang='lat' dir='ltr'>u.</span> <span class='ocrx_word' id='word_1_8' title='bbox 1208 257 1238 282; x_wconf 84' lang='lat' dir='ltr'>e.</span> <span class='ocrx_word' id='word_1_9' title='bbox 1252 248 1334 291; x_wconf 82' lang='lat'>538]</span> 
     </span>
    </p>
   </div>
   <div class='ocr_carea' id='block_1_2' title="bbox 222 346 1645 2745">
    <p class='ocr_par' dir='ltr' id='par_1_2' title="bbox 245 346 1644 527">
     <span class='ocr_line' id='line_1_2' title="bbox 245 346 1641 403; baseline 0.004 -15"><span class='ocrx_word' id='word_1_10' title='bbox 245 361 259 388; x_wconf 79' lang='grc' dir='ltr'><em>ῖ</em></span> <span class='ocrx_word' id='word_1_11' title='bbox 288 352 511 395; x_wconf 88' lang='lat' dir='ltr'>tenentem,</span> <span class='ocrx_word' id='word_1_12' title='bbox 539 346 708 400; x_wconf 81' lang='lat' dir='ltr'>adgredi</span> <span class='ocrx_word' id='word_1_13' title='bbox 734 348 885 388; x_wconf 78' lang='lat' dir='ltr'>statuit.</span> <span class='ocrx_word' id='word_1_14' title='bbox 929 349 1155 402; x_wconf 86' lang='lat' dir='ltr'>praemissa</span> <span class='ocrx_word' id='word_1_15' title='bbox 1174 349 1298 403; x_wconf 91' lang='lat' dir='ltr'>igitur</span> <span class='ocrx_word' id='word_1_16' title='bbox 1320 350 1401 391; x_wconf 85' lang='lat' dir='ltr'>levi</span> <span class='ocrx_word' id='word_1_17' title='bbox 1426 359 1641 402; x_wconf 86' lang='lat' dir='ltr'>armatura,</span> 
     </span>
     <span class='ocr_line' id='line_1_3' title="bbox 287 407 1643 465; baseline 0.006 -19"><span class='ocrx_word' id='word_1_18' title='bbox 287 422 390 460; x_wconf 88' lang='lat' dir='ltr'>quae</span> <span class='ocrx_word' id='word_1_19' title='bbox 417 407 578 447; x_wconf 76' lang='lat' dir='ltr'>eliceret</span> <span class='ocrx_word' id='word_1_20' title='bbox 603 408 732 448; x_wconf 89' lang='lat' dir='ltr'>hostis</span> <span class='ocrx_word' id='word_1_21' title='bbox 759 409 810 449; x_wconf 88' lang='lat' dir='ltr'>ad</span> <span class='ocrx_word' id='word_1_22' title='bbox 836 416 1059 458; x_wconf 87' lang='lat' dir='ltr'>certamen,</span> <span class='ocrx_word' id='word_1_23' title='bbox 1103 411 1285 463; x_wconf 86' lang='lat' dir='ltr'>equitum</span> <span class='ocrx_word' id='word_1_24' title='bbox 1315 419 1473 465; x_wconf 87' lang='lat' dir='ltr'>partem</span> <span class='ocrx_word' id='word_1_25' title='bbox 1499 414 1550 453; x_wconf 86' lang='lat' dir='ltr'>ad</span> <span class='ocrx_word' id='word_1_26' title='bbox 1574 415 1643 454; x_wconf 86' lang='lat' dir='ltr'>de-</span> 
     </span>
     <span class='ocr_line' id='line_1_4' title="bbox 286 468 1644 527; baseline 0.005 -19"><span class='ocrx_word' id='word_1_27' title='bbox 286 468 566 522; x_wconf 89' lang='lat' dir='ltr'>populandum</span> <span class='ocrx_word' id='word_1_28' title='bbox 596 484 670 523; x_wconf 89' lang='lat' dir='ltr'>per</span> <span class='ocrx_word' id='word_1_29' title='bbox 701 485 821 524; x_wconf 89' lang='lat' dir='ltr'>agros</span> <span class='ocrx_word' id='word_1_30' title='bbox 853 471 1008 524; x_wconf 89' lang='lat' dir='ltr'>passim</span> <span class='ocrx_word' id='word_1_31' title='bbox 1045 472 1215 521; x_wconf 81' lang='lat' dir='ltr'>dimisit,</span> <span class='ocrx_word' id='word_1_32' title='bbox 1258 480 1303 512; x_wconf 88' lang='lat' dir='ltr'>ut</span> <span class='ocrx_word' id='word_1_33' title='bbox 1331 474 1505 527; x_wconf 87' lang='lat' dir='ltr'>palantis</span> <span class='ocrx_word' id='word_1_34' title='bbox 1537 475 1644 515; x_wconf 79' lang='lat' dir='ltr'>exci-</span> 
     </span>
    </p>

    <p class='ocr_par' dir='ltr' id='par_1_3' title="bbox 243 531 1645 835">
     <span class='ocr_line' id='line_1_5' title="bbox 243 531 1643 590; baseline 0.003 -18"><span class='ocrx_word' id='word_1_35' title='bbox 243 537 439 583; x_wconf 72' lang='lat' dir='ltr'>sperent.</span> <span class='ocrx_word' id='word_1_36' title='bbox 502 531 623 571; x_wconf 88' lang='lat' dir='ltr'>simul</span> <span class='ocrx_word' id='word_1_37' title='bbox 661 538 700 571; x_wconf 90' lang='lat' dir='ltr'>et</span> <span class='ocrx_word' id='word_1_38' title='bbox 735 532 788 572; x_wconf 87' lang='lat' dir='ltr'>ad</span> <span class='ocrx_word' id='word_1_39' title='bbox 826 540 960 573; x_wconf 84' lang='lat' dir='ltr'>castra</span> <span class='ocrx_word' id='word_1_40' title='bbox 996 533 1194 574; x_wconf 86' lang='lat' dir='ltr'>tumultus</span> <span class='ocrx_word' id='word_1_41' title='bbox 1231 542 1316 574; x_wconf 89' lang='lat' dir='ltr'>erat</span> <span class='ocrx_word' id='word_1_42' title='bbox 1347 541 1386 575; x_wconf 90' lang='lat' dir='ltr'>et</span> <span class='ocrx_word' id='word_1_43' title='bbox 1415 550 1488 589; x_wconf 86' lang='lat' dir='ltr'>per</span> <span class='ocrx_word' id='word_1_44' title='bbox 1523 551 1643 590; x_wconf 84' lang='lat' dir='ltr'>agros</span> 
     </span>
     <span class='ocr_line' id='line_1_6' title="bbox 286 593 1644 648; baseline 0.004 -15"><span class='ocrx_word' id='word_1_45' title='bbox 286 593 469 647; x_wconf 87' lang='lat' dir='ltr'>fugaque</span> <span class='ocrx_word' id='word_1_46' title='bbox 495 601 533 634; x_wconf 89' lang='lat' dir='ltr'>et</span> <span class='ocrx_word' id='word_1_47' title='bbox 559 595 725 643; x_wconf 88' lang='lat' dir='ltr'>caedes;</span> <span class='ocrx_word' id='word_1_48' title='bbox 753 595 899 635; x_wconf 89' lang='lat' dir='ltr'>deinde</span> <span class='ocrx_word' id='word_1_49' title='bbox 925 595 1105 648; x_wconf 89' lang='lat' dir='ltr'>undique</span> <span class='ocrx_word' id='word_1_50' title='bbox 1125 596 1297 636; x_wconf 82' lang='lat' dir='ltr'>diversis</span> <span class='ocrx_word' id='word_1_51' title='bbox 1318 596 1530 638; x_wconf 84' lang='lat' dir='ltr'>itineribus</span> <span class='ocrx_word' id='word_1_52' title='bbox 1551 612 1644 638; x_wconf 90' lang='lat' dir='ltr'>cum</span> 
     </span>
     <span class='ocr_line' id='line_1_7' title="bbox 286 656 1643 711; baseline 0.003 -16"><span class='ocrx_word' id='word_1_53' title='bbox 286 656 329 696; x_wconf 90' lang='lat' dir='ltr'>in</span> <span class='ocrx_word' id='word_1_54' title='bbox 364 663 497 696; x_wconf 87' lang='lat' dir='ltr'>castra</span> <span class='ocrx_word' id='word_1_55' title='bbox 534 671 577 696; x_wconf 83' lang='lat' dir='ltr'>se</span> <span class='ocrx_word' id='word_1_56' title='bbox 613 657 884 710; x_wconf 83' lang='lat' dir='ltr'>recepissent,</span> <span class='ocrx_word' id='word_1_57' title='bbox 940 658 1042 697; x_wconf 89' lang='lat' dir='ltr'>adeo</span> <span class='ocrx_word' id='word_1_58' title='bbox 1079 664 1244 711; x_wconf 88' lang='lat' dir='ltr'>repente</span> <span class='ocrx_word' id='word_1_59' title='bbox 1282 659 1458 699; x_wconf 82' lang='lat' dir='ltr'>decessit</span> <span class='ocrx_word' id='word_1_60' title='bbox 1498 659 1643 700; x_wconf 87' lang='lat' dir='ltr'>animis</span> 
     </span>
     <span class='ocr_line' id='line_1_8' title="bbox 286 719 1645 771; baseline 0.002 -14"><span class='ocrx_word' id='word_1_61' title='bbox 286 732 430 771; x_wconf 76' lang='lat' dir='ltr'>pavor,</span> <span class='ocrx_word' id='word_1_62' title='bbox 469 724 514 757; x_wconf 89' lang='lat' dir='ltr'>ut</span> <span class='ocrx_word' id='word_1_63' title='bbox 537 733 619 758; x_wconf 91' lang='lat' dir='ltr'>non</span> <span class='ocrx_word' id='word_1_64' title='bbox 645 719 696 758; x_wconf 88' lang='lat' dir='ltr'>ad</span> <span class='ocrx_word' id='word_1_65' title='bbox 722 719 975 759; x_wconf 86' lang='lat' dir='ltr'>munimenta</span> <span class='ocrx_word' id='word_1_66' title='bbox 999 719 1121 759; x_wconf 90' lang='lat' dir='ltr'>modo</span> <span class='ocrx_word' id='word_1_67' title='bbox 1148 719 1406 760; x_wconf 86' lang='lat' dir='ltr'>defendenda</span> <span class='ocrx_word' id='word_1_68' title='bbox 1437 721 1534 760; x_wconf 87' lang='lat' dir='ltr'>satis</span> <span class='ocrx_word' id='word_1_69' title='bbox 1561 720 1645 760; x_wconf 89' lang='lat' dir='ltr'>ani—</span> 
     </span>
     <span class='ocr_line' id='line_1_9' title="bbox 285 781 1642 835; baseline 0.003 -17"><span class='ocrx_word' id='word_1_70' title='bbox 285 794 445 819; x_wconf 91' lang='lat' dir='ltr'>morum</span> <span class='ocrx_word' id='word_1_71' title='bbox 479 786 604 828; x_wconf 90' lang='lat' dir='ltr'>esset,</span> <span class='ocrx_word' id='word_1_72' title='bbox 644 787 703 820; x_wconf 86' lang='lat' dir='ltr'>set</span> <span class='ocrx_word' id='word_1_73' title='bbox 736 781 857 821; x_wconf 87' lang='lat' dir='ltr'>etiam</span> <span class='ocrx_word' id='word_1_74' title='bbox 890 781 943 821; x_wconf 90' lang='lat' dir='ltr'>ad</span> <span class='ocrx_word' id='word_1_75' title='bbox 975 781 1262 821; x_wconf 84' lang='lat' dir='ltr'>lacessendum</span> <span class='ocrx_word' id='word_1_76' title='bbox 1293 781 1446 835; x_wconf 87' lang='lat' dir='ltr'>proelio</span> <span class='ocrx_word' id='word_1_77' title='bbox 1470 782 1642 822; x_wconf 88' lang='lat' dir='ltr'>hostem.</span> 
     </span>
    </p>

    <p class='ocr_par' dir='ltr' id='par_1_4' title="bbox 242 841 1645 958">
     <span class='ocr_line' id='line_1_10' title="bbox 242 841 1643 896; baseline 0.002 -16"><span class='ocrx_word' id='word_1_78' title='bbox 242 850 259 880; x_wconf 81' lang='lat'>9</span> <span class='ocrx_word' id='word_1_79' title='bbox 287 847 504 895; x_wconf 90' lang='lat' dir='ltr'>erumpunt</span> <span class='ocrx_word' id='word_1_80' title='bbox 534 841 659 896; x_wconf 84' lang='lat' dir='ltr'>igitur</span> <span class='ocrx_word' id='word_1_81' title='bbox 691 842 855 896; x_wconf 91' lang='lat' dir='ltr'>agmine</span> <span class='ocrx_word' id='word_1_82' title='bbox 887 857 908 882; x_wconf 90' lang='lat' dir='ltr'>e</span> <span class='ocrx_word' id='word_1_83' title='bbox 941 842 1084 883; x_wconf 91' lang='lat' dir='ltr'>castris</span> <span class='ocrx_word' id='word_1_84' title='bbox 1117 843 1385 896; x_wconf 83' lang='lat' dir='ltr'>tripudiantes</span> <span class='ocrx_word' id='word_1_85' title='bbox 1418 857 1529 883; x_wconf 90' lang='lat' dir='ltr'>more</span> <span class='ocrx_word' id='word_1_86' title='bbox 1556 858 1643 892; x_wconf 91' lang='lat' dir='ltr'>suo,</span> 
     </span>
     <span class='ocr_line' id='line_1_11' title="bbox 285 903 1645 958; baseline 0.001 -16"><span class='ocrx_word' id='word_1_87' title='bbox 285 903 577 956; x_wconf 86' lang='lat' dir='ltr'>repentinaque</span> <span class='ocrx_word' id='word_1_88' title='bbox 614 918 755 944; x_wconf 86' lang='lat' dir='ltr'>eorum</span> <span class='ocrx_word' id='word_1_89' title='bbox 797 904 967 944; x_wconf 83' lang='lat' dir='ltr'>audacia</span> <span class='ocrx_word' id='word_1_90' title='bbox 1013 910 1206 944; x_wconf 88' lang='lat' dir='ltr'>terrorem</span> <span class='ocrx_word' id='word_1_91' title='bbox 1243 904 1352 945; x_wconf 89' lang='lat' dir='ltr'>hosti</span> <span class='ocrx_word' id='word_1_92' title='bbox 1393 904 1515 958; x_wconf 89' lang='lat' dir='ltr'>paulo</span> <span class='ocrx_word' id='word_1_93' title='bbox 1552 912 1645 945; x_wconf 89' lang='lat' dir='ltr'>ante</span> 
     </span>
    </p>

    <p class='ocr_par' dir='ltr' id='par_1_5' title="bbox 222 964 1644 1205">
     <span class='ocr_line' id='line_1_12' title="bbox 222 964 1644 1020; baseline 0.001 -17"><span class='ocrx_word' id='word_1_94' title='bbox 222 974 261 1003; x_wconf 89' lang='lat'>10</span> <span class='ocrx_word' id='word_1_95' title='bbox 286 964 391 1004; x_wconf 90' lang='lat' dir='ltr'>ultro</span> <span class='ocrx_word' id='word_1_96' title='bbox 427 964 646 1005; x_wconf 83' lang='lat' dir='ltr'>lacessenti</span> <span class='ocrx_word' id='word_1_97' title='bbox 687 965 872 1006; x_wconf 86' lang='lat' dir='ltr'>incussit.</span> <span class='ocrx_word' id='word_1_98' title='bbox 944 966 1081 1018; x_wconf 88' lang='lat' dir='ltr'>itaque</span> <span class='ocrx_word' id='word_1_99' title='bbox 1124 972 1163 1006; x_wconf 92' lang='lat' dir='ltr'>et</span> <span class='ocrx_word' id='word_1_100' title='bbox 1202 966 1291 1020; x_wconf 87' lang='lat' dir='ltr'>ipse</span> <span class='ocrx_word' id='word_1_101' title='bbox 1327 965 1568 1006; x_wconf 81' lang='lat' dir='ltr'>Hasdrubal</span> <span class='ocrx_word' id='word_1_102' title='bbox 1603 965 1644 1005; x_wconf 89' lang='lat' dir='ltr'>in</span> 
     </span>
     <span class='ocr_line' id='line_1_13' title="bbox 287 1026 1642 1077; baseline 0.001 -12"><span class='ocrx_word' id='word_1_103' title='bbox 287 1026 432 1066; x_wconf 89' lang='lat' dir='ltr'>collem</span> <span class='ocrx_word' id='word_1_104' title='bbox 464 1027 562 1067; x_wconf 85' lang='lat' dir='ltr'>satis</span> <span class='ocrx_word' id='word_1_105' title='bbox 595 1027 785 1075; x_wconf 90' lang='lat' dir='ltr'>arduum,</span> <span class='ocrx_word' id='word_1_106' title='bbox 824 1034 956 1067; x_wconf 86' lang='lat' dir='ltr'>tutum</span> <span class='ocrx_word' id='word_1_107' title='bbox 982 1027 1149 1068; x_wconf 86' lang='lat' dir='ltr'>flumine</span> <span class='ocrx_word' id='word_1_108' title='bbox 1181 1028 1303 1068; x_wconf 88' lang='lat' dir='ltr'>etiam</span> <span class='ocrx_word' id='word_1_109' title='bbox 1340 1028 1518 1077; x_wconf 89' lang='lat' dir='ltr'>obiecto,</span> <span class='ocrx_word' id='word_1_110' title='bbox 1556 1035 1642 1067; x_wconf 86' lang='lat' dir='ltr'>tum</span> 
     </span>
     <span class='ocr_line' id='line_1_14' title="bbox 287 1087 1642 1143; baseline 0.001 -16"><span class='ocrx_word' id='word_1_111' title='bbox 287 1087 424 1141; x_wconf 88' lang='lat' dir='ltr'>copias</span> <span class='ocrx_word' id='word_1_112' title='bbox 453 1087 642 1128; x_wconf 84' lang='lat' dir='ltr'>subducit</span> <span class='ocrx_word' id='word_1_113' title='bbox 676 1096 714 1129; x_wconf 92' lang='lat' dir='ltr'>et</span> <span class='ocrx_word' id='word_1_114' title='bbox 738 1089 1009 1143; x_wconf 80' lang='lat' dir='ltr'>praemissam</span> <span class='ocrx_word' id='word_1_115' title='bbox 1033 1089 1165 1129; x_wconf 70' lang='lat' dir='ltr'>levem</span> <span class='ocrx_word' id='word_1_116' title='bbox 1192 1095 1438 1129; x_wconf 87' lang='lat' dir='ltr'>armaturam</span> <span class='ocrx_word' id='word_1_117' title='bbox 1465 1089 1642 1141; x_wconf 88' lang='lat' dir='ltr'>equites-</span> 
     </span>
     <span class='ocr_line' id='line_1_15' title="bbox 286 1150 1642 1205; baseline 0.001 -16"><span class='ocrx_word' id='word_1_118' title='bbox 286 1164 365 1202; x_wconf 90' lang='lat' dir='ltr'>que</span> <span class='ocrx_word' id='word_1_119' title='bbox 391 1150 549 1203; x_wconf 87' lang='lat' dir='ltr'>palatos</span> <span class='ocrx_word' id='word_1_120' title='bbox 577 1151 719 1191; x_wconf 89' lang='lat' dir='ltr'>eodem</span> <span class='ocrx_word' id='word_1_121' title='bbox 745 1151 916 1205; x_wconf 88' lang='lat' dir='ltr'>recepit,</span> <span class='ocrx_word' id='word_1_122' title='bbox 954 1166 1028 1191; x_wconf 88' lang='lat' dir='ltr'>nee</span> <span class='ocrx_word' id='word_1_123' title='bbox 1054 1158 1124 1191; x_wconf 89' lang='lat' dir='ltr'>aut</span> <span class='ocrx_word' id='word_1_124' title='bbox 1149 1151 1240 1192; x_wconf 90' lang='lat' dir='ltr'>colli</span> <span class='ocrx_word' id='word_1_125' title='bbox 1267 1159 1336 1191; x_wconf 90' lang='lat' dir='ltr'>aut</span> <span class='ocrx_word' id='word_1_126' title='bbox 1361 1151 1518 1191; x_wconf 84' lang='lat' dir='ltr'>flumini</span> <span class='ocrx_word' id='word_1_127' title='bbox 1544 1150 1642 1191; x_wconf 87' lang='lat' dir='ltr'>satis</span> 
     </span>
    </p>

    <p class='ocr_par' dir='ltr' id='par_1_6' title="bbox 222 1212 1644 1451">
     <span class='ocr_line' id='line_1_16' title="bbox 222 1212 1644 1266; baseline 0.001 -15"><span class='ocrx_word' id='word_1_128' title='bbox 222 1222 258 1250; x_wconf 91' lang='grc'>11</span> <span class='ocrx_word' id='word_1_129' title='bbox 285 1212 416 1252; x_wconf 89' lang='lat' dir='ltr'>fidens</span> <span class='ocrx_word' id='word_1_130' title='bbox 443 1219 576 1252; x_wconf 86' lang='lat' dir='ltr'>castra</span> <span class='ocrx_word' id='word_1_131' title='bbox 601 1213 706 1253; x_wconf 80' lang='lat' dir='ltr'>vallo</span> <span class='ocrx_word' id='word_1_132' title='bbox 731 1213 948 1266; x_wconf 87' lang='lat' dir='ltr'>permunit.</span> <span class='ocrx_word' id='word_1_133' title='bbox 1009 1213 1050 1252; x_wconf 89' lang='lat' dir='ltr'>in</span> <span class='ocrx_word' id='word_1_134' title='bbox 1081 1213 1159 1253; x_wconf 89' lang='lat' dir='ltr'>hoe</span> <span class='ocrx_word' id='word_1_135' title='bbox 1190 1213 1344 1253; x_wconf 88' lang='lat' dir='ltr'>alterno</span> <span class='ocrx_word' id='word_1_136' title='bbox 1376 1227 1525 1266; x_wconf 77' lang='lat' dir='ltr'>pavore</span> <span class='ocrx_word' id='word_1_137' title='bbox 1558 1227 1644 1252; x_wconf 90' lang='lat' dir='ltr'>cer-</span> 
     </span>
     <span class='ocr_line' id='line_1_17' title="bbox 286 1274 1642 1327; baseline 0 -14"><span class='ocrx_word' id='word_1_138' title='bbox 286 1274 438 1314; x_wconf 86' lang='lat' dir='ltr'>tamina</span> <span class='ocrx_word' id='word_1_139' title='bbox 481 1274 633 1326; x_wconf 82' lang='lat' dir='ltr'>aliquot</span> <span class='ocrx_word' id='word_1_140' title='bbox 676 1282 770 1314; x_wconf 88' lang='lat' dir='ltr'>sunt</span> <span class='ocrx_word' id='word_1_141' title='bbox 812 1281 1031 1314; x_wconf 86' lang='lat' dir='ltr'>contracta.</span> <span class='ocrx_word' id='word_1_142' title='bbox 1109 1289 1183 1315; x_wconf 90' lang='lat' dir='ltr'>nec</span> <span class='ocrx_word' id='word_1_143' title='bbox 1224 1274 1404 1315; x_wconf 74' lang='lat' dir='ltr'>Numida</span> <span class='ocrx_word' id='word_1_144' title='bbox 1450 1274 1642 1327; x_wconf 88' lang='lat' dir='ltr'>Hispano</span> 
     </span>
     <span class='ocr_line' id='line_1_18' title="bbox 286 1335 1641 1388; baseline 0.001 -14"><span class='ocrx_word' id='word_1_145' title='bbox 286 1349 411 1388; x_wconf 89' lang='lat' dir='ltr'>eques</span> <span class='ocrx_word' id='word_1_146' title='bbox 443 1349 516 1388; x_wconf 87' lang='lat' dir='ltr'>par</span> <span class='ocrx_word' id='word_1_147' title='bbox 546 1335 621 1375; x_wconf 87' lang='lat' dir='ltr'>fuit</span> <span class='ocrx_word' id='word_1_148' title='bbox 653 1350 729 1376; x_wconf 90' lang='lat' dir='ltr'>nec</span> <span class='ocrx_word' id='word_1_149' title='bbox 760 1336 957 1376; x_wconf 86' lang='lat' dir='ltr'>iaculator</span> <span class='ocrx_word' id='word_1_150' title='bbox 986 1336 1160 1376; x_wconf 88' lang='lat' dir='ltr'>Maurus</span> <span class='ocrx_word' id='word_1_151' title='bbox 1193 1342 1389 1384; x_wconf 90' lang='lat' dir='ltr'>caetrato,</span> <span class='ocrx_word' id='word_1_152' title='bbox 1427 1335 1641 1376; x_wconf 83' lang='lat' dir='ltr'>velocitate</span> 
     </span>
     <span class='ocr_line' id='line_1_19' title="bbox 283 1396 1505 1451; baseline 0 -15"><span class='ocrx_word' id='word_1_153' title='bbox 283 1397 390 1450; x_wconf 88' lang='lat' dir='ltr'>pari,</span> <span class='ocrx_word' id='word_1_154' title='bbox 418 1396 562 1437; x_wconf 85' lang='lat' dir='ltr'>robore</span> <span class='ocrx_word' id='word_1_155' title='bbox 589 1398 713 1437; x_wconf 90' lang='lat' dir='ltr'>animi</span> <span class='ocrx_word' id='word_1_156' title='bbox 738 1398 966 1450; x_wconf 65' lang='lat' dir='ltr'>viriumque</span> <span class='ocrx_word' id='word_1_157' title='bbox 992 1398 1245 1450; x_wconf 89' lang='lat' dir='ltr'>aliquantum</span> <span class='ocrx_word' id='word_1_158' title='bbox 1270 1397 1505 1451; x_wconf 85' lang='lat' dir='ltr'>praestanti.</span> 
     </span>
    </p>

    <p class='ocr_par' dir='ltr' id='par_1_7' title="bbox 244 1458 1644 1574">
     <span class='ocr_line' id='line_1_20' title="bbox 244 1458 1642 1512; baseline 0.001 -16"><span class='ocrx_word' id='word_1_159' title='bbox 244 1468 257 1496; x_wconf 88' lang='lat'>1</span> <span class='ocrx_word' id='word_1_160' title='bbox 369 1458 566 1499; x_wconf 79' lang='lat' dir='ltr'>XXVII.</span> <span class='ocrx_word' id='word_1_161' title='bbox 628 1459 853 1512; x_wconf 89' lang='lat' dir='ltr'>Postquam</span> <span class='ocrx_word' id='word_1_162' title='bbox 891 1474 1022 1512; x_wconf 88' lang='lat' dir='ltr'>neque</span> <span class='ocrx_word' id='word_1_163' title='bbox 1061 1459 1205 1499; x_wconf 89' lang='lat' dir='ltr'>elicere</span> <span class='ocrx_word' id='word_1_164' title='bbox 1242 1459 1430 1499; x_wconf 87' lang='lat' dir='ltr'>Poenum</span> <span class='ocrx_word' id='word_1_165' title='bbox 1468 1459 1520 1498; x_wconf 90' lang='lat' dir='ltr'>ad</span> <span class='ocrx_word' id='word_1_166' title='bbox 1557 1473 1642 1499; x_wconf 88' lang='lat' dir='ltr'>cer-</span> 
     </span>
     <span class='ocr_line' id='line_1_21' title="bbox 286 1521 1644 1574; baseline -0.001 -13"><span class='ocrx_word' id='word_1_167' title='bbox 286 1528 423 1561; x_wconf 85' lang='lat' dir='ltr'>tamen</span> <span class='ocrx_word' id='word_1_168' title='bbox 465 1521 670 1561; x_wconf 83' lang='lat' dir='ltr'>obversati</span> <span class='ocrx_word' id='word_1_169' title='bbox 713 1521 856 1561; x_wconf 86' lang='lat' dir='ltr'>castris</span> <span class='ocrx_word' id='word_1_170' title='bbox 899 1528 1087 1574; x_wconf 88' lang='lat' dir='ltr'>poterant</span> <span class='ocrx_word' id='word_1_171' title='bbox 1128 1535 1260 1574; x_wconf 89' lang='lat' dir='ltr'>neque</span> <span class='ocrx_word' id='word_1_172' title='bbox 1304 1528 1531 1561; x_wconf 90' lang='lat' dir='ltr'>castrorum</span> <span class='ocrx_word' id='word_1_173' title='bbox 1573 1535 1644 1574; x_wconf 89' lang='lat' dir='ltr'>op-</span> 
     </span>
    </p>

    <p class='ocr_par' dir='ltr' id='par_1_8' title="bbox 242 1582 1643 1822">
     <span class='ocr_line' id='line_1_22' title="bbox 242 1582 1643 1636; baseline 0 -14"><span class='ocrx_word' id='word_1_174' title='bbox 242 1590 260 1618; x_wconf 79' lang='lat'>‘2</span> <span class='ocrx_word' id='word_1_175' title='bbox 286 1583 483 1636; x_wconf 82' lang='lat' dir='ltr'>pugnatio</span> <span class='ocrx_word' id='word_1_176' title='bbox 515 1583 646 1623; x_wconf 87' lang='lat' dir='ltr'>facilis</span> <span class='ocrx_word' id='word_1_177' title='bbox 680 1591 784 1631; x_wconf 88' lang='lat' dir='ltr'>erat,</span> <span class='ocrx_word' id='word_1_178' title='bbox 822 1582 966 1622; x_wconf 87' lang='lat' dir='ltr'>urbem</span> <span class='ocrx_word' id='word_1_179' title='bbox 991 1582 1196 1631; x_wconf 81' lang='lat' dir='ltr'>Ascuam,</span> <span class='ocrx_word' id='word_1_180' title='bbox 1234 1597 1315 1635; x_wconf 92' lang='lat' dir='ltr'>quo</span> <span class='ocrx_word' id='word_1_181' title='bbox 1345 1582 1437 1622; x_wconf 90' lang='lat' dir='ltr'>finis</span> <span class='ocrx_word' id='word_1_182' title='bbox 1462 1582 1643 1623; x_wconf 86' lang='lat' dir='ltr'>hostium</span> 
     </span>
     <span class='ocr_line' id='line_1_23' title="bbox 284 1644 1642 1699; baseline 0 -15"><span class='ocrx_word' id='word_1_183' title='bbox 284 1645 517 1699; x_wconf 86' lang='lat' dir='ltr'>ingrediens</span> <span class='ocrx_word' id='word_1_184' title='bbox 565 1644 804 1685; x_wconf 87' lang='lat' dir='ltr'>Hasdrubal</span> <span class='ocrx_word' id='word_1_185' title='bbox 854 1644 1104 1684; x_wconf 85' lang='lat' dir='ltr'>frumentum</span> <span class='ocrx_word' id='word_1_186' title='bbox 1158 1651 1493 1697; x_wconf 85' lang='lat' dir='ltr'>commeatusque</span> <span class='ocrx_word' id='word_1_187' title='bbox 1540 1644 1642 1685; x_wconf 90' lang='lat' dir='ltr'>alios</span> 
     </span>
     <span class='ocr_line' id='line_1_24' title="bbox 286 1707 1642 1761; baseline 0 -15"><span class='ocrx_word' id='word_1_188' title='bbox 286 1713 548 1755; x_wconf 69' lang='lat' dir='ltr'>convexerat,</span> <span class='ocrx_word' id='word_1_189' title='bbox 579 1707 616 1746; x_wconf 69' lang='lat' dir='ltr'>vi</span> <span class='ocrx_word' id='word_1_190' title='bbox 642 1707 807 1760; x_wconf 85' lang='lat' dir='ltr'>capiunt</span> <span class='ocrx_word' id='word_1_191' title='bbox 833 1707 1025 1759; x_wconf 88' lang='lat' dir='ltr'>omnique</span> <span class='ocrx_word' id='word_1_192' title='bbox 1052 1707 1159 1747; x_wconf 84' lang='lat' dir='ltr'>circa</span> <span class='ocrx_word' id='word_1_193' title='bbox 1185 1721 1283 1761; x_wconf 89' lang='lat' dir='ltr'>agro</span> <span class='ocrx_word' id='word_1_194' title='bbox 1307 1707 1536 1760; x_wconf 89' lang='lat' dir='ltr'>potiuntur,</span> <span class='ocrx_word' id='word_1_195' title='bbox 1567 1720 1642 1746; x_wconf 83' lang='lat' dir='ltr'>nec</span> 
     </span>
     <span class='ocr_line' id='line_1_25' title="bbox 284 1768 1641 1822; baseline -0.001 -14"><span class='ocrx_word' id='word_1_196' title='bbox 284 1768 365 1808; x_wconf 87' lang='lat' dir='ltr'>iam</span> <span class='ocrx_word' id='word_1_197' title='bbox 398 1775 467 1809; x_wconf 89' lang='lat' dir='ltr'>aut</span> <span class='ocrx_word' id='word_1_198' title='bbox 497 1768 538 1808; x_wconf 87' lang='lat' dir='ltr'>in</span> <span class='ocrx_word' id='word_1_199' title='bbox 576 1769 739 1822; x_wconf 81' lang='lat' dir='ltr'>agmine</span> <span class='ocrx_word' id='word_1_200' title='bbox 770 1775 841 1808; x_wconf 89' lang='lat' dir='ltr'>aut</span> <span class='ocrx_word' id='word_1_201' title='bbox 870 1769 912 1808; x_wconf 88' lang='lat' dir='ltr'>in</span> <span class='ocrx_word' id='word_1_202' title='bbox 944 1768 1086 1808; x_wconf 88' lang='lat' dir='ltr'>castris</span> <span class='ocrx_word' id='word_1_203' title='bbox 1118 1768 1200 1808; x_wconf 89' lang='lat' dir='ltr'>ullo</span> <span class='ocrx_word' id='word_1_204' title='bbox 1232 1768 1402 1822; x_wconf 89' lang='lat' dir='ltr'>imperio</span> <span class='ocrx_word' id='word_1_205' title='bbox 1433 1768 1641 1808; x_wconf 86' lang='lat' dir='ltr'>contineri.</span> 
     </span>
    </p>

    <p class='ocr_par' dir='ltr' id='par_1_9' title="bbox 241 1829 1642 2009">
     <span class='ocr_line' id='line_1_26' title="bbox 241 1829 1641 1885; baseline 0 -16"><span class='ocrx_word' id='word_1_206' title='bbox 241 1839 258 1868; x_wconf 87' lang='lat'><strong>3</strong></span> <span class='ocrx_word' id='word_1_207' title='bbox 285 1844 407 1882; x_wconf 85' lang='lat' dir='ltr'>quam</span> <span class='ocrx_word' id='word_1_208' title='bbox 443 1829 513 1870; x_wconf 84' lang='lat' dir='ltr'>ubi</span> <span class='ocrx_word' id='word_1_209' title='bbox 549 1830 853 1885; x_wconf 83' lang='lat' dir='ltr'>neglegentiam</span> <span class='ocrx_word' id='word_1_210' title='bbox 890 1845 940 1870; x_wconf 86' lang='lat' dir='ltr'>ex</span> <span class='ocrx_word' id='word_1_211' title='bbox 975 1845 1036 1878; x_wconf 86' lang='lat' dir='ltr'>re,</span> <span class='ocrx_word' id='word_1_212' title='bbox 1081 1837 1125 1869; x_wconf 91' lang='lat' dir='ltr'>ut</span> <span class='ocrx_word' id='word_1_213' title='bbox 1160 1830 1223 1879; x_wconf 86' lang='lat' dir='ltr'>fit,</span> <span class='ocrx_word' id='word_1_214' title='bbox 1261 1829 1365 1870; x_wconf 91' lang='lat' dir='ltr'>bene</span> <span class='ocrx_word' id='word_1_215' title='bbox 1400 1836 1518 1884; x_wconf 82' lang='lat' dir='ltr'>gesta</span> <span class='ocrx_word' id='word_1_216' title='bbox 1548 1829 1641 1870; x_wconf 92' lang='lat' dir='ltr'>oriri</span> 
     </span>
     <span class='ocr_line' id='line_1_27' title="bbox 286 1891 1642 1946; baseline 0.001 -15"><span class='ocrx_word' id='word_1_217' title='bbox 286 1898 468 1932; x_wconf 86' lang='lat' dir='ltr'>senserat</span> <span class='ocrx_word' id='word_1_218' title='bbox 504 1891 762 1941; x_wconf 86' lang='lat' dir='ltr'>Hasdrubal,</span> <span class='ocrx_word' id='word_1_219' title='bbox 802 1892 1036 1933; x_wconf 88' lang='lat' dir='ltr'>cohortatus</span> <span class='ocrx_word' id='word_1_220' title='bbox 1074 1892 1242 1941; x_wconf 89' lang='lat' dir='ltr'>milites,</span> <span class='ocrx_word' id='word_1_221' title='bbox 1279 1899 1324 1932; x_wconf 91' lang='lat' dir='ltr'>ut</span> <span class='ocrx_word' id='word_1_222' title='bbox 1359 1893 1517 1946; x_wconf 87' lang='lat' dir='ltr'>palatos</span> <span class='ocrx_word' id='word_1_223' title='bbox 1555 1892 1642 1933; x_wconf 88' lang='lat' dir='ltr'>sine</span> 
     </span>
     <span class='ocr_line' id='line_1_28' title="bbox 286 1953 1642 2009; baseline 0.001 -17"><span class='ocrx_word' id='word_1_224' title='bbox 286 1953 413 2007; x_wconf 86' lang='lat' dir='ltr'>signis</span> <span class='ocrx_word' id='word_1_225' title='bbox 451 1953 590 1994; x_wconf 87' lang='lat' dir='ltr'>hostes</span> <span class='ocrx_word' id='word_1_226' title='bbox 628 1955 967 2009; x_wconf 87' lang='lat' dir='ltr'>adgrederentur,</span> <span class='ocrx_word' id='word_1_227' title='bbox 1018 1954 1239 2009; x_wconf 87' lang='lat' dir='ltr'>degressus</span> <span class='ocrx_word' id='word_1_228' title='bbox 1277 1953 1379 1994; x_wconf 88' lang='lat' dir='ltr'>colle</span> <span class='ocrx_word' id='word_1_229' title='bbox 1415 1954 1549 2008; x_wconf 90' lang='lat' dir='ltr'>pergit</span> <span class='ocrx_word' id='word_1_230' title='bbox 1584 1953 1642 1994; x_wconf 89' lang='lat' dir='ltr'>ire</span> 
     </span>
    </p>

    <p class='ocr_par' dir='ltr' id='par_1_10' title="bbox 240 2015 1644 2132">
     <span class='ocr_line' id='line_1_29' title="bbox 240 2015 1642 2069; baseline 0.001 -15"><span class='ocrx_word' id='word_1_231' title='bbox 240 2025 260 2052; x_wconf 81' lang='grc'>4</span> <span class='ocrx_word' id='word_1_232' title='bbox 285 2016 371 2055; x_wconf 89' lang='lat' dir='ltr'>acie</span> <span class='ocrx_word' id='word_1_233' title='bbox 407 2015 606 2057; x_wconf 88' lang='lat' dir='ltr'>instructa</span> <span class='ocrx_word' id='word_1_234' title='bbox 649 2017 701 2056; x_wconf 91' lang='lat' dir='ltr'>ad</span> <span class='ocrx_word' id='word_1_235' title='bbox 743 2023 887 2057; x_wconf 87' lang='lat' dir='ltr'>castra.</span> <span class='ocrx_word' id='word_1_236' title='bbox 959 2030 1081 2069; x_wconf 91' lang='lat' dir='ltr'>quem</span> <span class='ocrx_word' id='word_1_237' title='bbox 1125 2023 1168 2056; x_wconf 94' lang='lat' dir='ltr'>ut</span> <span class='ocrx_word' id='word_1_238' title='bbox 1209 2017 1355 2056; x_wconf 85' lang='lat' dir='ltr'>adesse</span> <span class='ocrx_word' id='word_1_239' title='bbox 1392 2015 1642 2056; x_wconf 86' lang='lat' dir='ltr'>tumultuose</span> 
     </span>
     <span class='ocr_line' id='line_1_30' title="bbox 285 2077 1644 2132; baseline 0.001 -16"><span class='ocrx_word' id='word_1_240' title='bbox 285 2077 414 2116; x_wconf 85' lang='lat' dir='ltr'>nuntii</span> <span class='ocrx_word' id='word_1_241' title='bbox 438 2077 689 2132; x_wconf 83' lang='lat' dir='ltr'>refugientes</span> <span class='ocrx_word' id='word_1_242' title='bbox 717 2093 768 2118; x_wconf 83' lang='lat' dir='ltr'>ex</span> <span class='ocrx_word' id='word_1_243' title='bbox 793 2078 971 2132; x_wconf 87' lang='lat' dir='ltr'>speculis</span> <span class='ocrx_word' id='word_1_244' title='bbox 1004 2077 1331 2131; x_wconf 88' lang='lat' dir='ltr'>stationibusque</span> <span class='ocrx_word' id='word_1_245' title='bbox 1364 2077 1552 2126; x_wconf 86' lang='lat' dir='ltr'>attulere,</span> <span class='ocrx_word' id='word_1_246' title='bbox 1591 2077 1644 2117; x_wconf 88' lang='lat' dir='ltr'>ad</span> 
     </span>
    </p>

    <p class='ocr_par' dir='ltr' id='par_1_11' title="bbox 241 2138 1643 2316">
     <span class='ocr_line' id='line_1_31' title="bbox 241 2138 1643 2194; baseline 0.001 -18"><span class='ocrx_word' id='word_1_247' title='bbox 241 2149 259 2176; x_wconf 74' lang='lat'><strong><em>5</em></strong></span> <span class='ocrx_word' id='word_1_248' title='bbox 285 2153 397 2178; x_wconf 85' lang='lat' dir='ltr'>arma</span> <span class='ocrx_word' id='word_1_249' title='bbox 433 2139 732 2180; x_wconf 86' lang='lat' dir='ltr'>conclamatum</span> <span class='ocrx_word' id='word_1_250' title='bbox 769 2147 841 2181; x_wconf 89' lang='lat' dir='ltr'>est.</span> <span class='ocrx_word' id='word_1_251' title='bbox 902 2146 947 2180; x_wconf 90' lang='lat' dir='ltr'>ut</span> <span class='ocrx_word' id='word_1_252' title='bbox 982 2140 1157 2192; x_wconf 86' lang='lat' dir='ltr'>quisque</span> <span class='ocrx_word' id='word_1_253' title='bbox 1192 2155 1305 2180; x_wconf 84' lang='lat' dir='ltr'>arma</span> <span class='ocrx_word' id='word_1_254' title='bbox 1336 2146 1517 2194; x_wconf 86' lang='lat' dir='ltr'>ceperat,</span> <span class='ocrx_word' id='word_1_255' title='bbox 1556 2138 1643 2178; x_wconf 87' lang='lat' dir='ltr'>sine</span> 
     </span>
     <span class='ocr_line' id='line_1_32' title="bbox 284 2199 1642 2256; baseline 0 -17"><span class='ocrx_word' id='word_1_256' title='bbox 284 2199 473 2253; x_wconf 87' lang='lat' dir='ltr'>imperio,</span> <span class='ocrx_word' id='word_1_257' title='bbox 513 2201 600 2242; x_wconf 87' lang='lat' dir='ltr'>sine</span> <span class='ocrx_word' id='word_1_258' title='bbox 632 2202 769 2256; x_wconf 89' lang='lat' dir='ltr'>signo,</span> <span class='ocrx_word' id='word_1_259' title='bbox 813 2202 1076 2256; x_wconf 89' lang='lat' dir='ltr'>inconpositi,</span> <span class='ocrx_word' id='word_1_260' title='bbox 1114 2201 1331 2242; x_wconf 89' lang='lat' dir='ltr'>inordinati</span> <span class='ocrx_word' id='word_1_261' title='bbox 1366 2201 1407 2242; x_wconf 89' lang='lat' dir='ltr'>in</span> <span class='ocrx_word' id='word_1_262' title='bbox 1443 2200 1642 2254; x_wconf 89' lang='lat' dir='ltr'>proelium</span> 
     </span>
     <span class='ocr_line' id='line_1_33' title="bbox 284 2262 1643 2316; baseline 0.001 -16"><span class='ocrx_word' id='word_1_263' title='bbox 284 2268 418 2301; x_wconf 90' lang='lat' dir='ltr'>ruunt.</span> <span class='ocrx_word' id='word_1_264' title='bbox 479 2262 561 2302; x_wconf 88' lang='lat' dir='ltr'>iam</span> <span class='ocrx_word' id='word_1_265' title='bbox 596 2263 716 2316; x_wconf 86' lang='lat' dir='ltr'>primi</span> <span class='ocrx_word' id='word_1_266' title='bbox 753 2269 1045 2303; x_wconf 88' lang='lat' dir='ltr'>conseruerant</span> <span class='ocrx_word' id='word_1_267' title='bbox 1081 2278 1248 2312; x_wconf 89' lang='lat' dir='ltr'>manus,</span> <span class='ocrx_word' id='word_1_268' title='bbox 1286 2277 1379 2303; x_wconf 90' lang='lat' dir='ltr'>cum</span> <span class='ocrx_word' id='word_1_269' title='bbox 1416 2262 1485 2302; x_wconf 92' lang='lat' dir='ltr'>alii</span> <span class='ocrx_word' id='word_1_270' title='bbox 1515 2267 1643 2302; x_wconf 89' lang='lat' dir='ltr'>cater-</span> 
     </span>
    </p>

    <p class='ocr_par' dir='ltr' id='par_1_12' title="bbox 242 2322 1643 2502">
     <span class='ocr_line' id='line_1_34' title="bbox 242 2322 1643 2373; baseline -0.001 -10"><span class='ocrx_word' id='word_1_271' title='bbox 242 2334 259 2363; x_wconf 88' lang='lat'>6</span> <span class='ocrx_word' id='word_1_272' title='bbox 286 2322 411 2362; x_wconf 76' lang='lat' dir='ltr'>vatim</span> <span class='ocrx_word' id='word_1_273' title='bbox 437 2331 662 2373; x_wconf 83' lang='lat' dir='ltr'>currerent,</span> <span class='ocrx_word' id='word_1_274' title='bbox 699 2325 768 2365; x_wconf 82' lang='lat' dir='ltr'>alii</span> <span class='ocrx_word' id='word_1_275' title='bbox 798 2325 981 2366; x_wconf 87' lang='lat' dir='ltr'>nondum</span> <span class='ocrx_word' id='word_1_276' title='bbox 1013 2339 1034 2365; x_wconf 86' lang='lat' dir='ltr'>e</span> <span class='ocrx_word' id='word_1_277' title='bbox 1066 2325 1208 2365; x_wconf 88' lang='lat' dir='ltr'>eastris</span> <span class='ocrx_word' id='word_1_278' title='bbox 1242 2325 1434 2365; x_wconf 84' lang='lat' dir='ltr'>exissent.</span> <span class='ocrx_word' id='word_1_279' title='bbox 1506 2330 1643 2363; x_wconf 88' lang='lat' dir='ltr'>tamen</span> 
     </span>
     <span class='ocr_line' id='line_1_35' title="bbox 285 2383 1643 2438; baseline 0.001 -15"><span class='ocrx_word' id='word_1_280' title='bbox 285 2383 416 2436; x_wconf 87' lang='lat' dir='ltr'>primo</span> <span class='ocrx_word' id='word_1_281' title='bbox 447 2385 537 2438; x_wconf 87' lang='lat' dir='ltr'>ipsa</span> <span class='ocrx_word' id='word_1_282' title='bbox 567 2385 739 2426; x_wconf 87' lang='lat' dir='ltr'>audacia</span> <span class='ocrx_word' id='word_1_283' title='bbox 770 2393 946 2426; x_wconf 87' lang='lat' dir='ltr'>terruere</span> <span class='ocrx_word' id='word_1_284' title='bbox 978 2386 1137 2426; x_wconf 89' lang='lat' dir='ltr'>hostem</span> <span class='ocrx_word' id='word_1_285' title='bbox 1148 2402 1158 2435; x_wconf 83' lang='lat'><em>3</em></span> <span class='ocrx_word' id='word_1_286' title='bbox 1196 2386 1342 2426; x_wconf 91' lang='lat' dir='ltr'>deinde</span> <span class='ocrx_word' id='word_1_287' title='bbox 1372 2385 1452 2425; x_wconf 88' lang='lat' dir='ltr'>rari</span> <span class='ocrx_word' id='word_1_288' title='bbox 1480 2385 1523 2425; x_wconf 89' lang='lat' dir='ltr'>in</span> <span class='ocrx_word' id='word_1_289' title='bbox 1548 2399 1643 2425; x_wconf 92' lang='lat' dir='ltr'>con-</span> 
     </span>
     <span class='ocr_line' id='line_1_36' title="bbox 286 2444 1643 2502; baseline 0.001 -18"><span class='ocrx_word' id='word_1_290' title='bbox 286 2444 412 2486; x_wconf 88' lang='lat' dir='ltr'>fertos</span> <span class='ocrx_word' id='word_1_291' title='bbox 437 2446 569 2496; x_wconf 86' lang='lat' dir='ltr'>inlati,</span> <span class='ocrx_word' id='word_1_292' title='bbox 597 2462 690 2488; x_wconf 89' lang='lat' dir='ltr'>cum</span> <span class='ocrx_word' id='word_1_293' title='bbox 714 2448 899 2502; x_wconf 86' lang='lat' dir='ltr'>paucitas</span> <span class='ocrx_word' id='word_1_294' title='bbox 925 2462 1070 2502; x_wconf 88' lang='lat' dir='ltr'>parum</span> <span class='ocrx_word' id='word_1_295' title='bbox 1089 2455 1175 2488; x_wconf 84' lang='lat' dir='ltr'>tuta</span> <span class='ocrx_word' id='word_1_296' title='bbox 1195 2454 1321 2496; x_wconf 87' lang='lat' dir='ltr'>esset,</span> <span class='ocrx_word' id='word_1_297' title='bbox 1347 2447 1549 2501; x_wconf 87' lang='lat' dir='ltr'>respicere</span> <span class='ocrx_word' id='word_1_298' title='bbox 1575 2446 1643 2486; x_wconf 90' lang='lat' dir='ltr'>alii</span> 
     </span>
    </p>

    <p class='ocr_par' dir='ltr' id='par_1_13' title="bbox 245 2506 1643 2687">
     <span class='ocr_line' id='line_1_37' title="bbox 245 2506 1643 2563; baseline 0.001 -18"><span class='ocrx_word' id='word_1_299' title='bbox 245 2519 259 2546; x_wconf 78' lang='lat'><em>7</em></span> <span class='ocrx_word' id='word_1_300' title='bbox 287 2506 387 2546; x_wconf 86' lang='lat' dir='ltr'>alios</span> <span class='ocrx_word' id='word_1_301' title='bbox 424 2515 463 2547; x_wconf 90' lang='lat' dir='ltr'>et</span> <span class='ocrx_word' id='word_1_302' title='bbox 498 2509 678 2562; x_wconf 88' lang='lat' dir='ltr'>undique</span> <span class='ocrx_word' id='word_1_303' title='bbox 715 2509 823 2563; x_wconf 87' lang='lat' dir='ltr'>pulsi</span> <span class='ocrx_word' id='word_1_304' title='bbox 860 2509 966 2550; x_wconf 88' lang='lat' dir='ltr'>coire</span> <span class='ocrx_word' id='word_1_305' title='bbox 1002 2509 1044 2550; x_wconf 89' lang='lat' dir='ltr'>in</span> <span class='ocrx_word' id='word_1_306' title='bbox 1074 2509 1234 2558; x_wconf 88' lang='lat' dir='ltr'>orbem,</span> <span class='ocrx_word' id='word_1_307' title='bbox 1274 2516 1312 2549; x_wconf 91' lang='lat' dir='ltr'>et</span> <span class='ocrx_word' id='word_1_308' title='bbox 1344 2509 1442 2549; x_wconf 90' lang='lat' dir='ltr'>dum</span> <span class='ocrx_word' id='word_1_309' title='bbox 1473 2522 1643 2561; x_wconf 87' lang='lat' dir='ltr'>corpora</span> 
     </span>
     <span class='ocr_line' id='line_1_38' title="bbox 288 2569 1640 2626; baseline 0 -19"><span class='ocrx_word' id='word_1_310' title='bbox 288 2569 525 2621; x_wconf 88' lang='lat' dir='ltr'>corporibus</span> <span class='ocrx_word' id='word_1_311' title='bbox 563 2571 769 2624; x_wconf 88' lang='lat' dir='ltr'>applicant</span> <span class='ocrx_word' id='word_1_312' title='bbox 805 2586 999 2624; x_wconf 87' lang='lat' dir='ltr'>armaque</span> <span class='ocrx_word' id='word_1_313' title='bbox 1036 2571 1158 2612; x_wconf 90' lang='lat' dir='ltr'>armis</span> <span class='ocrx_word' id='word_1_314' title='bbox 1195 2572 1389 2626; x_wconf 86' lang='lat' dir='ltr'>iungunt,</span> <span class='ocrx_word' id='word_1_315' title='bbox 1431 2570 1475 2610; x_wconf 89' lang='lat' dir='ltr'>in</span> <span class='ocrx_word' id='word_1_316' title='bbox 1510 2575 1640 2609; x_wconf 88' lang='lat' dir='ltr'>artum</span> 
     </span>
     <span class='ocr_line' id='line_1_39' title="bbox 287 2630 1638 2687; baseline 0.001 -19"><span class='ocrx_word' id='word_1_317' title='bbox 287 2630 497 2683; x_wconf 84' lang='lat' dir='ltr'>conpulsi,</span> <span class='ocrx_word' id='word_1_318' title='bbox 547 2646 641 2672; x_wconf 89' lang='lat' dir='ltr'>eum</span> <span class='ocrx_word' id='word_1_319' title='bbox 682 2633 753 2673; x_wconf 74' lang='lat' dir='ltr'>vix</span> <span class='ocrx_word' id='word_1_320' title='bbox 793 2633 1005 2674; x_wconf 91' lang='lat' dir='ltr'>movendis</span> <span class='ocrx_word' id='word_1_321' title='bbox 1049 2634 1172 2673; x_wconf 87' lang='lat' dir='ltr'>armis</span> <span class='ocrx_word' id='word_1_322' title='bbox 1217 2634 1315 2687; x_wconf 84' lang='lat' dir='ltr'>satis</span> <span class='ocrx_word' id='word_1_323' title='bbox 1359 2632 1478 2686; x_wconf 88' lang='lat' dir='ltr'>spatii</span> <span class='ocrx_word' id='word_1_324' title='bbox 1519 2635 1638 2677; x_wconf 86' lang='lat' dir='ltr'>esset,</span> 
     </span>
    </p>

    <p class='ocr_par' dir='ltr' id='par_1_14' title="bbox 243 2691 1640 2745">
     <span class='ocr_line' id='line_1_40' title="bbox 243 2691 1640 2745; baseline -0.001 -13"><span class='ocrx_word' id='word_1_325' title='bbox 243 2702 262 2732; x_wconf 85' lang='lat'><em>8</em></span> <span class='ocrx_word' id='word_1_326' title='bbox 288 2704 436 2732; x_wconf 84' lang='lat' dir='ltr'>corona</span> <span class='ocrx_word' id='word_1_327' title='bbox 460 2693 639 2733; x_wconf 89' lang='lat' dir='ltr'>hostium</span> <span class='ocrx_word' id='word_1_328' title='bbox 665 2694 785 2734; x_wconf 89' lang='lat' dir='ltr'>cincti</span> <span class='ocrx_word' id='word_1_329' title='bbox 810 2695 863 2738; x_wconf 88' lang='lat' dir='ltr'>ad</span> <span class='ocrx_word' id='word_1_330' title='bbox 887 2695 1060 2734; x_wconf 89' lang='lat' dir='ltr'>multum</span> <span class='ocrx_word' id='word_1_331' title='bbox 1085 2695 1165 2735; x_wconf 88' lang='lat' dir='ltr'>diei</span> <span class='ocrx_word' id='word_1_332' title='bbox 1196 2695 1431 2735; x_wconf 86' lang='lat' dir='ltr'>caeduntur.</span> <span class='ocrx_word' id='word_1_333' title='bbox 1492 2691 1640 2745; x_wconf 82' lang='lat' dir='ltr'>exigua</span> 
     </span>
    </p>
   </div>
  </div>
 </body>
</html>
