1815 3184
317 248 397 289 348
609 255 761 289 LIBER
785 229 949 298 xxvn,
976 255 1029 288 19.
1049 255 1102 288 20.
1131 257 1178 297 [a.
1195 266 1228 288 u.
1244 266 1273 289 ο.
1287 256 1369 299 545]

317 360 431 414 gium
467 371 635 406 nomen,
685 357 781 398 alibi
816 372 1030 412 magnum,
1078 357 1236 398 Romae
1271 357 1522 398 intolerabile
1560 373 1662 400 esse.

273 436 292 464 ,5-
317 420 496 474 regalem
521 418 703 459 animum
728 419 768 458 in
794 433 837 460 se
863 433 953 459 esse
962 435 972 468 3
1006 419 1040 459 si
1064 419 1106 459 id
1129 419 1170 458 in
1195 418 1369 459 hominis
1394 419 1556 473 ingenio
1582 434 1666 459 am-

316 482 547 536 plissimum
578 480 790 529 ducerent,
828 481 947 521 tacite
977 481 1219 529 iudicarent,
1261 481 1374 521 vocis
1404 481 1666 534 usurpatione

274 556 291 585 6
318 543 579 584 abstinerent.
642 557 805 583 sensere
837 544 959 583 etiam
991 542 1152 583 barbari
1182 542 1504 596 magnitudinem
1530 542 1665 591 animi,

318 605 434 644 cuius
460 604 655 645 miraculo
680 604 855 644 nominis
882 604 949 644 alii
973 603 1163 645 mortales
1190 609 1416 658 stuperent,
1442 603 1484 643 id
1509 618 1560 643 ex
1585 610 1668 643 tam

318 680 468 720 magno
493 665 659 720 fastigio
685 666 954 719 aspernantis.

276 741 291 768 7
401 728 526 768 Dona
550 728 644 767 inde
669 727 822 781 regulis
853 726 1185 781 principibusque
1211 727 1493 780 Hispanorum
1523 726 1666 774 divisa,

319 797 358 829 et
389 804 440 830 ex
470 804 620 843 magna
656 789 773 842 copia
809 794 1019 842 captorum
1057 803 1254 841 equorum
1290 794 1516 836 trecentos,
1565 801 1667 839 quos

274 863 293 892 8
318 851 457 899 vellet,
485 850 634 904 eligere
656 849 874 890 Indibilem
898 850 1028 890 iussit.
1066 864 1159 890 cum
1183 849 1311 889 Afros
1337 849 1531 889 venderet
1554 848 1670 889 iussu

318 905 574 965 imperatoris
612 918 820 964 quaestor,
864 925 1036 965 puerum
1073 911 1256 951 adultum
1292 911 1397 951 inter
1433 925 1501 951 eos
1538 910 1670 950 forma

318 973 469 1027 insigni
506 987 597 1013 cum
635 973 817 1013 audisset
852 973 954 1027 regii
988 972 1149 1027 generis
1187 987 1295 1020 esse,
1345 972 1396 1012 ad
1434 970 1670 1025 Scipionem

275 1049 292 1078 9
319 1035 440 1076 misit.
502 1049 624 1087 quem
649 1048 742 1075 cum
766 1040 1098 1088 percunctaretur
1125 1032 1282 1088 Scipio,
1314 1034 1404 1087 quis
1431 1041 1469 1074 et
1495 1033 1605 1074 cuias
1631 1039 1671 1073 et

319 1112 391 1137 cur
415 1096 457 1136 id
481 1096 625 1136 aetatis
650 1096 692 1136 in
717 1096 859 1136 castris
886 1095 1049 1144 fuisset,
1086 1095 1308 1136 Numidam
1334 1110 1424 1136 esse
1450 1095 1522 1144 ait,
1554 1094 1670 1135 Mas-

320 1158 451 1198 sivam
486 1157 702 1211 populares
734 1172 899 1197 vocare:
949 1157 1094 1198 orbum
1124 1173 1148 1197 a
1182 1164 1296 1210 patre
1325 1157 1528 1204 relictum,
1573 1162 1670 1209 aput

319 1226 548 1259 maternum
585 1234 707 1259 avum
746 1217 913 1267 Galam,
956 1233 1096 1272 regem
1131 1218 1420 1266 Numidarum,
1465 1218 1668 1266 eductum,

320 1296 412 1321 cum
438 1280 639 1320 avunculo
665 1280 908 1328 Masinissa,
946 1281 1017 1333 qui
1047 1294 1176 1333 nuper
1206 1294 1299 1320 cum
1330 1280 1511 1332 equitatu
1537 1279 1670 1320 subsi-

320 1343 386 1382 dio
414 1341 824 1395 Carthaginiensibus
855 1342 1053 1390 venisset,
1091 1341 1133 1381 in
1164 1341 1412 1394 Hispaniam
1448 1341 1668 1381 traiecisse.

254 1417 295 1446 10
319 1404 567 1458 prohibitum
597 1410 762 1456 propter
798 1409 973 1443 aetatem
1004 1418 1027 1442 a
1056 1402 1282 1442 Masinissa
1317 1415 1541 1454 numquam
1578 1409 1670 1442 ante

234 1471 236 1474 ’
319 1465 517 1519 proelium
553 1464 696 1513 inisse;
746 1479 793 1504 eo
830 1464 912 1512 die,
956 1478 1036 1516 quo
1074 1469 1302 1517 pugnatum
1344 1477 1437 1502 cum
1472 1462 1670 1503 Romanis

320 1532 445 1575 esset,
483 1525 610 1565 inscio
647 1525 866 1573 avunculo,
906 1525 1010 1565 013111
1047 1525 1170 1565 armis
1208 1538 1394 1577 equoque
1432 1531 1595 1578 sumpto
1630 1525 1671 1564 in

320 1588 449 1628 aciem
485 1587 632 1627 exisse.
715 1586 771 1627 ibi
806 1586 999 1640 prolapso
1037 1601 1142 1639 equo
1185 1586 1361 1627 effusum
1398 1586 1440 1626 in
1474 1600 1670 1640 praeceps

254 1663 291 1691 11
321 1656 484 1702 captum
520 1648 571 1688 ab
596 1648 794 1689 Romanis
826 1663 929 1689 csse.
998 1647 1138 1702 Scipio
1169 1663 1262 1689 cum
1293 1648 1500 1688 adservari
1529 1647 1672 1688 Numi-

319 1711 413 1750 dam
438 1710 643 1758 iussisset,
681 1724 786 1762 quae
816 1724 888 1763 pro
915 1709 1105 1751 tribunali
1136 1710 1296 1764 agenda
1326 1716 1456 1758 erant,
1494 1709 1671 1764 peragit,

318 1772 413 1811 inde
439 1786 531 1811 cum
558 1786 600 1812 se
625 1772 666 1811 in
691 1772 939 1825 praetorium
963 1772 1203 1825 recepisset,
1229 1777 1419 1812 vocatum
1439 1785 1532 1811 eum
1550 1771 1673 1810 inter-

255 1846 294 1876 12
319 1842 454 1888 rogat,
481 1834 655 1874 velletne
681 1834 733 1874 ad
745 1833 1014 1874 Masinissam
1038 1833 1197 1874 reverti.
1236 1848 1328 1874 cum
1355 1832 1495 1874 effusis
1521 1832 1672 1885 gaudio

320 1896 497 1936 lacrimis
524 1910 670 1949 cupere
697 1910 792 1936 vero
818 1895 987 1943 diceret,
1026 1902 1112 1935 tum
1143 1909 1270 1948 puero
1296 1894 1462 1934 anulum
1488 1908 1670 1942 aureum,

321 1958 501 1997 tunicam
536 1958 618 1998 lato
650 1957 765 1998 clavo
797 1972 890 1998 cum
920 1957 1112 2010 Hispano
1149 1956 1293 2010 sagulo
1325 1962 1364 1997 et
1394 1970 1517 1996 aurea
1547 1955 1672 1996 fibula

322 2033 552 2072 equumque
601 2026 788 2060 ornatum
835 2019 976 2067 donat,
1025 2018 1231 2071 iussisque
1277 2017 1488 2072 prosequi,
1537 2016 1673 2070 quoad
1710 2052 1719 2066 ,

321 2081 460 2129 vellet,
488 2080 693 2134 equitibus
720 2081 885 2121 dimisit.

279 2156 293 2184 1
406 2142 512 2183 XX.
572 2142 640 2183 De
671 2142 778 2183 bello
808 2143 902 2182 inde
934 2142 1148 2183 consilium
1178 2141 1375 2182 habitum.
1437 2147 1476 2182 et
1501 2140 1674 2181 auctori-

321 2204 398 2245 bus
424 2205 682 2258 quibusdam,
710 2212 755 2245 ut
780 2204 995 2246 confestim
1011 2204 1317 2245 Hasdrubalem
1343 2209 1671 2257 consequeretur,

278 2277 296 2306 2
323 2280 471 2321 anceps
496 2266 539 2306 id
563 2274 694 2315 ratus,
731 2281 782 2307 ne
807 2266 936 2321 Mago
967 2272 1087 2319 atque
1113 2265 1352 2307 Hasdrubal
1383 2280 1476 2306 cum
1507 2279 1555 2305 eo
1585 2264 1674 2304 iun-

322 2335 465 2381 gerent
490 2329 646 2382 copias,
673 2328 875 2382 praesidio
895 2334 1053 2368 tantum
1072 2328 1124 2368 ad
1142 2328 1401 2368 insidendum
1414 2326 1674 2380 Pyrenaeum

321 2390 448 2430 misso
472 2390 560 2444 ipse
586 2391 783 2431 relicuum
803 2391 968 2431 aestatis
988 2390 1230 2444 recipiendis
1249 2390 1291 2430 in
1309 2389 1431 2430 fidem
1446 2388 1673 2442 Hispaniae

278 2463 296 2492 3
322 2451 483 2504 populis
509 2451 749 2506 absumpsit.
809 2452 951 2505 paucis
976 2458 1070 2506 post
1094 2451 1292 2506 proelium
1317 2451 1472 2491 factum
1497 2451 1549 2491 ad
1568 2450 1674 2490 Bae-

323 2513 456 2552 culam
482 2513 644 2562 diebus,
683 2529 774 2554 cum
803 2513 943 2567 Scipio
974 2514 1134 2554 rediens
1161 2513 1242 2554 iam
1268 2512 1543 2553 Tarraconem
1569 2510 1673 2552 saltu

325 2572 615 2615 Castulonensi
651 2576 920 2624 excessisset,
968 2574 1208 2616 Hasdrubal
1246 2573 1442 2629 Gisgonis
1485 2573 1591 2613 filius
1633 2577 1672 2611 et

323 2633 453 2688 Mago
477 2636 743 2689 imperatores
775 2651 825 2677 ex
849 2637 1038 2677 ulteriore
1064 2636 1267 2690 Hispania
1291 2636 1343 2676 ad
1367 2632 1670 2675 Hasdrubalem

325 2708 490 2744 venere,
528 2711 662 2737 serum
693 2704 787 2751 post
818 2698 922 2738 male
947 2705 1107 2752 gestam
1136 2712 1221 2737 rem
1252 2696 1466 2744 auxilium,
1504 2692 1671 2734 consilio
