1815 3184
326 245 406 287 498
664 248 814 283 LIBER
838 247 963 290 XXX,
989 245 1041 280 15.
1068 248 1116 288 [a.
1130 257 1163 279 u.
1177 256 1207 279 e.
1220 245 1300 288 551]

285 370 299 398 1
408 353 507 395 XV.
575 349 824 391 Masinissae
865 348 966 388 haec
1007 347 1185 387 audienti
1230 361 1312 387 non
1351 346 1473 386 rubor
1520 346 1648 386 solum

327 415 525 461 suffusus,
558 412 630 453 sed
660 410 849 451 lacrimae
874 409 995 449 etiam
1020 409 1202 456 obortae3
1239 415 1279 448 et
1303 421 1395 447 cum
1420 421 1463 447 se
1489 407 1650 459 quidem

325 477 366 516 in
389 480 589 529 potestate
614 473 794 512 futurum
818 469 1071 525 imperatoris
1098 469 1266 509 dixisset
1291 477 1526 520 orassetque
1547 482 1650 516 eum,

326 544 369 576 ut
393 542 587 588 quantum
610 549 674 574 res
701 533 849 573 sineret
878 531 973 571 fidei
1004 545 1100 571 suae
1131 538 1281 570 temere
1312 529 1528 570 obstrictae
1559 542 1654 568 con-

285 612 302 641 ‘2
330 598 479 638 suleret
501 621 533 625 —
556 595 792 650 promisisse
823 593 930 634 enim
967 608 1009 633 se
1038 592 1080 632 in
1110 592 1258 632 nullius
1289 598 1533 646 potestatem
1564 605 1653 630 eam

329 658 567 700 traditurum
590 682 639 705 —‚
677 671 728 697 ex
762 654 963 710 praetorio
999 654 1040 694 in
1077 653 1381 693 tabernaculum
1413 667 1530 692 suum
1560 666 1655 692 con-

287 735 304 764 3
331 721 446 761 fusus
478 717 690 759 concessit.
748 717 805 757 ibi
840 715 999 756 arbitris
1029 715 1194 756 remotis
1227 729 1319 755 cum
1353 715 1493 755 crebro
1525 713 1656 768 suspi-

328 782 407 822 ritu
438 788 477 821 et
507 779 679 834 gemitu,
717 778 826 832 quod
856 777 974 818 facile
1006 778 1056 817 ab
1087 776 1439 817 circumstantibus
1470 776 1656 816 taberna-

285 858 305 886 4
330 843 464 882 culum
490 841 670 882 exaudiri
693 847 852 895 posset,
890 839 1140 892 aliquantum
1164 838 1356 892 temporis
1382 836 1657 891 consumpsis-

330 912 409 953 set,
445 903 600 957 ingenti
631 903 683 942 ad
716 910 967 956 postremum
998 900 1105 941 edito
1137 899 1290 954 gemitu
1320 899 1446 939 fidum
1476 913 1497 939 e
1528 897 1656 938 servis

329 973 464 1013 vocat,
497 965 572 1005 sub
598 964 710 1004 cuius
737 963 922 1003 custodia
944 962 1057 1016 regio
1083 977 1194 1002 more
1220 961 1271 1001 ad
1295 961 1448 1001 incerta
1472 960 1657 1000 fortunae

330 1042 532 1068 venenum
556 1034 659 1074 erat,
686 1033 725 1066 et
748 1025 919 1065 mixtum
943 1024 983 1063 in
1008 1024 1153 1077 poculo
1178 1023 1283 1063 ferre
1306 1023 1357 1062 ad
1378 1021 1658 1076 Sophonibam

287 1103 305 1132 5
330 1089 441 1129 iubet
471 1102 517 1129 ac
548 1087 666 1128 simul
692 1086 895 1133 nuntiare,
932 1085 1200 1125 BIasinissam
1225 1084 1396 1125 libenter
1424 1083 1596 1138 primam
1622 1082 1656 1122 ei

330 1151 453 1191 fidem
492 1156 792 1204 praestaturum
834 1147 985 1194 fuisse,
1034 1161 1155 1198 quam
1197 1146 1257 1185 vir
1298 1145 1414 1185 uxori
1456 1143 1656 1184 debuerit:

332 1211 522 1264 quoniam
552 1210 637 1250 eius
669 1209 877 1249 arbitrium
908 1207 975 1260 qui
1005 1207 1164 1261 possint
1199 1206 1394 1254 adimant,
1438 1205 1657 1246 secundam

331 1273 455 1313 fidem
483 1280 708 1326 praestare,
745 1285 795 1310 ne
826 1270 920 1309 viva
948 1269 989 1308 in
1020 1275 1264 1322 potestatem
1287 1268 1565 1308 Romanorum
1590 1281 1658 1306 ve-

290 1348 308 1377 6
332 1335 428 1375 niat.
487 1348 641 1373 memor
676 1331 820 1386 patris,
858 1329 1111 1384 imperatoris
1148 1329 1381 1383 patriaeque
1418 1336 1457 1368 et
1488 1329 1657 1368 duorum

332 1411 492 1450 regum,
525 1395 669 1447 quibus
695 1401 821 1447 nupta
845 1392 1008 1439 fuisset,
1041 1391 1116 1431 sibi
1141 1391 1230 1445 ipsa
1254 1391 1493 1430 consuleret.
1552 1390 1659 1428 hunc

334 1457 518 1497 nuntium
549 1470 595 1495 ac
626 1455 744 1495 simul
774 1468 976 1494 venenum
1007 1453 1141 1492 ferens
1174 1451 1355 1491 minister
1385 1465 1476 1490 cum
1507 1451 1558 1490 ad
1584 1449 1660 1490 So-

292 1533 307 1561 7
333 1518 553 1573 phonibam
578 1517 774 1564 venisset,
802 1514 992 1567 ‘accipio'
1019 1513 1148 1565 inquit
1174 1513 1371 1566 ‘nuptiale
1396 1527 1564 1560 munus,
1590 1526 1661 1551 ne-

334 1594 410 1632 que
435 1579 656 1632 ingratum,
699 1577 733 1617 si
762 1576 861 1616 nihil
891 1575 1021 1615 maius
1048 1574 1107 1614 vir
1137 1574 1253 1614 uxori
1283 1581 1490 1628 praestare
1514 1573 1660 1627 potuit:

334 1641 410 1681 hoc
439 1648 574 1680 tamen
604 1639 763 1687 nuntia,
801 1638 946 1677 melius
977 1651 1042 1677 me
1072 1636 1309 1677 morituram
1339 1635 1485 1684 fuisse,
1523 1635 1557 1675 si
1581 1650 1663 1675 non

291 1714 309 1743 S
334 1702 375 1741 in
399 1702 539 1741 funere
565 1715 654 1741 meo
680 1698 937 1754 nupsissem.'
992 1713 1074 1738 non
1098 1698 1233 1738 locuta
1256 1706 1317 1738 est
1341 1697 1515 1737 ferocius
1541 1711 1662 1749 quam

335 1772 545 1818 acceptum
581 1762 771 1816 poculum
806 1761 916 1801 nullo
952 1759 1234 1813 trepidationis
1273 1759 1389 1812 signo
1426 1758 1519 1798 dato
1550 1758 1664 1812 inpa-

292 1838 309 1867 9
336 1825 426 1865 vide
458 1824 603 1864 hausit.
664 1824 772 1877 quod
801 1823 870 1863 ubi
905 1822 1133 1862 nuntiatum
1163 1829 1225 1862 est
1251 1820 1450 1875 Scipioni,
1487 1835 1537 1860 ne
1568 1820 1664 1873 quid

336 1901 457 1940 aeger
493 1886 615 1926 animi
650 1886 766 1926 ferox
801 1884 958 1925 iuvenis
995 1883 1160 1938 gra-vius
1197 1883 1442 1930 consuleret,
1493 1882 1664 1922 accitum

273 1961 313 1990 10
336 1962 427 1988 eum
453 1947 655 2001 extemplo
680 1961 788 1986 nunc
813 1946 983 1994 solatur,
1020 1959 1145 1993 nunc,
1183 1944 1290 1997 quod
1315 1943 1581 1984 temeritatem
1606 1950 1664 1982 te-

337 2009 520 2049 meritate
557 2009 635 2048 alia
669 2008 806 2056 luerit,
855 2007 1153 2059 tristioremque
1188 2021 1292 2054 rem,
1340 2019 1461 2057 quam
1496 2018 1664 2045 necesse

274 2084 311 2113 11
339 2071 475 2119 fuerit,
512 2071 670 2120 fecerit,
706 2071 850 2111 leniter
880 2069 1064 2123 castigat.
1123 2076 1286 2122 postero
1317 2067 1399 2116 die,
1435 2075 1479 2107 ut
1503 2082 1526 2107 a
1549 2081 1666 2121 prae-

340 2133 443 2173 senti
480 2140 592 2173 motu
628 2139 827 2173 averteret
858 2132 1037 2172 animum
1067 2131 1172 2178 eius,
1209 2129 1251 2169 in
1281 2129 1456 2169 tribunal
1486 2127 1668 2168 escendit

339 2202 380 2234 et
414 2194 642 2235 contionem
679 2193 869 2234 advocari
903 2192 1034 2232 iussit.
1092 2191 1148 2232 ibi
1171 2190 1457 2238 Masinissam,
1493 2189 1667 2244 primum

338 2270 478 2309 regem
514 2256 761 2309 appellatum
798 2254 1036 2306 eximiisque
1073 2260 1261 2294 ornatum
1296 2252 1503 2299 laudibus,
1547 2265 1669 2291 aurea

342 2331 507 2365 corona,
555 2332 676 2357 aurea
709 2325 867 2371 patera,
917 2316 1017 2356 sella
1053 2314 1180 2355 curuli
1216 2322 1255 2355 et
1292 2313 1470 2368 scipione
1501 2313 1666 2360 eburno,

279 2391 316 2420 12
343 2387 438 2432 toga
466 2378 575 2432 picta
604 2386 642 2419 et
672 2379 851 2433 palmata
881 2377 1017 2417 tunica
1047 2377 1181 2418 donat.
1242 2376 1353 2416 addit
1383 2374 1516 2415 verbis
1541 2374 1669 2414 hono-

342 2455 444 2480 rem:
480 2454 611 2492 neque
635 2439 958 2494 magnificentius
985 2438 1201 2491 quicquam
1225 2436 1428 2491 triumpho
1454 2435 1562 2489 apud
1585 2435 1668 2475 Ro-

343 2516 483 2541 manos
514 2516 645 2554 neque
675 2500 1016 2556 triumphantibus
1049 2499 1287 2553 ampliorem
1318 2512 1365 2538 eo
1396 2505 1539 2538 ornatu
1564 2510 1667 2542 esse,

344 2576 422 2614 quo
453 2577 578 2602 unum
608 2563 788 2603 omnium
819 2570 1079 2602 externorum
1109 2561 1278 2615 dignum
1300 2558 1568 2599 EIasinissam
1597 2571 1668 2611 po-

282 2636 319 2664 13
344 2623 462 2676 pulus
487 2623 697 2664 Romanus
734 2625 866 2663 ducat.
924 2622 1114 2663 Laelium
1150 2622 1295 2662 deinde
1332 2628 1372 2661 et
1404 2620 1540 2674 ipsum
1574 2632 1669 2657 con-

345 2683 550 2723 laudatum
576 2699 697 2724 aurea
722 2698 870 2725 corona
890 2684 1023 2724 donat.
1073 2691 1112 2723 et
1131 2683 1197 2723 alii
1221 2682 1414 2722 militares
1434 2679 1525 2728 viri,
1549 2684 1667 2732 prout
