1815 3184
498 224 650 260 LIBER
675 223 804 267 XXX,
831 223 952 256 10.11.
980 220 1178 265 [a.0.203]
1433 209 1516 250 493

174 330 351 387 spatium
374 327 749 386 propugnatoribus
776 326 917 367 datum
941 332 1016 367 est.
1058 339 1131 365 sex
1155 323 1284 364 ferme
1310 321 1519 364 onerariae
1543 335 1586 365 ‘20

172 394 379 449 puppibus
407 393 637 433 abstractae
664 389 963 444 Carthaginem
989 394 1096 428 sunt.
1144 386 1274 427 maior
1299 400 1421 439 quam
1445 398 1519 439 pro

171 470 216 496 re
240 455 412 504 laetitia,
445 454 519 495 sed
543 468 590 494 eo
616 452 787 507 gratior,
826 451 935 504 quod
960 450 1064 490 inter
1090 448 1283 489 adsiduas
1309 447 1446 488 clades
1473 459 1521 486 ac

172 518 362 558 lacrimas
398 532 525 557 unum
569 522 945 569 quantumcumque
988 528 1039 553 ex
1080 512 1288 567 insperato
1325 509 1521 565 gaudium

174 580 401 620 adfulserat
425 593 518 619 cum
543 593 610 626 eo,
636 585 681 618 ut
706 583 922 632 appareret
946 575 1057 615 haud
1079 574 1222 629 procul
1248 572 1371 614 exitio
1391 571 1519 612 fuisse

173 642 407 683 Romanam
432 641 625 689 classem,
663 639 705 680 ni
730 646 937 680 cessatum
961 653 985 678 a
1008 636 1227 692 praefectis
1261 650 1426 677 suarum
1449 648 1522 674 na-

174 705 286 745 vium
310 705 417 746 foret
441 711 482 745 et
507 702 647 759 Scipio
672 703 714 743 in
738 710 922 757 tempore
949 700 1222 742 subvenisset.

258 767 340 808 XL
389 767 472 807 Per
497 767 664 807 eosdem
689 766 793 806 forte
819 765 906 805 dies
932 779 1024 805 cum
1038 762 1210 803 Laelius
1236 768 1276 802 et
1294 759 1523 801 Masinissa

175 829 318 883 quinto
368 829 540 870 decumo
588 828 717 869 ferme
760 827 824 868 die
867 827 909 867 in
943 826 1181 867 Numidiam
1222 823 1520 879 pervenissent,

173 891 374 940 BIaesuli,
398 906 574 946 regnum
597 897 814 945 paternum
825 888 1096 936 Masinissae,
1121 887 1219 928 laeti
1242 893 1287 926 ut
1312 886 1364 926 ad
1381 899 1523 939 regem

175 954 245 994 diu
281 953 559 994 desideratum
595 966 850 993 concessere.
911 948 1085 1005 Syphax
1119 949 1249 1004 pulsis
1280 948 1375 988 inde
1404 961 1523 1002 prae-

174 1015 294 1057 fectis
318 1015 618 1070 praesidiisque
650 1013 734 1054 suis
766 1020 904 1053 vetere
937 1027 980 1053 se
1012 1012 1248 1052 continebat
1270 1025 1400 1064 regno
1424 1024 1524 1050 neu-

174 1079 332 1132 tiquam
357 1077 582 1130 quieturus.
637 1075 875 1115 stimulabat
900 1089 1072 1130 aegrum
1097 1088 1235 1114 amore
1260 1087 1363 1113 uxor
1389 1085 1524 1112 socer-

173 1155 271 1194 que,
309 1147 350 1180 et
372 1140 430 1180 ita
453 1139 551 1179 viris
577 1138 775 1191 equisque
802 1137 1059 1185 abundabat,
1089 1143 1135 1176 ut
1160 1135 1368 1175 subiectae
1394 1134 1522 1174 oculis

171 1202 289 1257 regni
318 1216 392 1257 per
421 1201 573 1242 multos
605 1199 788 1241 florentis
821 1214 950 1240 annos
984 1198 1090 1239 vires
1117 1197 1241 1238 etiam
1269 1195 1405 1236 minus
1430 1196 1524 1236 bar-

171 1265 272 1305 baro
298 1271 420 1318 atque
444 1262 646 1318 inpotenti
671 1262 807 1303 animo
830 1261 996 1316 spiritus
1017 1267 1188 1315 possent
1213 1259 1362 1299 facere.
1399 1257 1524 1311 igitur

173 1327 383 1376 omnibus,
420 1326 490 1380 qui
525 1325 633 1367 bello
670 1325 754 1380 apti
791 1331 925 1373 erant,
962 1324 1004 1364 in
1039 1338 1167 1363 unum
1198 1321 1350 1363 coactis
1381 1334 1524 1373 equos,

175 1405 305 1438 arma,
333 1389 415 1430 tela
439 1388 601 1437 dividit3
629 1387 786 1441 equites
812 1387 854 1427 in
879 1395 1053 1434 turmas,
1079 1385 1238 1441 pedites
1264 1383 1307 1424 in
1332 1382 1524 1430 cohortis,

175 1451 281 1491 sicut
306 1451 514 1504 quondam
540 1451 591 1491 ab
604 1449 804 1491 Romanis
824 1448 1131 1489 centurionibus
1152 1446 1363 1494 didicerat,
1390 1444 1526 1485 distri-

174 1513 274 1554 buit.
335 1512 517 1553 exercitu
541 1512 651 1552 haud
676 1511 833 1553 minore
859 1525 983 1564 quam
1013 1524 1135 1563 quem
1165 1508 1279 1563 prius
1311 1507 1524 1555 habuerat,

176 1585 357 1616 ceterum
381 1575 492 1617 omui
522 1589 650 1630 prope
681 1589 789 1615 novo
815 1580 937 1627 atque
962 1572 1189 1620 incondito,
1225 1570 1284 1611 ire
1310 1570 1362 1610 ad
1393 1568 1523 1610 hostis

174 1637 321 1693 pergit.
382 1646 423 1678 et
447 1637 591 1679 castris
616 1636 659 1676 in
682 1635 913 1691 propinquo
938 1634 1084 1689 positis
1108 1633 1241 1688 primo
1266 1631 1388 1687 pauci
1412 1630 1525 1684 equi-

175 1710 237 1740 tes
275 1714 326 1740 ex
364 1706 450 1740 tuto
488 1698 749 1754 speculantes
787 1698 838 1738 ab
877 1696 1121 1737 stationibus
1164 1694 1381 1750 progredi,
1431 1693 1525 1733 dein

174 1762 317 1803 iaculis
345 1760 539 1802 summoti
569 1775 777 1801 recurrere
811 1760 863 1800 ad
894 1774 989 1800 suos
1000 1775 1010 1808 3
1053 1758 1148 1798 inde
1174 1757 1438 1798 excursiones
1463 1756 1525 1795 in-

175 1824 308 1864 vicem
331 1823 419 1864 fieri
444 1830 501 1872 et,
540 1837 633 1864 cum
662 1822 805 1877 pulsos
831 1821 1058 1877 indignatio
1090 1819 1349 1867 accenderet,
1385 1818 1524 1873 plures

176 1886 331 1935 subire,
369 1885 481 1942 quod
515 1885 822 1926 inritamentum
859 1883 1127 1926 certaminum
1166 1881 1416 1935 equestrium
1448 1888 1522 1929 est,

174 1964 268 1989 cum
299 1955 368 1988 aut
401 1947 657 1989 vincentibus
691 1962 785 2002 spes
819 1954 888 1987 aut
918 1945 1048 2001 pulsis
1084 1944 1145 1985 ira
1182 1944 1381 1999 adgregat
1413 1957 1523 1983 SUOS.

174 2012 231 2052 ita
266 2018 354 2051 tum
385 2026 408 2051 a
437 2010 580 2065 paucis
617 2010 774 2065 proelio
813 2023 986 2049 accenso
1024 2022 1188 2049 omnem
1216 2006 1421 2059 utrimque
1451 2020 1525 2060 po-

176 2081 328 2114 stremo
360 2073 588 2126 equitatum
620 2071 853 2113 certaminis
887 2070 1067 2111 studium
1098 2068 1283 2110 effundit.
1350 2082 1397 2108 ac
1428 2068 1526 2108 dum

176 2135 381 2175 sincerum
411 2141 601 2187 equestre
630 2133 832 2188 proelium
864 2140 968 2181 erat,
1006 2131 1224 2172 multitudo
1248 2129 1526 2171 Blasaesulio-

174 2211 284 2244 rum,
320 2196 505 2251 ingentia
535 2195 700 2250 agmina
732 2194 924 2249 Syphace
961 2194 1189 2242 emittente,
1229 2191 1421 2233 sustineri
1455 2190 1526 2231 vix

174 2265 353 2313 poterat3
380 2258 546 2307 deinde,
571 2265 617 2298 ut
640 2257 768 2312 pedes
794 2257 1008 2298 Romanus
1033 2255 1247 2311 repentino
1271 2269 1344 2310 per
1369 2261 1524 2294 turmas

177 2336 272 2361 suas
301 2321 411 2361 viam
441 2320 575 2361 dantis
606 2320 836 2361 intercursu
869 2319 1058 2360 stabilem
1089 2318 1218 2359 aciem
1247 2317 1345 2358 fecit
1369 2317 1526 2357 abster-

175 2383 337 2436 ruitque
373 2383 504 2423 effuse
539 2382 802 2423 invehentem
839 2397 930 2423 sese
968 2382 1147 2430 hostem,
1195 2380 1327 2435 primo
1362 2378 1527 2419 barbari

177 2445 344 2502 segnius
374 2445 609 2500 permittere
641 2459 788 2498 equos,
827 2445 921 2485 dein
953 2452 1061 2485 stare
1093 2458 1139 2483 ac
1169 2457 1343 2498 propere
1374 2440 1526 2482 turbati

175 2523 283 2549 novo
313 2522 464 2562 genere
494 2523 660 2563 pugnae
690 2515 900 2562 postremo
931 2521 1014 2547 non
1043 2505 1171 2561 pediti
1203 2505 1334 2546 solum
1365 2503 1523 2551 cedere,

176 2570 250 2611 sed
285 2585 336 2611 ne
373 2569 552 2623 equitem
588 2569 755 2623 quidem
792 2568 995 2609 sustinere
1031 2567 1180 2622 peditis
1212 2566 1418 2621 praesidio
1455 2580 1526 2606 au-

174 2633 352 2673 dentem.
411 2631 494 2672 iam
530 2631 650 2688 signa
686 2645 848 2685 quoque
879 2630 1089 2685 legionum
1126 2628 1522 2684 adpropinquabant.

174 2701 260 2734 tum
286 2709 383 2735 vero
407 2693 638 2735 Masaesuli
663 2709 746 2733 non
771 2693 894 2733 modo
917 2692 1097 2747 primum
1120 2690 1338 2746 impetum,
1376 2690 1449 2731 sed
1474 2704 1524 2730 ne

1545 583 1583 612 21

1548 958 1566 987 10

1552 2454 1592 2483 10

1552 2641 1590 2670 11
