<?xml version="1.0" encoding="UTF-8"?>
<!DOCTYPE html PUBLIC "-//W3C//DTD XHTML 1.0 Transitional//EN"
    "http://www.w3.org/TR/xhtml1/DTD/xhtml1-transitional.dtd">
<html xmlns="http://www.w3.org/1999/xhtml" xml:lang="en" lang="en">
 <head>
  <title>
</title>
<meta http-equiv="Content-Type" content="text/html;charset=utf-8" />
  <meta name='ocr-system' content='tesseract 3.04.00' />
  <meta name='ocr-capabilities' content='ocr_page ocr_carea ocr_par ocr_line ocrx_word'/>
</head>
<body>
  <div class='ocr_page' id='page_1' title='image "./aburbeconditalib02livyuoft_0539.png"; bbox 0 0 1815 3184; ppageno 0'>
   <div class='ocr_carea' id='block_1_1' title="bbox 485 223 1536 278">
    <p class='ocr_par' dir='ltr' id='par_1_1' title="bbox 485 223 1536 278">
     <span class='ocr_line' id='line_1_1' title="bbox 485 223 1536 278; baseline -0.006 -9"><span class='ocrx_word' id='word_1_1' title='bbox 485 236 640 270; x_wconf 82' lang='lat' dir='ltr'>LIBER</span> <span class='ocrx_word' id='word_1_2' title='bbox 664 235 851 278; x_wconf 73' lang='lat' dir='ltr'>xxviii,</span> <span class='ocrx_word' id='word_1_3' title='bbox 877 235 930 268; x_wconf 85' lang='lat'>43.</span> <span class='ocrx_word' id='word_1_4' title='bbox 951 234 1006 268; x_wconf 85' lang='lat'>44.</span> <span class='ocrx_word' id='word_1_5' title='bbox 1035 236 1083 277; x_wconf 76' lang='lat' dir='ltr'>[a.</span> <span class='ocrx_word' id='word_1_6' title='bbox 1099 233 1137 268; x_wconf 87' lang='grc'>0.</span> <span class='ocrx_word' id='word_1_7' title='bbox 1153 233 1234 276; x_wconf 79' lang='lat'>205]</span> <span class='ocrx_word' id='word_1_8' title='bbox 1453 223 1536 263; x_wconf 82' lang='lat'>435</span> 
     </span>
    </p>
   </div>
   <div class='ocr_carea' id='block_1_2' title="bbox 182 335 1606 2663">
    <p class='ocr_par' dir='ltr' id='par_1_2' title="bbox 185 335 1537 449">
     <span class='ocr_line' id='line_1_2' title="bbox 185 335 1537 393; baseline -0.004 -13"><span class='ocrx_word' id='word_1_9' title='bbox 185 349 266 389; x_wconf 86' lang='lat' dir='ltr'>tur,</span> <span class='ocrx_word' id='word_1_10' title='bbox 305 347 607 393; x_wconf 86' lang='lat' dir='ltr'>transgressum</span> <span class='ocrx_word' id='word_1_11' title='bbox 638 338 678 377; x_wconf 92' lang='lat' dir='ltr'>in</span> <span class='ocrx_word' id='word_1_12' title='bbox 709 337 814 377; x_wconf 81' lang='lat' dir='ltr'>lianc</span> <span class='ocrx_word' id='word_1_13' title='bbox 845 337 1018 377; x_wconf 87' lang='lat' dir='ltr'>eandem</span> <span class='ocrx_word' id='word_1_14' title='bbox 1041 335 1229 376; x_wconf 89' lang='lat' dir='ltr'>Africam</span> <span class='ocrx_word' id='word_1_15' title='bbox 1261 335 1458 376; x_wconf 79' lang='lat' dir='ltr'>avertisse</span> <span class='ocrx_word' id='word_1_16' title='bbox 1490 349 1537 374; x_wconf 86' lang='lat' dir='ltr'>eo</span> 
     </span>
     <span class='ocr_line' id='line_1_3' title="bbox 186 398 879 449; baseline -0.006 -8"><span class='ocrx_word' id='word_1_17' title='bbox 186 401 354 449; x_wconf 89' lang='lat' dir='ltr'>bellum,</span> <span class='ocrx_word' id='word_1_18' title='bbox 381 401 489 440; x_wconf 91' lang='lat' dir='ltr'>unde</span> <span class='ocrx_word' id='word_1_19' title='bbox 515 406 698 447; x_wconf 80' lang='lat' dir='ltr'>venerat,</span> <span class='ocrx_word' id='word_1_20' title='bbox 724 398 879 438; x_wconf 82' lang='lat' dir='ltr'>refers?</span> 
     </span>
    </p>

    <p class='ocr_par' dir='ltr' id='par_1_3' title="bbox 182 456 1606 2663">
     <span class='ocr_line' id='line_1_4' title="bbox 268 456 1579 512; baseline -0.003 -10"><span class='ocrx_word' id='word_1_21' title='bbox 268 460 567 502; x_wconf 77' lang='lat' dir='ltr'><strong>XXXXHII.</strong></span> <span class='ocrx_word' id='word_1_22' title='bbox 629 458 714 501; x_wconf 85' lang='lat' dir='ltr'>Sed</span> <span class='ocrx_word' id='word_1_23' title='bbox 739 460 837 512; x_wconf 87' lang='lat' dir='ltr'>quid</span> <span class='ocrx_word' id='word_1_24' title='bbox 867 458 972 499; x_wconf 87' lang='lat' dir='ltr'>ultro</span> <span class='ocrx_word' id='word_1_25' title='bbox 1002 466 1156 499; x_wconf 90' lang='lat' dir='ltr'>metum</span> <span class='ocrx_word' id='word_1_26' title='bbox 1187 458 1336 498; x_wconf 86' lang='lat' dir='ltr'>inferre</span> <span class='ocrx_word' id='word_1_27' title='bbox 1366 456 1474 498; x_wconf 91' lang='lat' dir='ltr'>hosti</span> <span class='ocrx_word' id='word_1_28' title='bbox 1499 463 1538 497; x_wconf 93' lang='lat' dir='ltr'>et</span> <span class='ocrx_word' id='word_1_29' title='bbox 1566 471 1579 498; x_wconf 88' lang='lat'><em>1</em></span> 
     </span>
     <span class='ocr_line' id='line_1_5' title="bbox 185 517 1538 575; baseline -0.004 -11"><span class='ocrx_word' id='word_1_30' title='bbox 185 524 236 564; x_wconf 89' lang='lat' dir='ltr'>ab</span> <span class='ocrx_word' id='word_1_31' title='bbox 263 538 306 563; x_wconf 89' lang='lat' dir='ltr'>se</span> <span class='ocrx_word' id='word_1_32' title='bbox 331 529 487 562; x_wconf 91' lang='lat' dir='ltr'>remoto</span> <span class='ocrx_word' id='word_1_33' title='bbox 512 520 692 575; x_wconf 87' lang='lat' dir='ltr'>periculo</span> <span class='ocrx_word' id='word_1_34' title='bbox 718 521 843 560; x_wconf 90' lang='lat' dir='ltr'>alium</span> <span class='ocrx_word' id='word_1_35' title='bbox 874 520 917 559; x_wconf 87' lang='lat' dir='ltr'>in</span> <span class='ocrx_word' id='word_1_36' title='bbox 942 519 1163 560; x_wconf 77' lang='lat' dir='ltr'>discrimen</span> <span class='ocrx_word' id='word_1_37' title='bbox 1192 519 1394 559; x_wconf 82' lang='lat' dir='ltr'>adducere</span> <span class='ocrx_word' id='word_1_38' title='bbox 1419 517 1538 571; x_wconf 83' lang='lat' dir='ltr'>quale</span> 
     </span>
     <span class='ocr_line' id='line_1_6' title="bbox 186 578 1555 635; baseline -0.004 -11"><span class='ocrx_word' id='word_1_39' title='bbox 186 584 255 632; x_wconf 89' lang='lat' dir='ltr'>sit,</span> <span class='ocrx_word' id='word_1_40' title='bbox 293 582 499 623; x_wconf 71' lang='lat' dir='ltr'>veteribus</span> <span class='ocrx_word' id='word_1_41' title='bbox 538 581 796 635; x_wconf 75' lang='lat' dir='ltr'>externisque</span> <span class='ocrx_word' id='word_1_42' title='bbox 833 580 1031 634; x_wconf 79' lang='lat' dir='ltr'>exemplis</span> <span class='ocrx_word' id='word_1_43' title='bbox 1068 580 1287 620; x_wconf 85' lang='lat' dir='ltr'>admonere</span> <span class='ocrx_word' id='word_1_44' title='bbox 1319 594 1422 633; x_wconf 89' lang='lat' dir='ltr'>opus</span> <span class='ocrx_word' id='word_1_45' title='bbox 1454 578 1555 624; x_wconf 46' lang='lat' dir='ltr'>est?</span> 
     </span>
     <span class='ocr_line' id='line_1_7' title="bbox 185 640 1540 696; baseline -0.004 -11"><span class='ocrx_word' id='word_1_46' title='bbox 185 645 361 685; x_wconf 85' lang='lat' dir='ltr'>multum</span> <span class='ocrx_word' id='word_1_47' title='bbox 391 645 575 692; x_wconf 91' lang='lat' dir='ltr'>interest,</span> <span class='ocrx_word' id='word_1_48' title='bbox 614 643 768 683; x_wconf 87' lang='lat' dir='ltr'>alienos</span> <span class='ocrx_word' id='word_1_49' title='bbox 800 643 993 696; x_wconf 83' lang='lat' dir='ltr'>populere</span> <span class='ocrx_word' id='word_1_50' title='bbox 1024 641 1116 682; x_wconf 92' lang='lat' dir='ltr'>finis</span> <span class='ocrx_word' id='word_1_51' title='bbox 1148 657 1199 682; x_wconf 88' lang='lat' dir='ltr'>an</span> <span class='ocrx_word' id='word_1_52' title='bbox 1230 648 1321 681; x_wconf 88' lang='lat' dir='ltr'>tuos</span> <span class='ocrx_word' id='word_1_53' title='bbox 1352 640 1438 689; x_wconf 77' lang='lat' dir='ltr'>uri,</span> <span class='ocrx_word' id='word_1_54' title='bbox 1470 655 1540 680; x_wconf 86' lang='lat' dir='ltr'>ex-</span> 
     </span>
     <span class='ocr_line' id='line_1_8' title="bbox 186 703 1539 759; baseline -0.004 -12"><span class='ocrx_word' id='word_1_55' title='bbox 186 708 294 748; x_wconf 89' lang='lat' dir='ltr'>cindi</span> <span class='ocrx_word' id='word_1_56' title='bbox 330 707 495 755; x_wconf 80' lang='lat' dir='ltr'>videas3</span> <span class='ocrx_word' id='word_1_57' title='bbox 542 705 635 759; x_wconf 86' lang='lat' dir='ltr'>plus</span> <span class='ocrx_word' id='word_1_58' title='bbox 672 705 797 745; x_wconf 87' lang='lat' dir='ltr'>animi</span> <span class='ocrx_word' id='word_1_59' title='bbox 833 712 894 746; x_wconf 88' lang='lat' dir='ltr'>est</span> <span class='ocrx_word' id='word_1_60' title='bbox 928 704 1118 744; x_wconf 86' lang='lat' dir='ltr'>inferenti</span> <span class='ocrx_word' id='word_1_61' title='bbox 1153 703 1379 757; x_wconf 90' lang='lat' dir='ltr'>periculum</span> <span class='ocrx_word' id='word_1_62' title='bbox 1415 716 1539 755; x_wconf 88' lang='lat' dir='ltr'>quam</span> 
     </span>
     <span class='ocr_line' id='line_1_9' title="bbox 184 766 1583 823; baseline -0.004 -15"><span class='ocrx_word' id='word_1_63' title='bbox 184 768 458 823; x_wconf 84' lang='lat' dir='ltr'>propulsanti3</span> <span class='ocrx_word' id='word_1_64' title='bbox 501 768 553 807; x_wconf 83' lang='lat' dir='ltr'>ad</span> <span class='ocrx_word' id='word_1_65' title='bbox 587 766 665 806; x_wconf 97' lang='grc'>1100</span> <span class='ocrx_word' id='word_1_66' title='bbox 701 766 829 806; x_wconf 89' lang='lat' dir='ltr'>maior</span> <span class='ocrx_word' id='word_1_67' title='bbox 863 766 1093 819; x_wconf 89' lang='lat' dir='ltr'>ignotarum</span> <span class='ocrx_word' id='word_1_68' title='bbox 1129 779 1264 804; x_wconf 90' lang='lat' dir='ltr'>rerum</span> <span class='ocrx_word' id='word_1_69' title='bbox 1297 770 1359 804; x_wconf 86' lang='lat' dir='ltr'>est</span> <span class='ocrx_word' id='word_1_70' title='bbox 1393 770 1537 803; x_wconf 87' lang='lat' dir='ltr'>terror:</span> <span class='ocrx_word' id='word_1_71' title='bbox 1565 777 1583 806; x_wconf 88' lang='lat'><strong>3</strong></span> 
     </span>
     <span class='ocr_line' id='line_1_10' title="bbox 184 824 1540 880; baseline -0.004 -11"><span class='ocrx_word' id='word_1_72' title='bbox 184 829 293 870; x_wconf 87' lang='lat' dir='ltr'>bona</span> <span class='ocrx_word' id='word_1_73' title='bbox 317 829 505 880; x_wconf 85' lang='lat' dir='ltr'>malaque</span> <span class='ocrx_word' id='word_1_74' title='bbox 531 827 708 867; x_wconf 89' lang='lat' dir='ltr'>hostium</span> <span class='ocrx_word' id='word_1_75' title='bbox 739 841 790 866; x_wconf 85' lang='lat' dir='ltr'>ex</span> <span class='ocrx_word' id='word_1_76' title='bbox 819 826 1047 879; x_wconf 85' lang='lat' dir='ltr'>propinquo</span> <span class='ocrx_word' id='word_1_77' title='bbox 1071 826 1282 880; x_wconf 87' lang='lat' dir='ltr'>ingressus</span> <span class='ocrx_word' id='word_1_78' title='bbox 1314 825 1405 865; x_wconf 90' lang='lat' dir='ltr'>finis</span> <span class='ocrx_word' id='word_1_79' title='bbox 1431 824 1540 877; x_wconf 88' lang='lat' dir='ltr'>aspi-</span> 
     </span>
     <span class='ocr_line' id='line_1_11' title="bbox 186 886 1582 942; baseline -0.003 -11"><span class='ocrx_word' id='word_1_80' title='bbox 186 891 282 931; x_wconf 90' lang='lat' dir='ltr'>cias.</span> <span class='ocrx_word' id='word_1_81' title='bbox 341 904 424 930; x_wconf 87' lang='lat' dir='ltr'>non</span> <span class='ocrx_word' id='word_1_82' title='bbox 450 895 684 942; x_wconf 78' lang='lat' dir='ltr'>speraverat</span> <span class='ocrx_word' id='word_1_83' title='bbox 708 887 919 927; x_wconf 83' lang='lat' dir='ltr'>Hannibal</span> <span class='ocrx_word' id='word_1_84' title='bbox 944 888 1031 927; x_wconf 90' lang='lat' dir='ltr'>fore</span> <span class='ocrx_word' id='word_1_85' title='bbox 1056 894 1099 927; x_wconf 93' lang='lat' dir='ltr'>ut</span> <span class='ocrx_word' id='word_1_86' title='bbox 1125 894 1183 927; x_wconf 91' lang='lat' dir='ltr'>tot</span> <span class='ocrx_word' id='word_1_87' title='bbox 1207 887 1250 926; x_wconf 91' lang='lat' dir='ltr'>in</span> <span class='ocrx_word' id='word_1_88' title='bbox 1273 886 1393 926; x_wconf 88' lang='lat' dir='ltr'>Italia</span> <span class='ocrx_word' id='word_1_89' title='bbox 1417 886 1469 926; x_wconf 88' lang='lat' dir='ltr'>ad</span> <span class='ocrx_word' id='word_1_90' title='bbox 1495 899 1538 925; x_wconf 88' lang='lat' dir='ltr'>se</span> <span class='ocrx_word' id='word_1_91' title='bbox 1563 899 1582 927; x_wconf 90' lang='lat'>4</span> 
     </span>
     <span class='ocr_line' id='line_1_12' title="bbox 184 947 1537 1004; baseline -0.004 -13"><span class='ocrx_word' id='word_1_92' title='bbox 184 952 405 991; x_wconf 89' lang='lat' dir='ltr'>deficerent</span> <span class='ocrx_word' id='word_1_93' title='bbox 426 948 607 1004; x_wconf 86' lang='lat' dir='ltr'>[gentes]</span> <span class='ocrx_word' id='word_1_94' title='bbox 635 956 728 1002; x_wconf 90' lang='lat' dir='ltr'>post</span> <span class='ocrx_word' id='word_1_95' title='bbox 743 948 1005 988; x_wconf 77' lang='lat' dir='ltr'>Cannensem</span> <span class='ocrx_word' id='word_1_96' title='bbox 1026 948 1203 997; x_wconf 86' lang='lat' dir='ltr'>cladem3</span> <span class='ocrx_word' id='word_1_97' title='bbox 1229 954 1382 1000; x_wconf 89' lang='lat' dir='ltr'>quanto</span> <span class='ocrx_word' id='word_1_98' title='bbox 1402 947 1537 986; x_wconf 88' lang='lat' dir='ltr'>minus</span> 
     </span>
     <span class='ocr_line' id='line_1_13' title="bbox 184 1007 1539 1065; baseline -0.004 -13"><span class='ocrx_word' id='word_1_99' title='bbox 184 1013 402 1065; x_wconf 86' lang='lat' dir='ltr'>quiequam</span> <span class='ocrx_word' id='word_1_100' title='bbox 433 1012 475 1050; x_wconf 88' lang='lat' dir='ltr'>in</span> <span class='ocrx_word' id='word_1_101' title='bbox 499 1011 643 1050; x_wconf 87' lang='lat' dir='ltr'>Africa</span> <span class='ocrx_word' id='word_1_102' title='bbox 670 1009 1079 1063; x_wconf 78' lang='lat' dir='ltr'>Carthaginiensibus</span> <span class='ocrx_word' id='word_1_103' title='bbox 1105 1009 1268 1048; x_wconf 87' lang='lat' dir='ltr'>firmum</span> <span class='ocrx_word' id='word_1_104' title='bbox 1299 1015 1369 1048; x_wconf 86' lang='lat' dir='ltr'>aut</span> <span class='ocrx_word' id='word_1_105' title='bbox 1395 1007 1539 1048; x_wconf 89' lang='lat' dir='ltr'>stabile</span> 
     </span>
     <span class='ocr_line' id='line_1_14' title="bbox 186 1068 1582 1124; baseline -0.001 -11"><span class='ocrx_word' id='word_1_106' title='bbox 186 1074 255 1121; x_wconf 91' lang='lat' dir='ltr'>sit,</span> <span class='ocrx_word' id='word_1_107' title='bbox 292 1072 428 1112; x_wconf 89' lang='lat' dir='ltr'>infidis</span> <span class='ocrx_word' id='word_1_108' title='bbox 456 1071 594 1118; x_wconf 79' lang='lat' dir='ltr'>sociis,</span> <span class='ocrx_word' id='word_1_109' title='bbox 633 1069 829 1124; x_wconf 72' lang='lat' dir='ltr'>gravibus</span> <span class='ocrx_word' id='word_1_110' title='bbox 855 1084 901 1109; x_wconf 89' lang='lat' dir='ltr'>ac</span> <span class='ocrx_word' id='word_1_111' title='bbox 928 1069 1116 1122; x_wconf 88' lang='lat' dir='ltr'>superbis</span> <span class='ocrx_word' id='word_1_112' title='bbox 1143 1068 1336 1109; x_wconf 69' lang='lat' dir='ltr'>dominis!</span> <span class='ocrx_word' id='word_1_113' title='bbox 1386 1069 1438 1108; x_wconf 88' lang='lat' dir='ltr'>ad</span> <span class='ocrx_word' id='word_1_114' title='bbox 1462 1069 1539 1108; x_wconf 90' lang='grc'>1100</span> <span class='ocrx_word' id='word_1_115' title='bbox 1565 1083 1582 1111; x_wconf 76' lang='lat'>:3</span> 
     </span>
     <span class='ocr_line' id='line_1_15' title="bbox 182 1130 1539 1182; baseline -0.004 -8"><span class='ocrx_word' id='word_1_116' title='bbox 182 1148 277 1182; x_wconf 90' lang='lat' dir='ltr'>nos,</span> <span class='ocrx_word' id='word_1_117' title='bbox 314 1133 436 1173; x_wconf 87' lang='lat' dir='ltr'>etiam</span> <span class='ocrx_word' id='word_1_118' title='bbox 466 1132 616 1172; x_wconf 88' lang='lat' dir='ltr'>deserti</span> <span class='ocrx_word' id='word_1_119' title='bbox 647 1130 698 1171; x_wconf 87' lang='lat' dir='ltr'>ab</span> <span class='ocrx_word' id='word_1_120' title='bbox 730 1131 870 1178; x_wconf 86' lang='lat' dir='ltr'>sociis,</span> <span class='ocrx_word' id='word_1_121' title='bbox 907 1130 1062 1170; x_wconf 69' lang='lat' dir='ltr'>viribus</span> <span class='ocrx_word' id='word_1_122' title='bbox 1093 1131 1262 1178; x_wconf 90' lang='lat' dir='ltr'>nostris,</span> <span class='ocrx_word' id='word_1_123' title='bbox 1300 1130 1425 1170; x_wconf 89' lang='lat' dir='ltr'>milite</span> <span class='ocrx_word' id='word_1_124' title='bbox 1456 1130 1539 1170; x_wconf 82' lang='lat' dir='ltr'>Ro-</span> 
     </span>
     <span class='ocr_line' id='line_1_16' title="bbox 182 1191 1536 1245; baseline -0.004 -10"><span class='ocrx_word' id='word_1_125' title='bbox 182 1209 303 1235; x_wconf 88' lang='lat' dir='ltr'>mano</span> <span class='ocrx_word' id='word_1_126' title='bbox 341 1193 546 1233; x_wconf 87' lang='lat' dir='ltr'>stetimus:</span> <span class='ocrx_word' id='word_1_127' title='bbox 597 1191 930 1245; x_wconf 78' lang='lat' dir='ltr'>Carthaginiensi</span> <span class='ocrx_word' id='word_1_128' title='bbox 965 1191 1067 1231; x_wconf 88' lang='lat' dir='ltr'>nihil</span> <span class='ocrx_word' id='word_1_129' title='bbox 1106 1191 1235 1231; x_wconf 75' lang='lat' dir='ltr'>civilis</span> <span class='ocrx_word' id='word_1_130' title='bbox 1266 1191 1424 1231; x_wconf 86' lang='lat' dir='ltr'>roboris</span> <span class='ocrx_word' id='word_1_131' title='bbox 1463 1198 1536 1238; x_wconf 90' lang='lat' dir='ltr'>est,</span> 
     </span>
     <span class='ocr_line' id='line_1_17' title="bbox 183 1252 1539 1308; baseline -0.004 -12"><span class='ocrx_word' id='word_1_132' title='bbox 183 1255 370 1296; x_wconf 79' lang='lat' dir='ltr'>mercede</span> <span class='ocrx_word' id='word_1_133' title='bbox 399 1260 563 1308; x_wconf 88' lang='lat' dir='ltr'>paratos</span> <span class='ocrx_word' id='word_1_134' title='bbox 595 1253 744 1293; x_wconf 78' lang='lat' dir='ltr'>milites</span> <span class='ocrx_word' id='word_1_135' title='bbox 775 1252 945 1302; x_wconf 90' lang='lat' dir='ltr'>habent,</span> <span class='ocrx_word' id='word_1_136' title='bbox 983 1252 1112 1293; x_wconf 84' lang='lat' dir='ltr'>Afros</span> <span class='ocrx_word' id='word_1_137' title='bbox 1143 1252 1444 1305; x_wconf 77' lang='lat' dir='ltr'>Numidasque,</span> <span class='ocrx_word' id='word_1_138' title='bbox 1483 1252 1539 1291; x_wconf 90' lang='lat' dir='ltr'>le-</span> 
     </span>
     <span class='ocr_line' id='line_1_18' title="bbox 183 1314 1583 1369; baseline -0.001 -12"><span class='ocrx_word' id='word_1_139' title='bbox 183 1317 352 1357; x_wconf 83' lang='lat' dir='ltr'>vissima</span> <span class='ocrx_word' id='word_1_140' title='bbox 386 1316 483 1356; x_wconf 89' lang='lat' dir='ltr'>fidei</span> <span class='ocrx_word' id='word_1_141' title='bbox 517 1315 735 1355; x_wconf 89' lang='lat' dir='ltr'>mutandae</span> <span class='ocrx_word' id='word_1_142' title='bbox 772 1315 948 1369; x_wconf 84' lang='lat' dir='ltr'>ingenia.</span> <span class='ocrx_word' id='word_1_143' title='bbox 1010 1314 1076 1354; x_wconf 86' lang='lat' dir='ltr'>hic</span> <span class='ocrx_word' id='word_1_144' title='bbox 1112 1314 1233 1354; x_wconf 86' lang='lat' dir='ltr'>modo</span> <span class='ocrx_word' id='word_1_145' title='bbox 1270 1314 1370 1353; x_wconf 88' lang='lat' dir='ltr'>nihil</span> <span class='ocrx_word' id='word_1_146' title='bbox 1401 1327 1539 1354; x_wconf 88' lang='lat' dir='ltr'>morae</span> <span class='ocrx_word' id='word_1_147' title='bbox 1566 1327 1583 1356; x_wconf 87' lang='grc'><strong>6</strong></span> 
     </span>
     <span class='ocr_line' id='line_1_19' title="bbox 184 1375 1539 1420; baseline -0.003 -1"><span class='ocrx_word' id='word_1_148' title='bbox 184 1379 252 1420; x_wconf 91' lang='lat' dir='ltr'>sit:</span> <span class='ocrx_word' id='word_1_149' title='bbox 288 1393 372 1418; x_wconf 86' lang='lat' dir='ltr'>una</span> <span class='ocrx_word' id='word_1_150' title='bbox 396 1385 436 1418; x_wconf 91' lang='lat' dir='ltr'>et</span> <span class='ocrx_word' id='word_1_151' title='bbox 460 1377 667 1417; x_wconf 85' lang='lat' dir='ltr'>traiecisse</span> <span class='ocrx_word' id='word_1_152' title='bbox 693 1391 758 1416; x_wconf 89' lang='lat' dir='ltr'>me</span> <span class='ocrx_word' id='word_1_153' title='bbox 783 1377 956 1416; x_wconf 87' lang='lat' dir='ltr'>audietis</span> <span class='ocrx_word' id='word_1_154' title='bbox 983 1383 1022 1416; x_wconf 90' lang='lat' dir='ltr'>et</span> <span class='ocrx_word' id='word_1_155' title='bbox 1047 1376 1188 1416; x_wconf 87' lang='lat' dir='ltr'>ardere</span> <span class='ocrx_word' id='word_1_156' title='bbox 1219 1375 1326 1416; x_wconf 92' lang='lat' dir='ltr'>bello</span> <span class='ocrx_word' id='word_1_157' title='bbox 1351 1375 1539 1415; x_wconf 90' lang='lat' dir='ltr'>Africam</span> 
     </span>
     <span class='ocr_line' id='line_1_20' title="bbox 184 1436 1537 1491; baseline -0.003 -11"><span class='ocrx_word' id='word_1_158' title='bbox 184 1451 224 1481; x_wconf 83' lang='lat' dir='ltr'>et</span> <span class='ocrx_word' id='word_1_159' title='bbox 254 1440 488 1480; x_wconf 86' lang='lat' dir='ltr'>molientem</span> <span class='ocrx_word' id='word_1_160' title='bbox 518 1439 612 1479; x_wconf 89' lang='lat' dir='ltr'>hinc</span> <span class='ocrx_word' id='word_1_161' title='bbox 637 1438 916 1479; x_wconf 88' lang='lat' dir='ltr'>Hannibalem</span> <span class='ocrx_word' id='word_1_162' title='bbox 947 1444 987 1478; x_wconf 87' lang='lat' dir='ltr'>et</span> <span class='ocrx_word' id='word_1_163' title='bbox 1017 1437 1197 1478; x_wconf 86' lang='lat' dir='ltr'>obsideri</span> <span class='ocrx_word' id='word_1_164' title='bbox 1230 1436 1537 1491; x_wconf 83' lang='lat' dir='ltr'>Carthaginem.</span> 
     </span>
     <span class='ocr_line' id='line_1_21' title="bbox 184 1499 1538 1553; baseline -0.003 -11"><span class='ocrx_word' id='word_1_165' title='bbox 184 1502 370 1542; x_wconf 85' lang='lat' dir='ltr'>laetiores</span> <span class='ocrx_word' id='word_1_166' title='bbox 419 1507 458 1541; x_wconf 89' lang='lat' dir='ltr'>et</span> <span class='ocrx_word' id='word_1_167' title='bbox 499 1500 808 1553; x_wconf 80' lang='lat' dir='ltr'>frequentiores</span> <span class='ocrx_word' id='word_1_168' title='bbox 836 1515 887 1540; x_wconf 79' lang='lat' dir='ltr'>ex</span> <span class='ocrx_word' id='word_1_169' title='bbox 928 1499 1075 1540; x_wconf 88' lang='lat' dir='ltr'>Africa</span> <span class='ocrx_word' id='word_1_170' title='bbox 1117 1506 1326 1553; x_wconf 78' lang='lat' dir='ltr'>expectate</span> <span class='ocrx_word' id='word_1_171' title='bbox 1373 1499 1538 1539; x_wconf 91' lang='lat' dir='ltr'>nuntios</span> 
     </span>
     <span class='ocr_line' id='line_1_22' title="bbox 184 1560 1581 1616; baseline -0.001 -13"><span class='ocrx_word' id='word_1_172' title='bbox 184 1578 308 1616; x_wconf 88' lang='lat' dir='ltr'>quam</span> <span class='ocrx_word' id='word_1_173' title='bbox 344 1577 395 1603; x_wconf 83' lang='lat' dir='ltr'>ex</span> <span class='ocrx_word' id='word_1_174' title='bbox 424 1561 629 1615; x_wconf 85' lang='lat' dir='ltr'>Hispania</span> <span class='ocrx_word' id='word_1_175' title='bbox 664 1561 937 1615; x_wconf 81' lang='lat' dir='ltr'>accipiebatis.</span> <span class='ocrx_word' id='word_1_176' title='bbox 1009 1561 1083 1601; x_wconf 89' lang='lat' dir='ltr'>has</span> <span class='ocrx_word' id='word_1_177' title='bbox 1121 1561 1220 1600; x_wconf 90' lang='lat' dir='ltr'>mihi</span> <span class='ocrx_word' id='word_1_178' title='bbox 1259 1575 1352 1614; x_wconf 88' lang='lat' dir='ltr'>spes</span> <span class='ocrx_word' id='word_1_179' title='bbox 1391 1560 1538 1600; x_wconf 87' lang='lat' dir='ltr'>subicit</span> <span class='ocrx_word' id='word_1_180' title='bbox 1566 1574 1581 1601; x_wconf 83' lang='grc'>7</span> 
     </span>
     <span class='ocr_line' id='line_1_23' title="bbox 185 1621 1538 1678; baseline -0.003 -13"><span class='ocrx_word' id='word_1_181' title='bbox 185 1626 348 1665; x_wconf 85' lang='lat' dir='ltr'>fortuna</span> <span class='ocrx_word' id='word_1_182' title='bbox 372 1623 513 1678; x_wconf 87' lang='lat' dir='ltr'>populi</span> <span class='ocrx_word' id='word_1_183' title='bbox 526 1623 721 1671; x_wconf 87' lang='lat' dir='ltr'>Romani,</span> <span class='ocrx_word' id='word_1_184' title='bbox 749 1622 790 1662; x_wconf 90' lang='lat' dir='ltr'>di</span> <span class='ocrx_word' id='word_1_185' title='bbox 815 1622 991 1662; x_wconf 85' lang='lat' dir='ltr'>foederis</span> <span class='ocrx_word' id='word_1_186' title='bbox 1017 1622 1068 1662; x_wconf 90' lang='lat' dir='ltr'>ab</span> <span class='ocrx_word' id='word_1_187' title='bbox 1094 1622 1211 1662; x_wconf 91' lang='lat' dir='ltr'>hoste</span> <span class='ocrx_word' id='word_1_188' title='bbox 1236 1621 1375 1662; x_wconf 73' lang='lat' dir='ltr'>violati</span> <span class='ocrx_word' id='word_1_189' title='bbox 1400 1628 1538 1670; x_wconf 90' lang='lat' dir='ltr'>testes,</span> 
     </span>
     <span class='ocr_line' id='line_1_24' title="bbox 186 1682 1537 1740; baseline -0.003 -14"><span class='ocrx_word' id='word_1_190' title='bbox 186 1685 359 1740; x_wconf 79' lang='lat' dir='ltr'>Syphax</span> <span class='ocrx_word' id='word_1_191' title='bbox 384 1692 422 1725; x_wconf 89' lang='lat' dir='ltr'>et</span> <span class='ocrx_word' id='word_1_192' title='bbox 446 1685 672 1725; x_wconf 87' lang='lat' dir='ltr'>Masinissa</span> <span class='ocrx_word' id='word_1_193' title='bbox 696 1698 833 1738; x_wconf 85' lang='lat' dir='ltr'>reges,</span> <span class='ocrx_word' id='word_1_194' title='bbox 872 1697 1045 1736; x_wconf 86' lang='lat' dir='ltr'>quorum</span> <span class='ocrx_word' id='word_1_195' title='bbox 1071 1698 1147 1737; x_wconf 88' lang='lat' dir='ltr'>ego</span> <span class='ocrx_word' id='word_1_196' title='bbox 1172 1683 1268 1723; x_wconf 89' lang='lat' dir='ltr'>fidei</span> <span class='ocrx_word' id='word_1_197' title='bbox 1296 1683 1353 1723; x_wconf 89' lang='lat' dir='ltr'>ita</span> <span class='ocrx_word' id='word_1_198' title='bbox 1376 1682 1537 1730; x_wconf 87' lang='lat' dir='ltr'>innitar,</span> 
     </span>
     <span class='ocr_line' id='line_1_25' title="bbox 185 1744 1584 1799; baseline -0.001 -12"><span class='ocrx_word' id='word_1_199' title='bbox 185 1755 228 1787; x_wconf 87' lang='lat' dir='ltr'>ut</span> <span class='ocrx_word' id='word_1_200' title='bbox 252 1747 355 1787; x_wconf 91' lang='lat' dir='ltr'>bene</span> <span class='ocrx_word' id='word_1_201' title='bbox 381 1753 491 1786; x_wconf 89' lang='lat' dir='ltr'>tutus</span> <span class='ocrx_word' id='word_1_202' title='bbox 518 1761 541 1786; x_wconf 90' lang='lat' dir='ltr'>a</span> <span class='ocrx_word' id='word_1_203' title='bbox 565 1745 735 1799; x_wconf 86' lang='lat' dir='ltr'>perfidia</span> <span class='ocrx_word' id='word_1_204' title='bbox 761 1745 850 1785; x_wconf 87' lang='lat' dir='ltr'>sim.</span> <span class='ocrx_word' id='word_1_205' title='bbox 905 1745 1051 1793; x_wconf 87' lang='lat' dir='ltr'>multa,</span> <span class='ocrx_word' id='word_1_206' title='bbox 1077 1758 1182 1796; x_wconf 82' lang='lat' dir='ltr'>quae</span> <span class='ocrx_word' id='word_1_207' title='bbox 1207 1758 1317 1784; x_wconf 89' lang='lat' dir='ltr'>nunc</span> <span class='ocrx_word' id='word_1_208' title='bbox 1341 1758 1392 1784; x_wconf 81' lang='lat' dir='ltr'>ex</span> <span class='ocrx_word' id='word_1_209' title='bbox 1417 1744 1539 1783; x_wconf 87' lang='lat' dir='ltr'>inter·</span> <span class='ocrx_word' id='word_1_210' title='bbox 1564 1757 1584 1785; x_wconf 86' lang='lat'>8</span> 
     </span>
     <span class='ocr_line' id='line_1_26' title="bbox 183 1805 1536 1861; baseline -0.003 -12"><span class='ocrx_word' id='word_1_211' title='bbox 183 1809 290 1849; x_wconf 75' lang='lat' dir='ltr'>vallo</span> <span class='ocrx_word' id='word_1_212' title='bbox 315 1822 396 1848; x_wconf 91' lang='lat' dir='ltr'>non</span> <span class='ocrx_word' id='word_1_213' title='bbox 422 1814 636 1861; x_wconf 80' lang='lat' dir='ltr'>apparent,</span> <span class='ocrx_word' id='word_1_214' title='bbox 674 1806 826 1847; x_wconf 86' lang='lat' dir='ltr'>bellum</span> <span class='ocrx_word' id='word_1_215' title='bbox 858 1806 1024 1860; x_wconf 86' lang='lat' dir='ltr'>aperiet.</span> <span class='ocrx_word' id='word_1_216' title='bbox 1084 1806 1126 1846; x_wconf 88' lang='lat' dir='ltr'>id</span> <span class='ocrx_word' id='word_1_217' title='bbox 1152 1813 1213 1846; x_wconf 88' lang='lat' dir='ltr'>est</span> <span class='ocrx_word' id='word_1_218' title='bbox 1237 1806 1313 1845; x_wconf 69' lang='lat' dir='ltr'>viri</span> <span class='ocrx_word' id='word_1_219' title='bbox 1338 1813 1376 1846; x_wconf 91' lang='lat' dir='ltr'>et</span> <span class='ocrx_word' id='word_1_220' title='bbox 1407 1805 1536 1853; x_wconf 87' lang='lat' dir='ltr'>ducis,</span> 
     </span>
     <span class='ocr_line' id='line_1_27' title="bbox 183 1866 1592 1922; baseline -0.002 -12"><span class='ocrx_word' id='word_1_221' title='bbox 183 1885 264 1910; x_wconf 92' lang='lat' dir='ltr'>non</span> <span class='ocrx_word' id='word_1_222' title='bbox 296 1869 439 1909; x_wconf 85' lang='lat' dir='ltr'>deesse</span> <span class='ocrx_word' id='word_1_223' title='bbox 471 1871 656 1909; x_wconf 81' lang='lat' dir='ltr'>fortunae</span> <span class='ocrx_word' id='word_1_224' title='bbox 686 1867 898 1922; x_wconf 82' lang='lat' dir='ltr'>praebenti</span> <span class='ocrx_word' id='word_1_225' title='bbox 930 1882 973 1908; x_wconf 90' lang='lat' dir='ltr'>se</span> <span class='ocrx_word' id='word_1_226' title='bbox 1009 1873 1049 1908; x_wconf 85' lang='lat' dir='ltr'>et.</span> <span class='ocrx_word' id='word_1_227' title='bbox 1079 1867 1215 1908; x_wconf 85' lang='lat' dir='ltr'>oblata</span> <span class='ocrx_word' id='word_1_228' title='bbox 1245 1881 1345 1907; x_wconf 88' lang='lat' dir='ltr'>casu</span> <span class='ocrx_word' id='word_1_229' title='bbox 1375 1866 1537 1907; x_wconf 86' lang='lat' dir='ltr'>flectere</span> <span class='ocrx_word' id='word_1_230' title='bbox 1589 1914 1592 1917; x_wconf 37' lang='grc'>,</span> 
     </span>
     <span class='ocr_line' id='line_1_28' title="bbox 184 1928 1581 1983; baseline 0 -12"><span class='ocrx_word' id='word_1_231' title='bbox 184 1932 236 1971; x_wconf 87' lang='lat' dir='ltr'>ad</span> <span class='ocrx_word' id='word_1_232' title='bbox 261 1931 487 1971; x_wconf 87' lang='lat' dir='ltr'>consilium.</span> <span class='ocrx_word' id='word_1_233' title='bbox 538 1930 717 1978; x_wconf 89' lang='lat' dir='ltr'>habebo,</span> <span class='ocrx_word' id='word_1_234' title='bbox 746 1929 797 1982; x_wconf 91' lang='lat' dir='ltr'>Q.</span> <span class='ocrx_word' id='word_1_235' title='bbox 818 1929 941 1978; x_wconf 84' lang='lat' dir='ltr'>Fabi,</span> <span class='ocrx_word' id='word_1_236' title='bbox 968 1943 1126 1983; x_wconf 89' lang='lat' dir='ltr'>parem,</span> <span class='ocrx_word' id='word_1_237' title='bbox 1153 1943 1275 1982; x_wconf 89' lang='lat' dir='ltr'>quem</span> <span class='ocrx_word' id='word_1_238' title='bbox 1301 1929 1394 1978; x_wconf 89' lang='lat' dir='ltr'>das,</span> <span class='ocrx_word' id='word_1_239' title='bbox 1420 1928 1538 1968; x_wconf 87' lang='lat' dir='ltr'>Han·</span> <span class='ocrx_word' id='word_1_240' title='bbox 1564 1943 1581 1971; x_wconf 84' lang='grc'><strong>9</strong></span> 
     </span>
     <span class='ocr_line' id='line_1_29' title="bbox 184 1990 1540 2045; baseline -0.001 -13"><span class='ocrx_word' id='word_1_241' title='bbox 184 1991 381 2041; x_wconf 84' lang='lat' dir='ltr'>nibalem3</span> <span class='ocrx_word' id='word_1_242' title='bbox 420 1992 492 2032; x_wconf 89' lang='lat' dir='ltr'>sed</span> <span class='ocrx_word' id='word_1_243' title='bbox 521 1991 635 2031; x_wconf 88' lang='lat' dir='ltr'>illum</span> <span class='ocrx_word' id='word_1_244' title='bbox 667 2006 744 2045; x_wconf 86' lang='lat' dir='ltr'>ego</span> <span class='ocrx_word' id='word_1_245' title='bbox 774 1991 910 2044; x_wconf 89' lang='lat' dir='ltr'>potius</span> <span class='ocrx_word' id='word_1_246' title='bbox 943 1991 1100 2030; x_wconf 84' lang='lat' dir='ltr'>traham</span> <span class='ocrx_word' id='word_1_247' title='bbox 1131 2005 1254 2043; x_wconf 88' lang='lat' dir='ltr'>quam</span> <span class='ocrx_word' id='word_1_248' title='bbox 1283 1990 1351 2030; x_wconf 89' lang='lat' dir='ltr'>ille</span> <span class='ocrx_word' id='word_1_249' title='bbox 1382 2005 1448 2030; x_wconf 89' lang='lat' dir='ltr'>me</span> <span class='ocrx_word' id='word_1_250' title='bbox 1477 2004 1540 2030; x_wconf 88' lang='lat' dir='ltr'>re-</span> 
     </span>
     <span class='ocr_line' id='line_1_30' title="bbox 185 2051 1538 2106; baseline -0.001 -13"><span class='ocrx_word' id='word_1_251' title='bbox 185 2054 327 2094; x_wconf 87' lang='lat' dir='ltr'>tineat:</span> <span class='ocrx_word' id='word_1_252' title='bbox 387 2053 427 2093; x_wconf 91' lang='lat' dir='ltr'>in</span> <span class='ocrx_word' id='word_1_253' title='bbox 466 2068 540 2093; x_wconf 84' lang='lat' dir='ltr'>sua</span> <span class='ocrx_word' id='word_1_254' title='bbox 578 2060 682 2093; x_wconf 88' lang='lat' dir='ltr'>terra</span> <span class='ocrx_word' id='word_1_255' title='bbox 720 2067 864 2106; x_wconf 82' lang='lat' dir='ltr'>cogam</span> <span class='ocrx_word' id='word_1_256' title='bbox 901 2066 1086 2106; x_wconf 89' lang='lat' dir='ltr'>pugnare</span> <span class='ocrx_word' id='word_1_257' title='bbox 1123 2066 1216 2092; x_wconf 90' lang='lat' dir='ltr'>eum</span> <span class='ocrx_word' id='word_1_258' title='bbox 1253 2058 1293 2092; x_wconf 89' lang='lat' dir='ltr'>et</span> <span class='ocrx_word' id='word_1_259' title='bbox 1329 2051 1538 2105; x_wconf 83' lang='lat' dir='ltr'>Carthago</span> 
     </span>
     <span class='ocr_line' id='line_1_31' title="bbox 184 2113 1539 2168; baseline -0.001 -14"><span class='ocrx_word' id='word_1_260' title='bbox 184 2115 411 2168; x_wconf 86' lang='lat' dir='ltr'>praemium</span> <span class='ocrx_word' id='word_1_261' title='bbox 446 2114 639 2154; x_wconf 75' lang='lat' dir='ltr'>victoriae</span> <span class='ocrx_word' id='word_1_262' title='bbox 676 2114 750 2154; x_wconf 90' lang='lat' dir='ltr'>erit</span> <span class='ocrx_word' id='word_1_263' title='bbox 785 2128 908 2166; x_wconf 82' lang='lat' dir='ltr'>quam</span> <span class='ocrx_word' id='word_1_264' title='bbox 950 2113 1158 2153; x_wconf 84' lang='lat' dir='ltr'>semiruta·</span> <span class='ocrx_word' id='word_1_265' title='bbox 1180 2113 1433 2153; x_wconf 85' lang='lat' dir='ltr'>Bruttiorum</span> <span class='ocrx_word' id='word_1_266' title='bbox 1473 2126 1539 2152; x_wconf 90' lang='lat' dir='ltr'>ca-</span> 
     </span>
     <span class='ocr_line' id='line_1_32' title="bbox 186 2174 1606 2228; baseline -0.001 -13"><span class='ocrx_word' id='word_1_267' title='bbox 186 2176 313 2216; x_wconf 88' lang='lat' dir='ltr'>stella.</span> <span class='ocrx_word' id='word_1_268' title='bbox 363 2189 413 2215; x_wconf 91' lang='lat' dir='ltr'>ne</span> <span class='ocrx_word' id='word_1_269' title='bbox 439 2176 537 2228; x_wconf 89' lang='lat' dir='ltr'>quid</span> <span class='ocrx_word' id='word_1_270' title='bbox 562 2175 740 2223; x_wconf 83' lang='lat' dir='ltr'>interim,</span> <span class='ocrx_word' id='word_1_271' title='bbox 768 2175 865 2214; x_wconf 89' lang='lat' dir='ltr'>dum</span> <span class='ocrx_word' id='word_1_272' title='bbox 891 2175 1049 2223; x_wconf 87' lang='lat' dir='ltr'>traicio,</span> <span class='ocrx_word' id='word_1_273' title='bbox 1076 2175 1173 2214; x_wconf 91' lang='lat' dir='ltr'>dum</span> <span class='ocrx_word' id='word_1_274' title='bbox 1199 2189 1360 2228; x_wconf 84' lang='lat' dir='ltr'>expono</span> <span class='ocrx_word' id='word_1_275' title='bbox 1386 2174 1540 2214; x_wconf 84' lang='lat' dir='ltr'>exerci-</span> <span class='ocrx_word' id='word_1_276' title='bbox 1566 2189 1606 2217; x_wconf 89' lang='lat'>10</span> 
     </span>
     <span class='ocr_line' id='line_1_33' title="bbox 186 2236 1537 2291; baseline -0.001 -14"><span class='ocrx_word' id='word_1_277' title='bbox 186 2244 271 2277; x_wconf 88' lang='lat' dir='ltr'>tum</span> <span class='ocrx_word' id='word_1_278' title='bbox 305 2237 348 2277; x_wconf 93' lang='lat' dir='ltr'>in</span> <span class='ocrx_word' id='word_1_279' title='bbox 378 2237 540 2286; x_wconf 86' lang='lat' dir='ltr'>Africa,</span> <span class='ocrx_word' id='word_1_280' title='bbox 584 2238 681 2277; x_wconf 89' lang='lat' dir='ltr'>dum</span> <span class='ocrx_word' id='word_1_281' title='bbox 718 2246 850 2278; x_wconf 85' lang='lat' dir='ltr'>castra</span> <span class='ocrx_word' id='word_1_282' title='bbox 885 2238 937 2277; x_wconf 88' lang='lat' dir='ltr'>ad</span> <span class='ocrx_word' id='word_1_283' title='bbox 975 2236 1266 2291; x_wconf 76' lang='lat' dir='ltr'>Carthaginem</span> <span class='ocrx_word' id='word_1_284' title='bbox 1302 2251 1537 2290; x_wconf 84' lang='lat' dir='ltr'>promoveo,</span> 
     </span>
     <span class='ocr_line' id='line_1_34' title="bbox 184 2297 1539 2353; baseline -0.001 -14"><span class='ocrx_word' id='word_1_285' title='bbox 184 2313 249 2339; x_wconf 91' lang='lat' dir='ltr'>res</span> <span class='ocrx_word' id='word_1_286' title='bbox 274 2299 439 2353; x_wconf 86' lang='lat' dir='ltr'>publica</span> <span class='ocrx_word' id='word_1_287' title='bbox 463 2299 528 2339; x_wconf 90' lang='grc'>1110</span> <span class='ocrx_word' id='word_1_288' title='bbox 554 2299 783 2339; x_wconf 85' lang='lat' dir='ltr'>detrimenti</span> <span class='ocrx_word' id='word_1_289' title='bbox 809 2299 959 2353; x_wconf 83' lang='lat' dir='ltr'>capiat,</span> <span class='ocrx_word' id='word_1_290' title='bbox 987 2299 1098 2352; x_wconf 85' lang='lat' dir='ltr'>quod</span> <span class='ocrx_word' id='word_1_291' title='bbox 1122 2306 1183 2347; x_wconf 91' lang='lat' dir='ltr'>tu,</span> <span class='ocrx_word' id='word_1_292' title='bbox 1218 2297 1269 2350; x_wconf 89' lang='lat' dir='ltr'>Q.</span> <span class='ocrx_word' id='word_1_293' title='bbox 1295 2298 1418 2347; x_wconf 86' lang='lat' dir='ltr'>Fabi,</span> <span class='ocrx_word' id='word_1_294' title='bbox 1445 2312 1539 2340; x_wconf 88' lang='lat' dir='ltr'>eum</span> 
     </span>
     <span class='ocr_line' id='line_1_35' title="bbox 184 2361 1536 2415; baseline 0.001 -15"><span class='ocrx_word' id='word_1_295' title='bbox 184 2361 313 2401; x_wconf 76' lang='lat' dir='ltr'>victor</span> <span class='ocrx_word' id='word_1_296' title='bbox 350 2368 433 2402; x_wconf 83' lang='lat' dir='ltr'>tota</span> <span class='ocrx_word' id='word_1_297' title='bbox 470 2361 657 2402; x_wconf 70' lang='lat' dir='ltr'>volitaret</span> <span class='ocrx_word' id='word_1_298' title='bbox 692 2362 811 2402; x_wconf 88' lang='lat' dir='ltr'>Italia</span> <span class='ocrx_word' id='word_1_299' title='bbox 841 2362 1070 2409; x_wconf 84' lang='lat' dir='ltr'>Hannibal,</span> <span class='ocrx_word' id='word_1_300' title='bbox 1112 2361 1281 2415; x_wconf 87' lang='lat' dir='ltr'>potuisti</span> <span class='ocrx_word' id='word_1_301' title='bbox 1317 2368 1536 2415; x_wconf 84' lang='lat' dir='ltr'>praestare,</span> 
     </span>
     <span class='ocr_line' id='line_1_36' title="bbox 184 2422 1602 2477; baseline 0.001 -15"><span class='ocrx_word' id='word_1_302' title='bbox 184 2422 263 2463; x_wconf 90' lang='lat' dir='ltr'>hoe</span> <span class='ocrx_word' id='word_1_303' title='bbox 299 2423 391 2463; x_wconf 78' lang='lat' dir='ltr'>vide</span> <span class='ocrx_word' id='word_1_304' title='bbox 427 2438 478 2463; x_wconf 90' lang='lat' dir='ltr'>ne</span> <span class='ocrx_word' id='word_1_305' title='bbox 515 2423 854 2464; x_wconf 90' lang='lat' dir='ltr'>contumeliosum</span> <span class='ocrx_word' id='word_1_306' title='bbox 892 2424 942 2464; x_wconf 85' lang='lat' dir='ltr'>sit</span> <span class='ocrx_word' id='word_1_307' title='bbox 979 2438 1181 2464; x_wconf 84' lang='lat' dir='ltr'>concusso</span> <span class='ocrx_word' id='word_1_308' title='bbox 1217 2423 1298 2463; x_wconf 86' lang='lat' dir='ltr'>iam</span> <span class='ocrx_word' id='word_1_309' title='bbox 1334 2431 1375 2463; x_wconf 85' lang='lat' dir='ltr'>et</span> <span class='ocrx_word' id='word_1_310' title='bbox 1408 2437 1537 2477; x_wconf 89' lang='lat' dir='ltr'>paene</span> <span class='ocrx_word' id='word_1_311' title='bbox 1564 2436 1602 2464; x_wconf 92' lang='grc'>11</span> 
     </span>
     <span class='ocr_line' id='line_1_37' title="bbox 184 2484 1536 2540; baseline 0 -15"><span class='ocrx_word' id='word_1_312' title='bbox 184 2485 312 2525; x_wconf 89' lang='lat' dir='ltr'>fracto</span> <span class='ocrx_word' id='word_1_313' title='bbox 348 2484 583 2525; x_wconf 87' lang='lat' dir='ltr'>Hannibale</span> <span class='ocrx_word' id='word_1_314' title='bbox 625 2499 775 2539; x_wconf 85' lang='lat' dir='ltr'>negare</span> <span class='ocrx_word' id='word_1_315' title='bbox 817 2500 939 2540; x_wconf 87' lang='lat' dir='ltr'>posse</span> <span class='ocrx_word' id='word_1_316' title='bbox 976 2485 1024 2526; x_wconf 92' lang='lat' dir='ltr'>P.</span> <span class='ocrx_word' id='word_1_317' title='bbox 1062 2485 1272 2525; x_wconf 90' lang='lat' dir='ltr'>Licinium</span> <span class='ocrx_word' id='word_1_318' title='bbox 1314 2485 1536 2532; x_wconf 88' lang='lat' dir='ltr'>consulem,</span> 
     </span>
     <span class='ocr_line' id='line_1_38' title="bbox 183 2546 1539 2601; baseline 0 -15"><span class='ocrx_word' id='word_1_319' title='bbox 183 2547 316 2587; x_wconf 68' lang='lat' dir='ltr'>virum</span> <span class='ocrx_word' id='word_1_320' title='bbox 342 2547 630 2595; x_wconf 87' lang='lat' dir='ltr'>fortissimum,</span> <span class='ocrx_word' id='word_1_321' title='bbox 656 2553 883 2601; x_wconf 88' lang='lat' dir='ltr'>praestare,</span> <span class='ocrx_word' id='word_1_322' title='bbox 911 2547 999 2600; x_wconf 86' lang='lat' dir='ltr'>qui,</span> <span class='ocrx_word' id='word_1_323' title='bbox 1030 2561 1081 2587; x_wconf 89' lang='lat' dir='ltr'>ne</span> <span class='ocrx_word' id='word_1_324' title='bbox 1107 2562 1131 2587; x_wconf 83' lang='lat' dir='ltr'>a</span> <span class='ocrx_word' id='word_1_325' title='bbox 1156 2546 1281 2587; x_wconf 86' lang='lat' dir='ltr'>sacris</span> <span class='ocrx_word' id='word_1_326' title='bbox 1307 2546 1414 2587; x_wconf 89' lang='lat' dir='ltr'>absit</span> <span class='ocrx_word' id='word_1_327' title='bbox 1437 2560 1539 2600; x_wconf 88' lang='lat' dir='ltr'>pon-</span> 
     </span>
     <span class='ocr_line' id='line_1_39' title="bbox 183 2608 1537 2663; baseline 0 -15"><span class='ocrx_word' id='word_1_328' title='bbox 183 2608 285 2649; x_wconf 83' lang='lat' dir='ltr'>tifex</span> <span class='ocrx_word' id='word_1_329' title='bbox 310 2608 533 2657; x_wconf 81' lang='lat' dir='ltr'>maximus,</span> <span class='ocrx_word' id='word_1_330' title='bbox 566 2609 656 2649; x_wconf 92' lang='lat' dir='ltr'>ideo</span> <span class='ocrx_word' id='word_1_331' title='bbox 681 2609 723 2648; x_wconf 90' lang='lat' dir='ltr'>in</span> <span class='ocrx_word' id='word_1_332' title='bbox 749 2616 897 2650; x_wconf 87' lang='lat' dir='ltr'>sortem</span> <span class='ocrx_word' id='word_1_333' title='bbox 924 2616 1007 2649; x_wconf 85' lang='lat' dir='ltr'>tam</span> <span class='ocrx_word' id='word_1_334' title='bbox 1032 2608 1280 2663; x_wconf 87' lang='lat' dir='ltr'>longinquae</span> <span class='ocrx_word' id='word_1_335' title='bbox 1304 2608 1537 2662; x_wconf 86' lang='lat' dir='ltr'>provinciae</span> 
     </span>
    </p>
   </div>
   <div class='ocr_carea' id='block_1_3' title="bbox 182 2669 1603 2769">
    <p class='ocr_par' dir='ltr' id='par_1_4' title="bbox 182 2669 1603 2769">
     <span class='ocr_line' id='line_1_40' title="bbox 182 2669 1603 2725; baseline 0.001 -14"><span class='ocrx_word' id='word_1_336' title='bbox 182 2684 262 2711; x_wconf 90' lang='lat' dir='ltr'>non</span> <span class='ocrx_word' id='word_1_337' title='bbox 290 2671 411 2711; x_wconf 87' lang='lat' dir='ltr'>venit.</span> <span class='ocrx_word' id='word_1_338' title='bbox 474 2671 509 2711; x_wconf 92' lang='lat' dir='ltr'>si</span> <span class='ocrx_word' id='word_1_339' title='bbox 533 2670 717 2711; x_wconf 83' lang='lat' dir='ltr'>hercules</span> <span class='ocrx_word' id='word_1_340' title='bbox 750 2670 875 2712; x_wconf 90' lang='lat' dir='ltr'>nihilo</span> <span class='ocrx_word' id='word_1_341' title='bbox 900 2670 1098 2711; x_wconf 81' lang='lat' dir='ltr'>maturius</span> <span class='ocrx_word' id='word_1_342' title='bbox 1128 2669 1206 2710; x_wconf 91' lang='lat' dir='ltr'>hoe</span> <span class='ocrx_word' id='word_1_343' title='bbox 1230 2684 1311 2722; x_wconf 92' lang='lat' dir='ltr'>quo</span> <span class='ocrx_word' id='word_1_344' title='bbox 1336 2684 1414 2725; x_wconf 84' lang='lat' dir='ltr'>ego</span> <span class='ocrx_word' id='word_1_345' title='bbox 1444 2684 1539 2710; x_wconf 89' lang='lat' dir='ltr'>cen·</span> <span class='ocrx_word' id='word_1_346' title='bbox 1565 2683 1603 2712; x_wconf 76' lang='lat'>12</span> 
     </span>
     <span class='ocr_line' id='line_1_41' title="bbox 1238 2735 1306 2769; baseline 0 0"><span class='ocrx_word' id='word_1_347' title='bbox 1238 2735 1306 2769; x_wconf 80' lang='lat'>28*</span> 
     </span>
    </p>
   </div>
   <div class='ocr_carea' id='block_1_4' title="bbox 1564 655 1582 682">
    <p class='ocr_par' dir='ltr' id='par_1_5' title="bbox 1564 655 1582 682">
     <span class='ocr_line' id='line_1_42' title="bbox 1564 655 1582 682; textangle 90"><span class='ocrx_word' id='word_1_348' title='bbox 1564 655 1582 682; x_wconf 64' lang='lat' dir='ltr'>N«</span> 
     </span>
    </p>
   </div>
  </div>
 </body>
</html>
