1815 3184
280 219 359 260 168
588 224 741 258 LIBER
766 224 936 268 XXnu,
962 224 993 257 3.
1012 223 1044 257 4.
1073 226 1123 267 [a.
1139 235 1172 257 u.
1190 235 1217 257 ο.
1232 225 1314 268 539]

276 331 373 371 tiam
400 344 448 369 60
473 327 652 380 recipere
681 333 837 366 vastam
858 340 904 365 ae
925 326 1128 366 desertam
1148 325 1265 365 bellis
1286 326 1428 366 urbem
1446 334 1633 380 pateren-

276 399 363 439 tur,
418 389 600 430 omnium
647 388 853 427 neminem
900 394 1060 441 praeter
1106 386 1443 427 Aristomachum
1491 390 1630 430 movit.

211 467 250 497 12
275 453 491 493 morituros
525 465 568 491 se
599 449 871 490 adfirmabant
902 449 1020 490 citius
1052 463 1176 502 quam
1207 449 1367 488 inmixti
1397 449 1554 490 Bruttis
1591 450 1633 490 in

276 515 429 555 alienos
454 513 575 562 ritus,
613 527 748 553 mores
773 511 969 566 legesque
995 525 1042 552 ae
1067 526 1163 551 mox
1187 511 1371 565 linguam
1397 511 1519 551 etiam
1544 527 1634 553 ver-

211 590 249 619 13
277 582 468 616 terentur.
528 573 844 615 Aristomachus
876 588 1000 622 1111115,
1038 573 1202 626 quando
1233 587 1309 613 1166
1341 574 1551 614 suadendo
1582 575 1634 615 ad

276 637 525 678 deditionem
540 637 637 676 satis
652 635 815 676 valebat
833 650 921 684 nec,
944 635 1049 675 sieut
1067 634 1210 675 urbem
1230 635 1475 688 prodiderat,
1497 635 1633 676 locum

211 714 251 742 14
275 699 510 754 prodendae
535 699 639 739 arcis
660 697 911 746 inveniebat,
939 697 1159 752 transfugit
1180 698 1232 737 ad
1245 697 1508 737 Hannonem.
1547 698 1634 738 Lo-

276 776 439 802 crenses
466 760 581 801 brevi
605 766 698 814 post
721 759 864 814 legati,
905 774 998 800 cum
1023 759 1228 814 permissu
1252 759 1471 799 Hannonis
1497 773 1633 800 arcem

275 823 513 871 intrassent,
540 821 806 876 persuadent,
832 828 877 861 ut
901 821 1058 861 traduci
1084 835 1126 862 56
1152 821 1193 860 111
1214 821 1373 861 Locros
1399 827 1634 874 paterentur

212 898 250 926 15
274 899 351 925 nee
380 884 524 924 ultima
555 883 729 937 experiri
767 882 928 923 vellent.
989 883 1070 923 iam
1102 882 1178 923 hoc
1210 889 1252 922 ut
1285 882 1363 923 sibi
1392 882 1531 923 liceret
1560 882 1637 922 im-

275 952 533 1000 petraverant
566 952 605 986 et
635 945 686 985 ab
713 944 950 985 Hannibale
981 944 1118 985 missis
1150 945 1202 984 ad
1234 944 1276 984 id
1305 944 1442 998 ipsum
1472 944 1632 999 legatis.

276 1008 332 1048 ita
371 1007 548 1048 Crotone
597 1021 814 1047 excessum
862 1013 941 1055 est,
992 1006 1238 1059 deductique
1271 1005 1535 1046 Crotoniatae
1583 1006 1635 1046 ad

276 1084 387 1109 mare
412 1083 539 1109 naves
565 1069 856 1109 conscendunt.
899 1068 1058 1108 Locros
1080 1068 1210 1108 omnis
1232 1067 1448 1108 multitudo
1469 1067 1632 1107 abeunt.

211 1144 250 1174 16
360 1130 411 1169 In
435 1129 590 1184 Apulia
615 1145 665 1170 ne
691 1130 822 1170 hiems
848 1130 1014 1182 quidem
1039 1130 1176 1182 quieta
1206 1130 1310 1169 inter
1334 1128 1543 1169 Romanos
1575 1135 1636 1168 at-

278 1207 356 1245 que
371 1192 650 1232 Hannibalem
676 1198 773 1232 erat.
817 1192 1020 1231 Luceriae
1038 1190 1307 1244 Sempronius
1334 1190 1489 1239 consul,
1516 1189 1636 1230 Han-

212 1268 250 1297 17
276 1253 389 1294 nibal
414 1253 512 1294 haut
537 1253 677 1307 procul
691 1253 818 1308 Arpis
843 1252 1097 1293 hibernabat.
1142 1253 1246 1292 inter
1266 1267 1335 1292 605
1356 1252 1462 1292 levia
1481 1251 1635 1305 proelia

278 1330 330 1356 ex
354 1315 568 1356 occasione
594 1322 664 1356 aut
689 1315 991 1369 opportunitate
1011 1314 1133 1354 huius
1159 1321 1228 1354 aut
1253 1314 1360 1354 illius
1386 1314 1511 1368 partis
1532 1313 1635 1354 orie-

277 1377 442 1426 bantur,
481 1377 705 1430 meliorque
731 1380 788 1418 eis
819 1377 1032 1417 Romanus
1058 1383 1097 1417 et
1126 1377 1168 1416 in
1193 1377 1279 1417 dies
1307 1376 1463 1417 cautior
1493 1376 1635 1416 tutior-

278 1453 358 1492 que
384 1438 435 1479 ab
461 1439 618 1480 insidiis
644 1439 781 1480 fiebat.

234 1515 249 1543 1
362 1501 466 1541 IIII.
515 1501 565 1541 In
593 1499 733 1542 Sicilia
754 1501 953 1541 Romanis
981 1501 1117 1541 omnia
1143 1506 1371 1540 mutaverat
1397 1514 1507 1540 mors
1532 1498 1636 1538 Hie-

276 1563 387 1603 ronis
408 1577 662 1617 regnumque
677 1563 728 1603 ad
741 1563 1044 1616 Hieronymum
1064 1569 1257 1616 nepotem
1277 1562 1364 1602 eius
1379 1561 1634 1608 translatum,

276 1639 449 1678 puerum
475 1625 645 1664 vixdum
674 1624 920 1672 libertatem,
953 1624 1105 1664 nedum
1130 1624 1451 1664 dominationem
1476 1622 1636 1663 modice

232 1699 250 1728 2
278 1686 468 1726 laturum.
524 1701 572 1727 ea
603 1692 734 1734 aetas,
772 1686 813 1726 id
845 1686 1075 1740 ingenium3
1113 1694 1152 1726 et
1183 1693 1336 1727 tutores
1369 1692 1489 1739 atque
1515 1684 1635 1725 amici

277 1748 328 1788 ad
360 1748 711 1802 praecipitandum
748 1748 788 1788 111
822 1749 958 1789 omnia
988 1749 1086 1789 vitia
1119 1754 1377 1802 acceperunt.
1439 1762 1545 1800 quae
1581 1747 1637 1787 ita

276 1809 414 1850 futura
445 1824 614 1851 cernens
644 1809 776 1850 Hiero
812 1810 955 1851 ultima
992 1817 1156 1851 seneeta
1194 1810 1376 1850 voluisse
1408 1809 1555 1849 dieitur
1589 1808 1638 1848 li-

276 1870 396 1912 beras
425 1870 655 1925 Syracusas
680 1871 927 1924 relinquere,
964 1887 1016 1912 ne
1048 1870 1124 1913 sub
1151 1872 1362 1912 dominatu
1392 1870 1537 1924 puerili
1562 1884 1635 1923 per

277 1932 498 1973 ludibrium
546 1933 664 1975 bonis
714 1933 868 1975 artibus
919 1940 1079 1988 partum
1128 1933 1415 1985 firmatumque
1456 1931 1637 1971 interiret

233 2009 250 2037 3
279 2010 463 2049 regnum.
535 1995 631 2036 huie
662 1995 832 2036 consilio
864 1996 952 2036 eius
985 2010 1145 2036 summa
1177 2009 1253 2048 ope
1284 1993 1476 2034 obstitere
1513 1993 1633 2041 filiae,

278 2072 428 2097 nomen
464 2057 623 2112 regium
666 2071 793 2111 penes
831 2071 1003 2111 puerum
1047 2056 1231 2096 futurum
1267 2062 1402 2104 ratae,
1451 2055 1636 2109 regimen

277 2133 412 2158 rerum
438 2118 619 2159 omnium
645 2133 772 2172 penes
805 2133 848 2159 se
880 2119 1070 2171 virosque
1104 2133 1200 2158 suos
1226 2116 1567 2171 Adra[nodorum
1599 2121 1638 2155 et

233 2192 253 2221 4
279 2179 501 2234 Zoippum,
528 2181 598 2233 qui
619 2179 991 2235 S>macusa]norum
1017 2179 1137 2234 primi
1161 2178 1506 2232 relinquebantur.
1554 2191 1638 2217 non

277 2241 397 2282 facile
423 2249 508 2282 erat
534 2242 875 2297 nonagensimum
902 2242 983 2282 iam
1009 2241 1147 2295 agenti
1172 2256 1337 2289 annum,
1364 2240 1637 2280 circumsesso

279 2303 365 2344 dies
389 2310 614 2357 noctesque
640 2303 908 2344 muliebribus
934 2303 1160 2351 blanditiis,
1193 2302 1365 2343 liberare
1391 2301 1573 2342 animum
1598 2306 1638 2340 et

236 2379 254 2406 5
281 2372 515 2405 convertere
540 2365 593 2405 ad
616 2365 823 2419 publicam
847 2363 908 2419 [a]
935 2365 1093 2418 privata
1119 2379 1270 2404 euram.
1320 2363 1457 2416 itaque
1483 2369 1637 2402 tutores

280 2421 402 2461 modo
434 2421 668 2474 quindecim
698 2436 826 2475 puero
856 2420 1066 2473 relinquit,
1105 2434 1208 2472 quos
1238 2426 1428 2473 precatus
1461 2425 1522 2459 est
1551 2432 1639 2458 mo-

280 2482 406 2531 116115,
457 2489 501 2522 111
536 2483 659 2523 fidem
698 2497 797 2537 erga
832 2482 1031 2536 populum
1067 2482 1302 2522 Romanum
1340 2479 1639 2534 quinquaginta

283 2558 408 2584 annos
435 2543 486 2584 ab
513 2559 556 2585 se
582 2544 733 2585 cultam
758 2544 995 2584 inviolatam
1022 2549 1230 2584 servarent
1254 2543 1527 2595 iuvenemque
1554 2540 1637 2580 suis

282 2605 542 2658 potissimum
566 2606 751 2660 vestigiis
777 2605 964 2646 insistere
989 2604 1158 2653 vellent,
1195 2604 1454 2658 disciplinae,
1492 2603 1638 2654 inqua

239 2679 257 2709 ὓ
284 2665 453 2708 eductus
475 2674 595 2708 esset,
634 2667 734 2709 haec
748 2667 953 2708 mandata.
992 2681 1085 2706 611111
1105 2666 1367 2719 exspirasset,
1394 2679 1465 2719 per
1484 2669 1636 2704 tutores
