1815 3184
493 244 646 278 Luffin
671 245 780 289 xxr,
806 245 888 278 5.(1.
918 247 964 288 [a.
980 244 1113 286 0218]
1453 245 1480 274 a

208 349 420 389 Hannibal
447 348 601 402 proelio
622 348 830 396 abstinuit,
858 348 1084 399 castrisque
1105 361 1228 400 super
1253 346 1382 400 ripam
1409 361 1481 400 po-
1509 360 1526 388 9

125 412 225 460 sitis,
253 426 346 451 eum
371 411 502 465 prima
528 411 643 463 quies
671 410 957 462 silentiumque
985 410 1035 450 ab
1062 408 1249 449 hostibus
1276 408 1371 456 fuit,
1399 424 1484 448 am-

125 489 218 513 nem
255 473 360 513 vado
398 473 553 512 traiecit
590 472 779 524 valloque
817 472 873 512 ita
910 472 1128 525 producto,
1174 478 1219 510 ut
1259 470 1396 510 locum
1432 470 1483 510 ad

125 535 506 589 transgrediendum
534 534 672 574 hostes
700 533 916 582 haberent,
950 533 1143 573 invadere
1177 547 1245 572 eos
1272 539 1486 572 transeun-

124 604 184 637 tes
212 597 363 636 statuit.
414 595 620 648 equitibus
647 596 868 649 praecepit,
896 604 950 643 ut,
978 610 1071 635 eum
1097 595 1309 649 ingressos
1335 608 1482 646 aquam

125 660 325 707 viderent,
365 658 622 698 adorirentur
645 657 828 711 peditum
856 672 1022 712 agmen,
1060 657 1101 696 in
1127 657 1215 710 ripa
1246 656 1485 710 elephantos

126 748 178 751 —
204 721 476 775 quadraginta
508 728 645 760 autem
678 728 793 760 erant
826 746 878 749 —
911 720 1102 774 disponit.
1155 720 1484 774 Carpetanorum

127 798 219 823 eum
245 782 541 836 adpendicibus
565 781 773 823 Olcadum
794 781 1160 834 Vaccaeorumque
1187 789 1350 822 centum
1376 781 1489 820 milia

126 845 258 894 suere,
291 845 445 884 invieta
470 844 596 891 acies,
631 843 664 883 si
690 858 821 895 aequo
847 844 1110 883 dimicaretur
1141 858 1299 896 campo.
1349 843 1486 895 itaque

126 915 165 948 et
189 907 353 961 ingenio
381 906 538 946 feroces
565 912 603 945 et
629 905 887 944 multitudine
914 905 1006 944 freti
1032 912 1089 952 et,
1123 906 1232 957 quod
1263 912 1374 944 metu
1400 919 1488 944 ees-

126 970 228 1009 sisse
255 967 475 1008 eredebant
503 967 682 1014 hostem,
709 967 751 1006 id
777 967 926 1006 morari
952 966 1164 1006 victoriam
1190 966 1265 1005 rati
1292 966 1401 1018 quod
1426 966 1487 1005 in-

125 1036 295 1070 teresset
320 1029 464 1076 amnis,
492 1028 670 1068 elamore
693 1028 855 1068 sublato
876 1028 1032 1081 passim
1056 1028 1141 1067 sine
1168 1027 1290 1067 ullius
1316 1027 1487 1080 imperio

125 1106 205 1144 qua
236 1091 381 1143 cuique
416 1090 649 1143 proximum
682 1096 743 1129 est
773 1090 815 1129 in
846 1104 1010 1129 amnem
1042 1096 1177 1130 ruunt.
1228 1096 1267 1129 et
1293 1104 1343 1129 ex
1373 1095 1487 1142 parte

125 1154 250 1194 altera
274 1153 385 1206 ripae
412 1152 472 1192 vis
499 1152 645 1206 ingens
672 1151 855 1204 equitum
882 1152 923 1191 in
949 1152 1101 1191 flumen
1123 1151 1306 1199 inmissa,
1334 1151 1490 1191 medio-

125 1230 203 1268 que
229 1215 345 1254 alveo
366 1214 677 1266 hautquaquam
698 1214 785 1267 pari
808 1213 1028 1253 certamine
1050 1228 1309 1260 concursum,
1337 1212 1488 1266 quippe

127 1277 196 1317 ubi
221 1277 346 1330 pedes
373 1275 576 1316 instabilis
598 1290 645 1315 ae
665 1276 734 1315 vix
754 1276 861 1315 vado
881 1275 1012 1315 fidens
1034 1275 1098 1315 vel
1118 1275 1169 1315 ab
1189 1275 1334 1314 inermi
1355 1274 1489 1326 equite

127 1354 231 1391 equo
258 1345 408 1378 temere
434 1345 524 1377 aeto
550 1337 727 1391 perverti
752 1345 906 1391 posset,
935 1352 1060 1390 eques
1087 1352 1255 1391 corpore
1282 1336 1489 1388 armisque

127 1401 240 1449 liber,
268 1415 372 1453 equo
397 1399 462 1439 vel
488 1414 560 1453 per
584 1399 741 1439 medios
767 1400 954 1454 gurgites
972 1399 1121 1446 stabili,
1137 1399 1368 1439 comminus
1391 1397 1490 1437 emi-

128 1477 286 1515 nusque
313 1477 399 1501 rem
424 1468 595 1515 gereret.
645 1477 738 1515 pars
766 1477 916 1515 magna
941 1461 1107 1501 flumine
1135 1460 1372 1514 absumpta,
1400 1460 1489 1512 qui-

129 1525 222 1564 dam
255 1524 455 1564 vertieoso
487 1524 597 1563 amni
629 1524 751 1563 delati
782 1524 824 1563 in
855 1524 986 1564 hostis
1015 1523 1065 1564 ab
1098 1523 1325 1577 elephantis
1353 1522 1492 1562 obtriti

133 1592 244 1633 sunt3
270 1585 477 1639 postremi,
506 1585 654 1637 quibus
676 1600 889 1640 regressus
916 1585 956 1625 in
972 1601 1088 1626 suam
1108 1586 1238 1639 ripam
1260 1585 1382 1625 tutior
1401 1584 1490 1632 fuit,

132 1664 182 1689 ex
213 1649 325 1688 varia
355 1648 623 1701 trepidatione
656 1663 748 1688 eum
781 1649 821 1687 in
853 1664 980 1688 unum
1018 1648 1322 1703 colligerentur,
1361 1647 1493 1701 prius-

131 1726 251 1763 quam
279 1725 301 1749 a
327 1716 439 1749 tanto
465 1725 615 1763 pavore
641 1710 866 1763 reciperent
887 1710 1059 1759 animos,
1087 1710 1301 1751 Hannibal
1327 1709 1492 1763 agmine

130 1773 328 1825 quadrato
363 1787 525 1812 amnem
556 1773 769 1827 ingressus
803 1773 946 1827 sugam
980 1788 1030 1812 ex
1061 1773 1151 1826 ripa
1175 1771 1271 1812 fecit
1304 1771 1493 1811 vastatis—

130 1848 208 1886 que
234 1833 343 1888 agris
369 1834 474 1873 intra
498 1849 652 1887 paucos
679 1834 766 1874 dies
789 1833 1046 1888 Carpetanos
1071 1848 1235 1887 quoque
1255 1834 1296 1873 in
1323 1833 1494 1872 deditio-

131 1910 223 1935 nem
249 1895 418 1948 aeeepit.
458 1903 497 1935 et
522 1896 602 1936 iam
624 1896 761 1936 onmia
780 1903 892 1936 trans
913 1896 1122 1936 Hiberum
1148 1902 1309 1950 praeter
1330 1893 1493 1948 Sagun-

132 1958 237 1997 tinos
266 1957 672 2012 Carthaginiensium
702 1966 829 1999 erant.

217 2019 291 2059 VI.
343 2019 452 2060 Cum
485 2019 729 2075 Saguntinis
762 2021 915 2061 bellum
948 2020 1132 2059 nondum
1171 2026 1274 2067 erat,
1313 2025 1493 2058 ceterum

135 2080 214 2120 iam
240 2080 336 2120 belli
367 2096 492 2122 eausa
523 2083 744 2122 certamina
770 2097 863 2122 eum
896 2082 1078 2121 finitimis
1111 2081 1369 2127 serebantur,
1407 2095 1494 2119 ma—

136 2157 258 2181 xume
285 2143 544 2184 Turdetanis.
582 2145 732 2196 quibus
759 2159 853 2184 eum
879 2145 1043 2184 adesset
1068 2144 1189 2191 idem,
1217 2143 1288 2194 qui
1306 2141 1387 2181 litis
1409 2150 1493 2181 erat

137 2211 256 2251 sator,
283 2219 357 2243 nee
384 2212 588 2245 certamen
613 2206 725 2253 iuris,
754 2206 826 2245 sed
853 2206 933 2244 vim
955 2205 1095 2257 quaeri
1117 2210 1342 2258 appareret,
1369 2203 1495 2257 legati

138 2282 161 2306 a
189 2265 430 2319 Saguntinis
455 2267 632 2307 Romam
659 2267 775 2307 missi
800 2267 1002 2307 auxilium
1028 2267 1080 2306 ad
1111 2266 1262 2307 bellum
1288 2266 1369 2305 iam
1396 2265 1494 2305 haut

139 2328 260 2368 dubie
286 2328 489 2369 inminens
517 2336 693 2369 orantes.

225 2389 428 2430 Consules
455 2396 551 2430 tune
577 2391 734 2431 Romae
761 2397 873 2431 erant
893 2391 941 2431 P.
964 2390 1180 2431 Cornelius
1204 2388 1343 2443 Scipio
1370 2396 1409 2429 et
1429 2389 1492 2429 Ti.

142 2451 410 2505 Sempronius
436 2452 625 2506 Longus.
681 2453 752 2505 qui
788 2468 881 2493 eum
913 2453 1059 2507 legatis
1085 2452 1127 2492 in
1159 2459 1346 2492 senatum
1371 2451 1496 2491 intro-

140 2514 272 2553 ductis
299 2514 349 2553 de
374 2529 416 2553 re
442 2514 607 2568 publiea
632 2515 867 2555 retulissent
887 2515 1192 2569 placuissetque
1214 2514 1317 2553 mitti
1336 2514 1494 2568 legatos

140 2576 181 2615 in
206 2575 452 2629 Hispaniam
480 2576 531 2616 ad
556 2591 620 2616 res
648 2576 851 2616 sociorum
878 2576 1173 2630 inspiciendas,
1201 2575 1350 2628 quibus
1377 2575 1412 2615 si
1436 2576 1496 2615 vi-

140 2638 302 2677 deretur
328 2637 452 2692 digna
480 2653 615 2687 causa,
644 2645 682 2678 et.
702 2638 929 2679 Hannibali
954 2638 1250 2685 demmtiarent,
1277 2646 1322 2678 ut
1346 2637 1397 2678 ab
1421 2636 1496 2679 Sa-

141 2699 322 2754 guntinis
351 2699 471 2739 sociis
497 2699 637 2753 populi
664 2700 839 2740 Romani
865 2700 1104 2749 abstineret,
1132 2706 1171 2740 et
1198 2699 1493 2754 Carthaginem

1515 607 1553 635 lo

1515 732 1550 759 11

1517 855 1554 884 12

1519 1103 1555 1131 13

1519 1227 1555 1255 14

1522 1475 1558 1503 lb

1521 1596 1558 1625 16
