1815 3184
242 364 256 391 7

238 1100 254 1128 10

238 2144 252 2171 *1

240 2329 258 2358 (J)

238 2574 254 2603 9

289 238 367 277 106
597 243 750 277 LIBER
775 243 905 286 XXII,
931 243 985 275 56.
1004 242 1059 276 57.
1089 245 1136 285 [a.
1151 254 1184 276 u.
1201 253 1230 277 e.
1245 242 1327 286 538]

284 348 333 388 ab
355 347 403 388 T.
422 346 599 388 Otacilio
619 352 897 400 propraetore,
924 359 1098 399 regnum
1117 344 1311 385 Hieronis
1333 345 1463 386 classe
1476 345 1635 387 Punica

282 409 431 449 vastari
442 425 452 457 ;
490 408 555 449 cui
587 422 679 448 cum
711 422 831 461 opem
860 406 1077 460 inploranti
1104 406 1207 446 ferre
1233 406 1373 456 vellet,
1405 408 1634 448 nuntiatum

283 470 360 511 sibi
392 484 483 510 csse
515 469 636 509 aliam
662 469 836 508 classem
863 468 914 508 ad
939 467 1113 522 Aegatis
1140 467 1294 508 insulas
1322 475 1428 508 stare
1453 475 1634 522 paratam

282 532 624 583 instructamque,
661 537 719 579 ut,
753 530 822 570 ubi
850 545 893 570 se
918 545 1082 570 versum
1108 529 1161 570 ad
1190 530 1382 570 tuendam
1411 528 1636 583 Syracusa-

282 608 374 633 nam
401 608 513 633 oram
539 591 669 631 Poeni
696 592 939 639 sensissent,
967 590 1214 644 Lilybaeum
1242 591 1447 645 extemplo
1472 592 1635 645 provin-

282 655 468 706 ciamque
506 653 625 693 aliam
664 653 894 693 Romanam
932 652 1263 706 adgrederentur.
1323 652 1460 704 itaque
1503 652 1634 693 classe

282 731 384 769 opus
411 730 520 762 esse,
549 715 582 755 si
608 729 747 768 regem
774 714 931 755 socium
959 712 1226 766 Siciliamque
1251 714 1352 753 tueri
1379 714 1541 754 vellent.

366 776 508 816 LVII.
568 776 738 816 Litteris
770 775 948 816 consulis
985 775 1265 829 praetorisque
1306 773 1512 829 [perlectis
1544 790 1636 816 ceu-

283 836 469 891 suerunt]
496 837 556 877 M.
586 836 825 885 Claudium,
859 837 929 889 qui
954 837 1076 877 classi
1101 837 1153 877 ad
1179 835 1343 877 Ostiam
1370 837 1490 877 stanti
1522 852 1637 890 prae-

283 906 408 948 esset,
444 899 673 940 Canusium
700 899 751 939 ad
777 899 999 939 exereitum
1024 898 1267 938 mittendum
1294 898 1637 951 scribendumque

283 962 458 1010 consuli,
503 968 564 1010 ut,
610 976 702 1001 cum
740 961 914 1014 praetori
950 960 1174 1000 exereitum
1211 960 1462 1009 tradidisset,
1506 961 1637 1014 primo

283 1038 444 1076 quoque
482 1029 682 1076 tempore,
722 1031 918 1075 quantum
952 1036 1023 1075 per
1059 1022 1320 1062 commodum
1355 1023 1413 1062 rei
1448 1022 1636 1076 publicae

282 1085 368 1125 fieri
404 1092 560 1138 posset,
598 1084 774 1124 Romam
810 1084 976 1124 veniret.
1038 1083 1164 1123 territi
1196 1083 1316 1123 etiam
1350 1098 1472 1137 super
1503 1090 1635 1124 tantas

283 1146 419 1186 clades
452 1161 545 1185 cum
576 1146 720 1185 ceteris
748 1145 961 1199 prodigiis,
996 1152 1080 1185 tum
1107 1145 1216 1197 quod
1242 1145 1345 1184 duae
1371 1145 1560 1186 Vestales
1588 1160 1635 1186 eo

282 1223 405 1256 anno,
435 1206 603 1260 Opimia
628 1214 749 1260 atque
774 1207 986 1255 Floronia,
1023 1207 1152 1260 stupri
1178 1213 1412 1259 conpertae,
1447 1214 1486 1247 et
1511 1207 1637 1247 altera

282 1269 358 1309 sub
379 1276 501 1316 terra,
530 1268 585 1308 uti
613 1283 701 1309 mos
728 1275 808 1317 est,
835 1269 886 1308 ad
908 1275 1066 1322 portam
1089 1267 1293 1308 Collinam
1319 1276 1464 1308 necata
1488 1268 1633 1317 fuerat,

282 1331 408 1371 altera
428 1330 590 1370 sibimet
609 1331 699 1384 ipsa
719 1336 889 1370 mortem
912 1331 1176 1370 consciverat.
1209 1330 1261 1369 L.
1280 1329 1481 1370 Cantilius
1502 1330 1636 1371 scriba

281 1392 496 1446 pontificis,
525 1406 626 1444 quos
647 1406 753 1431 nune
774 1392 949 1432 minores
970 1392 1184 1445 pontifices
1205 1391 1424 1444 adpellant,
1451 1392 1521 1444 qui
1542 1407 1635 1432 cum

280 1454 472 1494 Floronia
504 1461 689 1506 stuprum
722 1453 892 1501 fecerat,
930 1469 953 1493 a
984 1453 1175 1506 pontifice
1208 1453 1387 1492 maximo
1420 1467 1467 1492 eo
1504 1467 1636 1505 usque

283 1514 406 1568 virgis
433 1515 473 1554 in
499 1514 662 1554 comitio
694 1528 837 1554 caesus
870 1521 972 1562 erat,
1010 1520 1054 1553 ut
1084 1514 1188 1553 inter
1219 1512 1389 1553 verbera
1421 1514 1634 1568 expiraret.

281 1576 358 1616 hoc
390 1575 505 1616 nefas
538 1590 630 1615 cum
657 1576 761 1615 inter
786 1583 862 1623 tot,
896 1583 938 1615 ut
963 1575 1025 1623 fit,
1059 1575 1195 1615 clades
1222 1575 1261 1614 in
1287 1575 1520 1629 prodigium
1546 1590 1636 1616 ver-

281 1653 372 1677 sum
398 1643 524 1684 esset,
552 1637 773 1677 decemviri
797 1637 922 1677 libros
949 1638 1059 1677 adire
1085 1637 1187 1677 iussi
1214 1644 1308 1677 sunt
1334 1644 1373 1677 et
1400 1636 1452 1689 Q.
1479 1636 1634 1678 Fabius

279 1699 419 1739 Pictor
442 1698 630 1752 Delphos
663 1698 714 1738 ad
745 1698 954 1738 oraculum
980 1699 1131 1739 missus
1158 1706 1219 1738 est
1246 1698 1515 1747 sciscitatum,
1547 1698 1636 1751 qui-

280 1762 356 1803 bus
388 1761 577 1815 precibus
611 1761 902 1815 suppliciisque
935 1761 1033 1802 deos
1066 1768 1233 1815 possent
1259 1760 1421 1814 placare
1447 1768 1487 1801 et
1512 1775 1636 1813 quae-

280 1839 374 1864 nam
401 1824 539 1862 sutura
562 1823 653 1862 finis
680 1823 800 1863 tantis
827 1822 1012 1863 cladibus
1034 1822 1151 1863 foret.
1189 1822 1349 1862 interim
1370 1837 1421 1862 ex
1440 1821 1633 1862 fatalibus

279 1885 391 1925 libris
435 1884 632 1924 sacrificia
674 1883 827 1936 aliquot
865 1884 1183 1924 extraordinaria
1218 1884 1347 1932 facta3
1390 1884 1495 1923 inter
1529 1897 1633 1936 quae

281 1946 426 1988 Gallus
453 1954 490 1986 et
518 1945 656 1993 Galla,
691 1944 875 1986 Graecus
908 1952 947 1986 et
973 1944 1134 1986 Graeca
1164 1946 1205 1985 in
1236 1945 1325 1985 foro
1357 1944 1525 1985 bovario
1558 1944 1634 1985 sub

280 2016 385 2049 terra
421 2008 503 2048 vivi
535 2008 702 2048 demissi
734 2014 827 2047 sunt
859 2007 898 2047 in
930 2007 1066 2047 locum
1099 2022 1198 2047 saxo
1231 2012 1516 2060 consaeptum,
1552 2006 1633 2046 iam

281 2078 373 2111 ante
398 2070 544 2110 hostiis
570 2070 780 2118 humanis,
808 2070 974 2109 minime
999 2069 1187 2110 Romano
1215 2083 1348 2117 sacro,
1376 2068 1576 2108 inbutum.

364 2131 544 2171 Placatis
572 2132 688 2180 satis,
715 2139 757 2171 ut
778 2131 982 2179 rebantur,
1010 2131 1096 2172 dcis
1116 2131 1176 2171 M.
1194 2130 1394 2171 Claudius
1408 2129 1632 2170 Marcellus

280 2193 330 2234 ab
370 2192 491 2234 Ostia
527 2193 636 2233 mille
674 2200 712 2233 et
748 2193 994 2247 quingentos
1032 2193 1199 2241 milites,
1243 2207 1346 2245 quos
1382 2192 1424 2232 in
1461 2192 1633 2232 classem

281 2255 452 2309 scriptos
474 2254 663 2302 habebat,
691 2255 885 2303 Romam,
914 2262 956 2294 ut
976 2255 1066 2295 urbi
1086 2255 1291 2309 praesidio
1313 2260 1468 2302 essent,
1494 2253 1633 2302 mittit3

280 2317 386 2370 ipse,
413 2317 573 2371 legione
600 2317 772 2357 classica
791 2341 824 2345 —
844 2332 892 2357 ea
916 2317 1025 2371 legio
1051 2317 1168 2357 tertia
1193 2323 1278 2357 erat
1297 2341 1330 2344 —
1350 2331 1442 2356 cum
1463 2314 1634 2355 tribunis

281 2378 453 2417 militum
485 2378 672 2418 Teanum
707 2377 937 2419 Sidicinum
967 2378 1213 2432 praemissa,
1252 2377 1383 2418 classe
1414 2377 1561 2417 tradita
1584 2375 1632 2415 P.

282 2440 403 2480 Furio
424 2439 543 2479 Philo
570 2439 783 2494 conlegae,
811 2453 963 2493 paucos
989 2446 1082 2494 post
1107 2440 1193 2480 (lies
1218 2438 1447 2480 Canusium
1474 2438 1633 2492 magnis

280 2500 492 2541 itineribus
521 2502 740 2541 contendit.

365 2562 465 2602 Inde
498 2563 669 2603 dictator
699 2578 749 2603 ex
781 2563 1019 2603 auctoritate
1049 2569 1211 2617 patrum
1243 2562 1375 2602 dictus
1401 2561 1461 2601 M.
1490 2560 1632 2601 Iunius

283 2631 320 2662 et
341 2623 403 2662 Ti.
422 2622 689 2677 Sempronius
709 2625 905 2679 magister
924 2625 1106 2677 equitum
1134 2625 1284 2664 dilectu
1310 2623 1441 2664 edicto
1466 2621 1632 2662 iunioris

284 2683 333 2723 ab
366 2685 480 2724 annis
514 2686 805 2738 septemdecim
837 2694 875 2725 ct
906 2686 1107 2738 quosdam
1137 2692 1411 2739 praetextatos
1438 2683 1630 2724 scribunt.
