1815 3184
313 228 396 269 426
551 234 706 268 LIBER
730 212 918 277 xanI,
944 233 999 267 38.
1015 232 1069 266 39.
1097 234 1194 275 [a.u.
1211 232 1331 268 0548.
1350 234 1432 277 549]

271 354 289 384 6
401 337 579 378 Comitia
609 336 704 376 inde
735 336 922 376 creandis
953 334 1190 376 consulibus
1224 335 1368 376 habuit
1391 336 1444 375 L.
1470 335 1666 380 Veturius

314 400 453 448 Philo,
491 398 780 450 centuriaeque
816 412 958 438 omnes
989 397 1147 451 ingenti
1178 396 1319 437 favore
1349 397 1398 438 P.
1432 395 1667 451 Scipionem

272 476 288 503 7
315 461 525 502 00115111οι11
546 460 748 500 dixerunt.
787 459 945 514 collega
970 459 1132 499 additur
1157 459 1193 499 ei
1212 458 1260 499 P.
1281 458 1469 500 Licinius
1491 458 1668 501 Crassus

314 522 500 577 pontifex
519 522 737 562 maximus.
777 528 957 561 ceterum
976 520 1141 561 comitia
1165 520 1317 561 maiore
1343 534 1467 573 quam
1492 521 1576 561 ulla
1598 535 1671 574 per

315 586 357 626 id
393 585 547 626 bellum
583 583 787 624 celebrata
824 583 1054 636 frequentia
1088 583 1295 636 proditum
1331 583 1552 623 memoriae
1590 589 1670 624 est:

271 660 290 689 8
317 653 590 688 convenerant
626 645 806 698 undique
842 660 925 684 non
961 644 1216 699 suffragandi
1252 645 1393 693 modo,
1441 645 1513 685 sed
1550 644 1671 685 etiam

318 709 529 764 spectandi
555 723 679 748 causa
705 707 752 747 P.
783 705 1007 760 Scipionis,
1035 706 1413 759 concurrebantque
1439 713 1479 747 et
1503 707 1672 747 domum

315 772 552 825 frequenter
594 777 633 811 et
674 770 715 810 in
754 769 1006 823 Capitolium
1043 769 1095 809 ad
1131 769 1412 809 immolantem
1449 783 1543 809 eum
1579 783 1672 809 cum

273 845 290 874 9
318 842 482 875 eentum
506 832 640 873 bobus
668 832 772 872 votis
798 831 839 871 in
862 831 1069 885 Hispania
1089 831 1179 871 Iovi
1205 831 1470 879 sacrificaret,
1497 831 1673 885 sponde-

316 896 498 948 bantque
523 894 688 942 animis,
723 894 827 934 sieut
854 892 902 934 C.
930 893 1127 933 Lutatius
1155 893 1341 947 superius
1367 892 1520 934 bellum
1546 892 1674 932 Puni-

318 973 411 998 cum
436 957 612 1005 finisset,
648 957 703 996 ita
728 956 770 996 id
795 955 905 1009 quod
930 956 1100 996 instaret
1123 955 1172 996 P.
1201 954 1439 996 Cornelium
1464 955 1673 995 finiturum

253 1030 293 1059 10
319 1028 458 1073 atque,
502 1020 561 1060 uti
597 1019 803 1073 Hispania
839 1018 950 1059 omni
980 1017 1144 1058 Poenos
1180 1017 1426 1072 expulisset,
1467 1017 1523 1057 sic
1553 1016 1673 1057 Italia

317 1082 532 1136 pulsurum
559 1096 668 1130 esse,
701 1081 971 1133 Africamque
997 1080 1050 1128 ei,
1083 1080 1250 1133 perinde
1277 1094 1324 1120 ac
1354 1079 1602 1120 debellatum
1631 1079 1673 1119 in

254 1155 291 1183 11
318 1143 438 1184 Italia
469 1143 591 1191 foret,
628 1142 882 1197 provinciam
912 1141 1183 1181 destinabant.
1244 1141 1446 1194 praetoria
1481 1141 1575 1181 inde
1606 1155 1673 1181 co-

317 1205 431 1245 mitia
466 1204 618 1245 habita.
680 1204 805 1244 creati
841 1203 923 1243 duo
960 1203 1030 1255 qui
1066 1210 1152 1242 tum
1190 1202 1342 1242 aediles
1379 1201 1511 1256 plebis
1544 1208 1681 1257 erant,

321 1266 393 1321 Sp.
415 1266 656 1314 Lucretius,
686 1264 762 1306 Cn.
786 1263 1006 1313 Octavius,
1035 1271 1073 1304 et
1099 1279 1149 1305 ex
1173 1264 1341 1318 privatis
1370 1264 1446 1305 Cn.
1473 1262 1671 1305 Servilius

321 1328 477 1382 Caepio
504 1334 543 1368 et
567 1328 619 1368 L.
647 1327 851 1367 Aemilius
877 1326 1032 1380 Papus.

257 1400 293 1429 12
407 1389 565 1442 Quarto
597 1389 754 1429 decimo
787 1403 893 1428 anno
917 1387 1065 1428 Punici
1091 1387 1186 1428 belli
1211 1387 1259 1427 P.
1288 1386 1505 1428 Cornelius
1534 1386 1672 1441 Scipio
1717 1406 1723 1416 s

319 1459 357 1492 et
381 1451 430 1491 P.
452 1451 640 1492 Licinius
663 1450 840 1491 Crassus
868 1456 911 1489 ut
937 1449 1194 1489 consulatum
1220 1448 1414 1497 inierunt,
1440 1448 1673 1488 nominatae

320 1513 558 1554 consulibus
584 1512 818 1567 provinciae
846 1518 957 1559 sunt,
993 1510 1133 1552 Sicilia
1162 1509 1347 1564 Scipioni
1372 1516 1486 1550 extra
1512 1516 1673 1559 sortem,

320 1575 568 1615 concedente
595 1574 771 1629 collega,
803 1574 899 1626 quia
925 1588 1133 1613 sacrorum
1159 1587 1255 1613 cura
1280 1572 1516 1626 pontificem
1546 1572 1675 1612 maxi-

255 1648 293 1675 13
320 1652 432 1676 11111111
464 1637 504 1676 111
529 1636 650 1676 Italia
679 1636 897 1685 retinebat,
936 1635 1074 1675 Brutti
1106 1634 1272 1676 Crasso.
1333 1641 1419 1674 tum
1449 1634 1675 1688 praetoriae

319 1698 554 1752 provinciae
579 1698 621 1738 in
648 1705 799 1738 sortem
830 1697 1051 1738 coniectae.
1113 1696 1269 1737 urbana
1295 1695 1373 1737 Cn.
1402 1695 1579 1737 Servilio
1603 1695 1672 1737 ob-

319 1760 429 1814 tigit,
456 1760 692 1800 Ariminum
711 1784 743 1787 —
761 1761 818 1800 ita
838 1757 1017 1800 Galliam
1038 1758 1300 1812 appellabant
1317 1783 1350 1788 —
1372 1756 1444 1813 Sp.
1465 1758 1673 1806 Lucretio,

322 1820 464 1863 Sicilia
488 1822 542 1861 L.
570 1821 768 1870 Aemilio,
798 1820 874 1862 Cn.
904 1819 1082 1862 Octavio
1110 1818 1313 1861 Sardinia.

278 1896 287 1923 1
405 1882 698 1923 XXXVIIII.
761 1882 940 1924 Senatus
978 1883 1019 1922 in
1052 1882 1258 1936 Capitolio
1295 1881 1472 1922 habitus.
1526 1881 1583 1921 ibi
1613 1896 1676 1921 re-

320 1944 475 1985 ferente
495 1944 543 1985 P.
568 1943 761 1998 Scipione
788 1951 954 1985 senatus
976 1944 1207 1984 consultum
1229 1944 1383 1983 factum
1404 1949 1482 1991 est,
1510 1949 1555 1982 ut
1573 1957 1675 1995 quos

319 2006 438 2046 ludos
464 2006 568 2046 inter
594 2006 835 2046 seditionem
861 2006 1077 2046 militarem
1102 2005 1145 2045 in
1169 2005 1374 2058 Hispania
1399 2004 1598 2052 vovisset,
1626 2018 1676 2043 ex

321 2083 367 2108 ca
404 2068 595 2121 pecunia,
639 2083 763 2121 quam
799 2069 888 2122 ipse
924 2068 967 2107 in
1003 2068 1203 2108 aerarium
1241 2067 1472 2115 detulisset,
1510 2065 1675 2106 faceret.

322 2138 407 2169 tum
436 2129 760 2184 Saguntinorum
786 2130 944 2185 legatos
971 2130 1012 2169 in
1039 2136 1225 2169 senatum
1251 2128 1486 2170 introduxit.
1543 2142 1593 2168 ex
1619 2128 1676 2167 eis

322 2192 526 2233 maximus
552 2199 670 2232 natu:
705 2192 800 2232 ‘etsi
824 2192 925 2232 nihil
950 2191 1056 2231 ultra
1081 2190 1280 2231 malorum
1308 2198 1388 2239 est,
1420 2196 1556 2244 patres
1583 2204 1679 2230 con-

323 2254 479 2307 scripti,
519 2268 641 2307 quam
679 2254 790 2307 quod
826 2253 939 2308 passi
976 2268 1137 2301 sumus,
1175 2259 1221 2292 ut
1251 2253 1303 2292 ad
1334 2252 1524 2292 ultimum
1555 2250 1678 2291 fidem

322 2316 438 2357 vobis
461 2325 782 2370 p1·aestare1nuS‚
810 2324 946 2357 tamen
970 2331 1017 2357 ea
1041 2324 1177 2357 vestra
1201 2316 1345 2356 merita
1370 2316 1680 2369 imperatorum—

323 2392 402 2430 que
432 2385 661 2419 vestrorum
694 2394 791 2433 erga
822 2393 897 2419 nos
928 2378 1112 2427 fuerunt,
1144 2385 1189 2418 ut
1214 2393 1287 2418 nos
1315 2377 1491 2418 cladium
1521 2383 1680 2417 nostra-

279 2450 296 2479 3
321 2454 412 2479 rum
435 2455 518 2481 non
542 2441 759 2494 paeniteat.
820 2440 973 2482 bellum
1004 2449 1170 2494 propter
1194 2455 1268 2480 nos
1297 2438 1556 2493 suscepistis,
1590 2453 1680 2478 sus-

323 2509 485 2555 ceptum
511 2511 702 2555 quartum
727 2503 932 2544 decimum
959 2510 1219 2543 annumtam
1244 2501 1506 2556 pertinaciter
1523 2499 1676 2555 geritis,

324 2569 366 2601 ut
398 2578 519 2617 saepe
552 2565 605 2604 ad
634 2565 823 2605 ultimum
854 2565 1075 2605 discrimen
1100 2572 1139 2605 et
1163 2564 1243 2618 ipsi
1268 2563 1459 2603 veneritis
1486 2568 1526 2602 et
1549 2575 1678 2615 popu-

323 2623 408 2664 lum
430 2624 815 2681 Carthaginiensem
836 2626 1100 2668 adduxeritis.
1140 2640 1233 2666 011111
1252 2626 1292 2665 111
1308 2625 1428 2665 Italia
1453 2630 1536 2664 tam
1561 2629 1676 2662 atrox

323 2683 477 2726 bellum
509 2696 547 2727 et
577 2688 857 2730 Hannibalem
886 2689 1049 2729 hostem
1078 2687 1303 2736 haberetis,
1341 2685 1552 2728 consulem
1582 2695 1675 2723 cum

276 2142 294 2170 10
