<?xml version="1.0" encoding="UTF-8"?>
<!DOCTYPE html PUBLIC "-//W3C//DTD XHTML 1.0 Transitional//EN"
    "http://www.w3.org/TR/xhtml1/DTD/xhtml1-transitional.dtd">
<html xmlns="http://www.w3.org/1999/xhtml" xml:lang="en" lang="en">
 <head>
  <title>
</title>
<meta http-equiv="Content-Type" content="text/html;charset=utf-8" />
  <meta name='ocr-system' content='tesseract 3.04.00' />
  <meta name='ocr-capabilities' content='ocr_page ocr_carea ocr_par ocr_line ocrx_word'/>
</head>
<body>
  <div class='ocr_page' id='page_1' title='image "./aburbeconditalib02livyuoft_0159.png"; bbox 0 0 1815 3184; ppageno 0'>
   <div class='ocr_carea' id='block_1_1' title="bbox 463 202 1483 256">
    <p class='ocr_par' dir='ltr' id='par_1_1' title="bbox 463 202 1483 256">
     <span class='ocr_line' id='line_1_1' title="bbox 463 202 1483 256; baseline -0.003 -10"><span class='ocrx_word' id='word_1_1' title='bbox 463 213 616 247; x_wconf 74' lang='lat' dir='ltr'>LIBER</span> <span class='ocrx_word' id='word_1_2' title='bbox 641 213 769 256; x_wconf 74' lang='lat' dir='ltr'>xxii,</span> <span class='ocrx_word' id='word_1_3' title='bbox 799 213 828 246; x_wconf 86' lang='lat'>1.</span> <span class='ocrx_word' id='word_1_4' title='bbox 858 211 959 256; x_wconf 59' lang='lat' dir='ltr'>[ab.</span> <span class='ocrx_word' id='word_1_5' title='bbox 974 212 1051 246; x_wconf 73' lang='lat'>⁴218.</span> <span class='ocrx_word' id='word_1_6' title='bbox 1065 212 1147 254; x_wconf 72' lang='lat'>217]</span> <span class='ocrx_word' id='word_1_7' title='bbox 1428 202 1483 243; x_wconf 79' lang='lat'>55</span> 
     </span>
    </p>
   </div>
   <div class='ocr_carea' id='block_1_2' title="bbox 129 312 1487 1476">
    <p class='ocr_par' dir='ltr' id='par_1_2' title="bbox 129 312 1487 1476">
     <span class='ocr_line' id='line_1_2' title="bbox 133 312 1485 358; baseline -0.004 -8"><span class='ocrx_word' id='word_1_8' title='bbox 133 315 343 350; x_wconf 84' lang='lat' dir='ltr'>discrimine</span> <span class='ocrx_word' id='word_1_9' title='bbox 358 315 537 350; x_wconf 88' lang='lat' dir='ltr'>liberatus</span> <span class='ocrx_word' id='word_1_10' title='bbox 553 317 620 348; x_wconf 85' lang='lat' dir='ltr'>est.</span> <span class='ocrx_word' id='word_1_11' title='bbox 652 325 725 358; x_wconf 87' lang='lat' dir='ltr'>quo</span> <span class='ocrx_word' id='word_1_12' title='bbox 740 313 923 348; x_wconf 83' lang='lat' dir='ltr'>beneficio</span> <span class='ocrx_word' id='word_1_13' title='bbox 938 313 1058 346; x_wconf 79' lang='lat' dir='ltr'>victus</span> <span class='ocrx_word' id='word_1_14' title='bbox 1074 316 1195 347; x_wconf 81' lang='lat' dir='ltr'>eastra</span> <span class='ocrx_word' id='word_1_15' title='bbox 1211 324 1291 346; x_wconf 89' lang='lat' dir='ltr'>eum</span> <span class='ocrx_word' id='word_1_16' title='bbox 1307 324 1350 347; x_wconf 92' lang='lat' dir='ltr'>eo</span> <span class='ocrx_word' id='word_1_17' title='bbox 1366 312 1485 346; x_wconf 79' lang='lat' dir='ltr'>iunxit</span> 
     </span>
     <span class='ocr_line' id='line_1_3' title="bbox 133 363 1485 411; baseline -0.003 -11"><span class='ocrx_word' id='word_1_18' title='bbox 133 371 169 401; x_wconf 89' lang='lat' dir='ltr'>et</span> <span class='ocrx_word' id='word_1_19' title='bbox 189 371 329 411; x_wconf 88' lang='lat' dir='ltr'>patrem</span> <span class='ocrx_word' id='word_1_20' title='bbox 351 377 433 400; x_wconf 89' lang='lat' dir='ltr'>eum</span> <span class='ocrx_word' id='word_1_21' title='bbox 455 365 632 399; x_wconf 84' lang='lat' dir='ltr'>salutavit</span> <span class='ocrx_word' id='word_1_22' title='bbox 650 365 822 409; x_wconf 78' lang='lat' dir='ltr'>idemque</span> <span class='ocrx_word' id='word_1_23' title='bbox 842 365 968 398; x_wconf 88' lang='lat' dir='ltr'>faeere</span> <span class='ocrx_word' id='word_1_24' title='bbox 982 364 1117 398; x_wconf 80' lang='lat' dir='ltr'>milites</span> <span class='ocrx_word' id='word_1_25' title='bbox 1137 363 1254 397; x_wconf 87' lang='lat' dir='ltr'>iussit.</span> <span class='ocrx_word' id='word_1_26' title='bbox 1292 363 1485 397; x_wconf 76' lang='lat' dir='ltr'>Hannibal</span> 
     </span>
     <span class='ocr_line' id='line_1_4' title="bbox 132 414 1485 461; baseline -0.003 -11"><span class='ocrx_word' id='word_1_27' title='bbox 132 422 279 452; x_wconf 85' lang='lat' dir='ltr'>vastata</span> <span class='ocrx_word' id='word_1_28' title='bbox 293 415 494 461; x_wconf 79' lang='lat' dir='ltr'>Campania</span> <span class='ocrx_word' id='word_1_29' title='bbox 514 416 609 449; x_wconf 88' lang='lat' dir='ltr'>inter</span> <span class='ocrx_word' id='word_1_30' title='bbox 625 416 827 450; x_wconf 87' lang='lat' dir='ltr'>Casilinum</span> <span class='ocrx_word' id='word_1_31' title='bbox 842 415 1016 460; x_wconf 87' lang='lat' dir='ltr'>oppidum</span> <span class='ocrx_word' id='word_1_32' title='bbox 1034 419 1070 448; x_wconf 85' lang='lat' dir='ltr'>et</span> <span class='ocrx_word' id='word_1_33' title='bbox 1085 414 1301 448; x_wconf 78' lang='lat' dir='ltr'>Calliculam</span> <span class='ocrx_word' id='word_1_34' title='bbox 1323 418 1485 447; x_wconf 85' lang='lat' dir='ltr'>montem</span> 
     </span>
     <span class='ocr_line' id='line_1_5' title="bbox 132 464 1484 510; baseline -0.004 -7"><span class='ocrx_word' id='word_1_35' title='bbox 132 480 153 503; x_wconf 89' lang='lat' dir='ltr'>a</span> <span class='ocrx_word' id='word_1_36' title='bbox 179 468 299 502; x_wconf 87' lang='lat' dir='ltr'>Fabio</span> <span class='ocrx_word' id='word_1_37' title='bbox 328 469 452 501; x_wconf 89' lang='lat' dir='ltr'>clusus</span> <span class='ocrx_word' id='word_1_38' title='bbox 481 467 675 501; x_wconf 76' lang='lat' dir='ltr'>sarmentis</span> <span class='ocrx_word' id='word_1_39' title='bbox 701 467 747 501; x_wconf 88' lang='lat' dir='ltr'>ad</span> <span class='ocrx_word' id='word_1_40' title='bbox 774 477 913 500; x_wconf 87' lang='lat' dir='ltr'>cornua</span> <span class='ocrx_word' id='word_1_41' title='bbox 938 466 1048 500; x_wconf 90' lang='lat' dir='ltr'>boum</span> <span class='ocrx_word' id='word_1_42' title='bbox 1075 465 1237 510; x_wconf 85' lang='lat' dir='ltr'>alligatis</span> <span class='ocrx_word' id='word_1_43' title='bbox 1264 470 1300 499; x_wconf 85' lang='lat' dir='ltr'>et</span> <span class='ocrx_word' id='word_1_44' title='bbox 1323 464 1484 498; x_wconf 80' lang='lat' dir='ltr'>incensis</span> 
     </span>
     <span class='ocr_line' id='line_1_6' title="bbox 132 515 1485 563; baseline -0.002 -12"><span class='ocrx_word' id='word_1_45' title='bbox 132 519 357 563; x_wconf 78' lang='lat' dir='ltr'>praesidium</span> <span class='ocrx_word' id='word_1_46' title='bbox 371 519 635 561; x_wconf 80' lang='lat' dir='ltr'>Romanorum,</span> <span class='ocrx_word' id='word_1_47' title='bbox 652 518 752 562; x_wconf 88' lang='lat' dir='ltr'>quod</span> <span class='ocrx_word' id='word_1_48' title='bbox 766 517 986 551; x_wconf 80' lang='lat' dir='ltr'>Calliculam</span> <span class='ocrx_word' id='word_1_49' title='bbox 1006 516 1207 559; x_wconf 75' lang='lat' dir='ltr'>insidebat,</span> <span class='ocrx_word' id='word_1_50' title='bbox 1224 516 1368 561; x_wconf 84' lang='lat' dir='ltr'>fugavit</span> <span class='ocrx_word' id='word_1_51' title='bbox 1382 520 1419 549; x_wconf 87' lang='lat' dir='ltr'>et</span> <span class='ocrx_word' id='word_1_52' title='bbox 1433 515 1485 549; x_wconf 89' lang='lat' dir='ltr'>sie</span> 
     </span>
     <span class='ocr_line' id='line_1_7' title="bbox 133 567 1482 613; baseline -0.002 -11"><span class='ocrx_word' id='word_1_53' title='bbox 133 574 389 613; x_wconf 87' lang='lat' dir='ltr'>transgressus</span> <span class='ocrx_word' id='word_1_54' title='bbox 411 572 467 602; x_wconf 86' lang='lat' dir='ltr'>est</span> <span class='ocrx_word' id='word_1_55' title='bbox 487 569 632 603; x_wconf 87' lang='lat' dir='ltr'>saltum.</span> <span class='ocrx_word' id='word_1_56' title='bbox 680 569 854 612; x_wconf 81' lang='lat' dir='ltr'>idemque</span> <span class='ocrx_word' id='word_1_57' title='bbox 874 567 970 601; x_wconf 83' lang='lat' dir='ltr'>Fabi</span> <span class='ocrx_word' id='word_1_58' title='bbox 990 567 1140 601; x_wconf 82' lang='lat' dir='ltr'>Maximi</span> <span class='ocrx_word' id='word_1_59' title='bbox 1164 567 1375 610; x_wconf 83' lang='lat' dir='ltr'>dictatoris,</span> <span class='ocrx_word' id='word_1_60' title='bbox 1403 578 1482 600; x_wconf 90' lang='lat' dir='ltr'>eum</span> 
     </span>
     <span class='ocr_line' id='line_1_8' title="bbox 133 618 1484 665; baseline -0.004 -10"><span class='ocrx_word' id='word_1_61' title='bbox 133 620 396 665; x_wconf 84' lang='lat' dir='ltr'>circumposita</span> <span class='ocrx_word' id='word_1_62' title='bbox 409 625 543 664; x_wconf 85' lang='lat' dir='ltr'>ureret,</span> <span class='ocrx_word' id='word_1_63' title='bbox 565 631 656 664; x_wconf 86' lang='lat' dir='ltr'>agro</span> <span class='ocrx_word' id='word_1_64' title='bbox 672 619 850 664; x_wconf 81' lang='lat' dir='ltr'>pepercit,</span> <span class='ocrx_word' id='word_1_65' title='bbox 873 623 914 652; x_wconf 87' lang='lat' dir='ltr'>ut</span> <span class='ocrx_word' id='word_1_66' title='bbox 932 619 1035 651; x_wconf 89' lang='lat' dir='ltr'>illum</span> <span class='ocrx_word' id='word_1_67' title='bbox 1055 622 1242 663; x_wconf 84' lang='lat' dir='ltr'>tamquam</span> <span class='ocrx_word' id='word_1_68' title='bbox 1258 618 1484 661; x_wconf 76' lang='lat' dir='ltr'>proclItorem</span> 
     </span>
     <span class='ocr_line' id='line_1_9' title="bbox 133 669 1484 715; baseline -0.004 -10"><span class='ocrx_word' id='word_1_69' title='bbox 133 676 344 715; x_wconf 84' lang='lat' dir='ltr'>suspectum</span> <span class='ocrx_word' id='word_1_70' title='bbox 370 671 523 705; x_wconf 84' lang='lat' dir='ltr'>faceret.</span> <span class='ocrx_word' id='word_1_71' title='bbox 572 670 731 704; x_wconf 90' lang='lat' dir='ltr'>Aemilio</span> <span class='ocrx_word' id='word_1_72' title='bbox 760 670 894 703; x_wconf 88' lang='lat' dir='ltr'>deinde</span> <span class='ocrx_word' id='word_1_73' title='bbox 921 670 1039 703; x_wconf 85' lang='lat' dir='ltr'>Paulo</span> <span class='ocrx_word' id='word_1_74' title='bbox 1060 673 1096 702; x_wconf 87' lang='lat' dir='ltr'>et</span> <span class='ocrx_word' id='word_1_75' title='bbox 1117 669 1294 702; x_wconf 84' lang='lat' dir='ltr'>Terentio</span> <span class='ocrx_word' id='word_1_76' title='bbox 1315 669 1484 703; x_wconf 74' lang='lat' dir='ltr'>Varrone</span> 
     </span>
     <span class='ocr_line' id='line_1_10' title="bbox 133 719 1485 756; baseline -0.004 0"><span class='ocrx_word' id='word_1_77' title='bbox 133 723 349 756; x_wconf 86' lang='lat' dir='ltr'>consulibus</span> <span class='ocrx_word' id='word_1_78' title='bbox 365 726 401 755; x_wconf 85' lang='lat' dir='ltr'>et</span> <span class='ocrx_word' id='word_1_79' title='bbox 416 722 573 755; x_wconf 88' lang='lat' dir='ltr'>ducibus</span> <span class='ocrx_word' id='word_1_80' title='bbox 589 732 670 754; x_wconf 89' lang='lat' dir='ltr'>cum</span> <span class='ocrx_word' id='word_1_81' title='bbox 684 720 842 754; x_wconf 77' lang='lat' dir='ltr'>maxima</span> <span class='ocrx_word' id='word_1_82' title='bbox 857 720 962 753; x_wconf 87' lang='lat' dir='ltr'>clade</span> <span class='ocrx_word' id='word_1_83' title='bbox 978 720 1157 753; x_wconf 77' lang='lat' dir='ltr'>adversus</span> <span class='ocrx_word' id='word_1_84' title='bbox 1173 719 1423 752; x_wconf 80' lang='lat' dir='ltr'>Hannibalem</span> <span class='ocrx_word' id='word_1_85' title='bbox 1438 719 1485 752; x_wconf 91' lang='lat' dir='ltr'>ad</span> 
     </span>
     <span class='ocr_line' id='line_1_11' title="bbox 133 769 1484 816; baseline -0.002 -10"><span class='ocrx_word' id='word_1_86' title='bbox 133 773 280 806; x_wconf 89' lang='lat' dir='ltr'>Cannas</span> <span class='ocrx_word' id='word_1_87' title='bbox 302 777 507 816; x_wconf 86' lang='lat' dir='ltr'>pugnatum</span> <span class='ocrx_word' id='word_1_88' title='bbox 527 777 584 805; x_wconf 83' lang='lat' dir='ltr'>est</span> <span class='ocrx_word' id='word_1_89' title='bbox 609 782 794 815; x_wconf 83' lang='lat' dir='ltr'>caesaque</span> <span class='ocrx_word' id='word_1_90' title='bbox 815 782 858 805; x_wconf 86' lang='lat' dir='ltr'>eo</span> <span class='ocrx_word' id='word_1_91' title='bbox 879 770 1022 815; x_wconf 87' lang='lat' dir='ltr'>proelio</span> <span class='ocrx_word' id='word_1_92' title='bbox 1044 769 1298 803; x_wconf 85' lang='lat' dir='ltr'>Romanorum</span> <span class='ocrx_word' id='word_1_93' title='bbox 1327 770 1484 814; x_wconf 84' lang='lat' dir='ltr'>qnadra-</span> 
     </span>
     <span class='ocr_line' id='line_1_12' title="bbox 133 820 1486 867; baseline -0.002 -12"><span class='ocrx_word' id='word_1_94' title='bbox 133 823 237 867; x_wconf 89' lang='lat' dir='ltr'>ginta</span> <span class='ocrx_word' id='word_1_95' title='bbox 253 823 413 867; x_wconf 85' lang='lat' dir='ltr'>quinque</span> <span class='ocrx_word' id='word_1_96' title='bbox 429 822 528 856; x_wconf 84' lang='lat' dir='ltr'>milia</span> <span class='ocrx_word' id='word_1_97' title='bbox 549 833 631 855; x_wconf 83' lang='lat' dir='ltr'>eum</span> <span class='ocrx_word' id='word_1_98' title='bbox 651 822 771 855; x_wconf 84' lang='lat' dir='ltr'>Paulo</span> <span class='ocrx_word' id='word_1_99' title='bbox 792 821 945 854; x_wconf 84' lang='lat' dir='ltr'>consule</span> <span class='ocrx_word' id='word_1_100' title='bbox 966 824 1004 853; x_wconf 88' lang='lat' dir='ltr'>et</span> <span class='ocrx_word' id='word_1_101' title='bbox 1025 821 1260 854; x_wconf 82' lang='lat' dir='ltr'>senatoribus</span> <span class='ocrx_word' id='word_1_102' title='bbox 1280 820 1486 864; x_wconf 76' lang='lat' dir='ltr'>nonaginta.</span> 
     </span>
     <span class='ocr_line' id='line_1_13' title="bbox 132 871 1484 916; baseline -0.003 -9"><span class='ocrx_word' id='word_1_103' title='bbox 132 878 168 907; x_wconf 85' lang='lat' dir='ltr'>et</span> <span class='ocrx_word' id='word_1_104' title='bbox 189 874 447 907; x_wconf 85' lang='lat' dir='ltr'>consularibus</span> <span class='ocrx_word' id='word_1_105' title='bbox 473 877 537 906; x_wconf 86' lang='lat' dir='ltr'>aut</span> <span class='ocrx_word' id='word_1_106' title='bbox 562 872 757 916; x_wconf 85' lang='lat' dir='ltr'>praetoriis</span> <span class='ocrx_word' id='word_1_107' title='bbox 785 876 848 905; x_wconf 84' lang='lat' dir='ltr'>aut</span> <span class='ocrx_word' id='word_1_108' title='bbox 867 871 1048 905; x_wconf 76' lang='lat' dir='ltr'>aediliciis</span> <span class='ocrx_word' id='word_1_109' title='bbox 1068 871 1232 915; x_wconf 83' lang='lat' dir='ltr'>triginta.</span> <span class='ocrx_word' id='word_1_110' title='bbox 1281 875 1368 914; x_wconf 90' lang='lat' dir='ltr'>post</span> <span class='ocrx_word' id='word_1_111' title='bbox 1390 881 1484 914; x_wconf 88' lang='lat' dir='ltr'>quae</span> 
     </span>
     <span class='ocr_line' id='line_1_14' title="bbox 133 921 1484 966; baseline -0.003 -9"><span class='ocrx_word' id='word_1_112' title='bbox 133 936 212 957; x_wconf 88' lang='lat' dir='ltr'>cum</span> <span class='ocrx_word' id='word_1_113' title='bbox 229 924 454 958; x_wconf 86' lang='lat' dir='ltr'>anobilibus</span> <span class='ocrx_word' id='word_1_114' title='bbox 470 923 777 957; x_wconf 84' lang='lat' dir='ltr'>adulescentibus</span> <span class='ocrx_word' id='word_1_115' title='bbox 797 927 950 966; x_wconf 88' lang='lat' dir='ltr'>propter</span> <span class='ocrx_word' id='word_1_116' title='bbox 971 922 1267 965; x_wconf 76' lang='lat' dir='ltr'>desperationem</span> <span class='ocrx_word' id='word_1_117' title='bbox 1290 921 1484 955; x_wconf 87' lang='lat' dir='ltr'>eonsilium</span> 
     </span>
     <span class='ocr_line' id='line_1_15' title="bbox 133 971 1484 1018; baseline -0.003 -10"><span class='ocrx_word' id='word_1_118' title='bbox 133 975 178 1008; x_wconf 85' lang='lat' dir='ltr'>de</span> <span class='ocrx_word' id='word_1_119' title='bbox 198 974 443 1018; x_wconf 84' lang='lat' dir='ltr'>relinquenda</span> <span class='ocrx_word' id='word_1_120' title='bbox 464 973 575 1007; x_wconf 86' lang='lat' dir='ltr'>Italia</span> <span class='ocrx_word' id='word_1_121' title='bbox 596 973 760 1008; x_wconf 77' lang='lat' dir='ltr'>iniretur.</span> <span class='ocrx_word' id='word_1_122' title='bbox 783 973 824 1006; x_wconf 89' lang='lat' dir='ltr'>P.</span> <span class='ocrx_word' id='word_1_123' title='bbox 839 972 1033 1005; x_wconf 86' lang='lat' dir='ltr'>Cornelius</span> <span class='ocrx_word' id='word_1_124' title='bbox 1057 972 1181 1015; x_wconf 65' lang='lat' dir='ltr'>Scipio</span> <span class='ocrx_word' id='word_1_125' title='bbox 1202 973 1372 1005; x_wconf 89' lang='lat' dir='ltr'>tribunus</span> <span class='ocrx_word' id='word_1_126' title='bbox 1393 971 1484 1004; x_wconf 89' lang='lat' dir='ltr'>mili-</span> 
     </span>
     <span class='ocr_line' id='line_1_16' title="bbox 135 1021 1484 1068; baseline -0.002 -11"><span class='ocrx_word' id='word_1_127' title='bbox 135 1030 219 1065; x_wconf 74' lang='lat' dir='ltr'>tum,</span> <span class='ocrx_word' id='word_1_128' title='bbox 237 1024 297 1068; x_wconf 85' lang='lat' dir='ltr'>qui</span> <span class='ocrx_word' id='word_1_129' title='bbox 312 1023 513 1057; x_wconf 85' lang='lat' dir='ltr'>Africanus</span> <span class='ocrx_word' id='word_1_130' title='bbox 533 1028 667 1067; x_wconf 84' lang='lat' dir='ltr'>postea</span> <span class='ocrx_word' id='word_1_131' title='bbox 679 1027 834 1057; x_wconf 88' lang='lat' dir='ltr'>vocatus</span> <span class='ocrx_word' id='word_1_132' title='bbox 852 1026 921 1065; x_wconf 90' lang='lat' dir='ltr'>est,</span> <span class='ocrx_word' id='word_1_133' title='bbox 939 1022 1065 1055; x_wconf 88' lang='lat' dir='ltr'>stricto</span> <span class='ocrx_word' id='word_1_134' title='bbox 1083 1034 1193 1066; x_wconf 86' lang='lat' dir='ltr'>super</span> <span class='ocrx_word' id='word_1_135' title='bbox 1209 1022 1332 1065; x_wconf 78' lang='lat' dir='ltr'>capita</span> <span class='ocrx_word' id='word_1_136' title='bbox 1348 1021 1484 1055; x_wconf 86' lang='lat' dir='ltr'>delibe-</span> 
     </span>
     <span class='ocr_line' id='line_1_17' title="bbox 130 1073 1487 1118; baseline -0.003 -9"><span class='ocrx_word' id='word_1_137' title='bbox 130 1076 290 1110; x_wconf 84' lang='lat' dir='ltr'>rantium</span> <span class='ocrx_word' id='word_1_138' title='bbox 310 1075 407 1109; x_wconf 84' lang='lat' dir='ltr'>ferro</span> <span class='ocrx_word' id='word_1_139' title='bbox 428 1075 574 1117; x_wconf 82' lang='lat' dir='ltr'>iuravit,</span> <span class='ocrx_word' id='word_1_140' title='bbox 604 1085 642 1108; x_wconf 93' lang='lat' dir='ltr'>se</span> <span class='ocrx_word' id='word_1_141' title='bbox 662 1085 729 1118; x_wconf 90' lang='lat' dir='ltr'>pro</span> <span class='ocrx_word' id='word_1_142' title='bbox 750 1074 859 1107; x_wconf 89' lang='lat' dir='ltr'>hoste</span> <span class='ocrx_word' id='word_1_143' title='bbox 879 1073 1093 1107; x_wconf 88' lang='lat' dir='ltr'>habiturum</span> <span class='ocrx_word' id='word_1_144' title='bbox 1115 1085 1208 1115; x_wconf 73' lang='lat' dir='ltr'>eum,</span> <span class='ocrx_word' id='word_1_145' title='bbox 1232 1073 1294 1117; x_wconf 89' lang='lat' dir='ltr'>qui</span> <span class='ocrx_word' id='word_1_146' title='bbox 1314 1073 1351 1106; x_wconf 92' lang='lat' dir='ltr'>in</span> <span class='ocrx_word' id='word_1_147' title='bbox 1372 1074 1487 1106; x_wconf 81' lang='lat' dir='ltr'>verba</span> 
     </span>
     <span class='ocr_line' id='line_1_18' title="bbox 132 1124 1485 1169; baseline -0.003 -9"><span class='ocrx_word' id='word_1_148' title='bbox 132 1138 198 1160; x_wconf 86' lang='lat' dir='ltr'>sua</span> <span class='ocrx_word' id='word_1_149' title='bbox 212 1137 286 1159; x_wconf 91' lang='lat' dir='ltr'>non</span> <span class='ocrx_word' id='word_1_150' title='bbox 299 1126 471 1168; x_wconf 71' lang='lat' dir='ltr'>iurasset,</span> <span class='ocrx_word' id='word_1_151' title='bbox 488 1124 698 1169; x_wconf 83' lang='lat' dir='ltr'>effecitque,</span> <span class='ocrx_word' id='word_1_152' title='bbox 719 1128 761 1158; x_wconf 81' lang='lat' dir='ltr'>ut</span> <span class='ocrx_word' id='word_1_153' title='bbox 776 1135 903 1158; x_wconf 86' lang='lat' dir='ltr'>omncs</span> <span class='ocrx_word' id='word_1_154' title='bbox 919 1135 994 1158; x_wconf 89' lang='lat' dir='ltr'>non</span> <span class='ocrx_word' id='word_1_155' title='bbox 1010 1124 1177 1157; x_wconf 88' lang='lat' dir='ltr'>relictum</span> <span class='ocrx_word' id='word_1_156' title='bbox 1193 1124 1235 1156; x_wconf 86' lang='lat' dir='ltr'>iri</span> <span class='ocrx_word' id='word_1_157' title='bbox 1250 1135 1271 1157; x_wconf 89' lang='lat' dir='ltr'>a</span> <span class='ocrx_word' id='word_1_158' title='bbox 1287 1135 1325 1157; x_wconf 92' lang='lat' dir='ltr'>se</span> <span class='ocrx_word' id='word_1_159' title='bbox 1340 1124 1485 1157; x_wconf 86' lang='lat' dir='ltr'>Italiam</span> 
     </span>
     <span class='ocr_line' id='line_1_19' title="bbox 129 1173 1483 1220; baseline -0.003 -9"><span class='ocrx_word' id='word_1_160' title='bbox 129 1178 206 1211; x_wconf 89' lang='lat' dir='ltr'>iure</span> <span class='ocrx_word' id='word_1_161' title='bbox 228 1177 384 1210; x_wconf 88' lang='lat' dir='ltr'>iurando</span> <span class='ocrx_word' id='word_1_162' title='bbox 406 1173 741 1220; x_wconf 83' lang='lat' dir='ltr'>adstringerentur.</span> <span class='ocrx_word' id='word_1_163' title='bbox 789 1179 944 1219; x_wconf 88' lang='lat' dir='ltr'>propter</span> <span class='ocrx_word' id='word_1_164' title='bbox 969 1174 1197 1218; x_wconf 78' lang='lat' dir='ltr'>paucitatem</span> <span class='ocrx_word' id='word_1_165' title='bbox 1224 1174 1378 1208; x_wconf 89' lang='lat' dir='ltr'>militum</span> <span class='ocrx_word' id='word_1_166' title='bbox 1399 1178 1483 1208; x_wconf 81' lang='lat' dir='ltr'>octo</span> 
     </span>
     <span class='ocr_line' id='line_1_20' title="bbox 129 1225 1485 1270; baseline -0.003 -9"><span class='ocrx_word' id='word_1_167' title='bbox 129 1228 230 1261; x_wconf 90' lang='lat' dir='ltr'>milia</span> <span class='ocrx_word' id='word_1_168' title='bbox 256 1238 446 1261; x_wconf 82' lang='lat' dir='ltr'>servorum</span> <span class='ocrx_word' id='word_1_169' title='bbox 472 1230 616 1261; x_wconf 84' lang='lat' dir='ltr'>armata</span> <span class='ocrx_word' id='word_1_170' title='bbox 643 1231 739 1260; x_wconf 84' lang='lat' dir='ltr'>sunt.</span> <span class='ocrx_word' id='word_1_171' title='bbox 792 1226 947 1270; x_wconf 78' lang='lat' dir='ltr'>captivi⁷</span> <span class='ocrx_word' id='word_1_172' title='bbox 976 1237 1056 1259; x_wconf 87' lang='lat' dir='ltr'>eum</span> <span class='ocrx_word' id='word_1_173' title='bbox 1083 1229 1252 1268; x_wconf 80' lang='lat' dir='ltr'>potestas</span> <span class='ocrx_word' id='word_1_174' title='bbox 1273 1229 1372 1259; x_wconf 81' lang='lat' dir='ltr'>esset</span> <span class='ocrx_word' id='word_1_175' title='bbox 1391 1225 1485 1258; x_wconf 67' lang='lat' dir='ltr'>redi-</span> 
     </span>
     <span class='ocr_line' id='line_1_21' title="bbox 130 1277 1486 1323; baseline -0.002 -10"><span class='ocrx_word' id='word_1_176' title='bbox 130 1279 272 1323; x_wconf 80' lang='lat' dir='ltr'>mendi,</span> <span class='ocrx_word' id='word_1_177' title='bbox 298 1279 481 1323; x_wconf 82' lang='lat' dir='ltr'>redempti</span> <span class='ocrx_word' id='word_1_178' title='bbox 517 1289 592 1312; x_wconf 91' lang='lat' dir='ltr'>non</span> <span class='ocrx_word' id='word_1_179' title='bbox 621 1283 717 1312; x_wconf 90' lang='lat' dir='ltr'>sunt.</span> <span class='ocrx_word' id='word_1_180' title='bbox 772 1282 970 1322; x_wconf 83' lang='lat' dir='ltr'>practerea</span> <span class='ocrx_word' id='word_1_181' title='bbox 999 1278 1288 1321; x_wconf 79' lang='lat' dir='ltr'>trepidationem</span> <span class='ocrx_word' id='word_1_182' title='bbox 1318 1277 1422 1311; x_wconf 88' lang='lat' dir='ltr'>urbis</span> <span class='ocrx_word' id='word_1_183' title='bbox 1449 1282 1486 1310; x_wconf 84' lang='lat' dir='ltr'>et</span> 
     </span>
     <span class='ocr_line' id='line_1_22' title="bbox 131 1328 1486 1374; baseline -0.003 -10"><span class='ocrx_word' id='word_1_184' title='bbox 131 1332 269 1364; x_wconf 85' lang='lat' dir='ltr'>luctum</span> <span class='ocrx_word' id='word_1_185' title='bbox 285 1334 321 1364; x_wconf 84' lang='lat' dir='ltr'>et</span> <span class='ocrx_word' id='word_1_186' title='bbox 334 1342 392 1363; x_wconf 83' lang='lat' dir='ltr'>res</span> <span class='ocrx_word' id='word_1_187' title='bbox 408 1330 443 1363; x_wconf 91' lang='lat' dir='ltr'>in</span> <span class='ocrx_word' id='word_1_188' title='bbox 459 1330 642 1373; x_wconf 79' lang='lat' dir='ltr'>Hispania</span> <span class='ocrx_word' id='word_1_189' title='bbox 656 1329 807 1363; x_wconf 86' lang='lat' dir='ltr'>meliore</span> <span class='ocrx_word' id='word_1_190' title='bbox 823 1333 960 1363; x_wconf 85' lang='lat' dir='ltr'>eventu</span> <span class='ocrx_word' id='word_1_191' title='bbox 980 1332 1107 1374; x_wconf 84' lang='lat' dir='ltr'>gestas</span> <span class='ocrx_word' id='word_1_192' title='bbox 1123 1328 1301 1363; x_wconf 87' lang='lat' dir='ltr'>continet.</span> <span class='ocrx_word' id='word_1_193' title='bbox 1340 1328 1486 1372; x_wconf 80' lang='lat' dir='ltr'>Opimia</span> 
     </span>
     <span class='ocr_line' id='line_1_23' title="bbox 130 1379 1485 1424; baseline -0.002 -9"><span class='ocrx_word' id='word_1_194' title='bbox 130 1386 166 1415; x_wconf 80' lang='lat' dir='ltr'>et</span> <span class='ocrx_word' id='word_1_195' title='bbox 192 1381 385 1415; x_wconf 85' lang='lat' dir='ltr'>Florentia</span> <span class='ocrx_word' id='word_1_196' title='bbox 406 1381 580 1416; x_wconf 84' lang='lat' dir='ltr'>Vestales</span> <span class='ocrx_word' id='word_1_197' title='bbox 608 1381 771 1424; x_wconf 80' lang='lat' dir='ltr'>virgines</span> <span class='ocrx_word' id='word_1_198' title='bbox 798 1380 932 1415; x_wconf 85' lang='lat' dir='ltr'>incesti</span> <span class='ocrx_word' id='word_1_199' title='bbox 958 1381 1154 1414; x_wconf 85' lang='lat' dir='ltr'>damnatae</span> <span class='ocrx_word' id='word_1_200' title='bbox 1182 1384 1277 1413; x_wconf 85' lang='lat' dir='ltr'>sunt.</span> <span class='ocrx_word' id='word_1_201' title='bbox 1324 1379 1485 1414; x_wconf 88' lang='lat' dir='ltr'>Varroni</span> 
     </span>
     <span class='ocr_line' id='line_1_24' title="bbox 131 1431 1483 1476; baseline -0.001 -11"><span class='ocrx_word' id='word_1_202' title='bbox 131 1432 276 1465; x_wconf 87' lang='lat' dir='ltr'>obviam</span> <span class='ocrx_word' id='word_1_203' title='bbox 291 1432 379 1465; x_wconf 85' lang='lat' dir='ltr'>itum</span> <span class='ocrx_word' id='word_1_204' title='bbox 395 1436 432 1465; x_wconf 87' lang='lat' dir='ltr'>et</span> <span class='ocrx_word' id='word_1_205' title='bbox 446 1432 588 1476; x_wconf 83' lang='lat' dir='ltr'>gratiae</span> <span class='ocrx_word' id='word_1_206' title='bbox 603 1432 833 1476; x_wconf 82' lang='lat' dir='ltr'>actae‚quod</span> <span class='ocrx_word' id='word_1_207' title='bbox 848 1433 893 1466; x_wconf 86' lang='lat' dir='ltr'>de</span> <span class='ocrx_word' id='word_1_208' title='bbox 908 1443 946 1466; x_wconf 90' lang='lat' dir='ltr'>re</span> <span class='ocrx_word' id='word_1_209' title='bbox 962 1431 1114 1475; x_wconf 82' lang='lat' dir='ltr'>publica</span> <span class='ocrx_word' id='word_1_210' title='bbox 1128 1442 1200 1465; x_wconf 88' lang='lat' dir='ltr'>non</span> <span class='ocrx_word' id='word_1_211' title='bbox 1218 1432 1483 1475; x_wconf 70' lang='lat' dir='ltr'>desperasset]</span> 
     </span>
    </p>
   </div>
   <div class='ocr_carea' id='block_1_3' title="bbox 449 1603 1161 1746">
    <p class='ocr_par' dir='ltr' id='par_1_3' title="bbox 449 1603 1161 1746">
     <span class='ocr_line' id='line_1_25' title="bbox 632 1603 981 1655; baseline 0.003 -1"><span class='ocrx_word' id='word_1_212' title='bbox 632 1603 783 1655; x_wconf 85' lang='lat' dir='ltr'>TITI</span> <span class='ocrx_word' id='word_1_213' title='bbox 820 1603 981 1655; x_wconf 59' lang='lat' dir='ltr'>LIV}</span> 
     </span>
     <span class='ocr_line' id='line_1_26' title="bbox 449 1706 1161 1746; baseline 0 -3"><span class='ocrx_word' id='word_1_214' title='bbox 449 1708 536 1743; x_wconf 76' lang='lat' dir='ltr'>AB</span> <span class='ocrx_word' id='word_1_215' title='bbox 586 1707 770 1744; x_wconf 77' lang='lat' dir='ltr'>VRBE</span> <span class='ocrx_word' id='word_1_216' title='bbox 821 1706 1161 1746; x_wconf 71' lang='lat' dir='ltr'>CONDITA</span> 
     </span>
    </p>
   </div>
   <div class='ocr_carea' id='block_1_4' title="bbox 636 1831 972 1868">
    <p class='ocr_par' dir='ltr' id='par_1_4' title="bbox 636 1831 972 1868">
     <span class='ocr_line' id='line_1_27' title="bbox 636 1831 972 1868; baseline 0.003 -1"><span class='ocrx_word' id='word_1_217' title='bbox 636 1831 803 1868; x_wconf 73' lang='lat' dir='ltr'>LIBER</span> <span class='ocrx_word' id='word_1_218' title='bbox 832 1832 972 1868; x_wconf 81' lang='lat' dir='ltr'>XXII.</span> 
     </span>
    </p>
   </div>
   <div class='ocr_carea' id='block_1_5' title="bbox 131 1916 1530 2706">
    <p class='ocr_par' dir='ltr' id='par_1_5' title="bbox 131 1916 1530 2706">
     <span class='ocr_line' id='line_1_28' title="bbox 216 1916 1527 1971; baseline 0.002 -16"><span class='ocrx_word' id='word_1_219' title='bbox 216 1916 246 1955; x_wconf 91' lang='lat' dir='ltr'>I.</span> <span class='ocrx_word' id='word_1_220' title='bbox 302 1916 391 1956; x_wconf 85' lang='lat' dir='ltr'>Iam</span> <span class='ocrx_word' id='word_1_221' title='bbox 430 1932 500 1957; x_wconf 79' lang='lat' dir='ltr'>ver</span> <span class='ocrx_word' id='word_1_222' title='bbox 536 1917 772 1971; x_wconf 84' lang='lat' dir='ltr'>adpetebat,</span> <span class='ocrx_word' id='word_1_223' title='bbox 811 1927 931 1971; x_wconf 86' lang='lat' dir='ltr'>atque</span> <span class='ocrx_word' id='word_1_224' title='bbox 969 1918 1180 1958; x_wconf 80' lang='lat' dir='ltr'>Hannibal</span> <span class='ocrx_word' id='word_1_225' title='bbox 1218 1934 1268 1958; x_wconf 83' lang='lat' dir='ltr'>ex</span> <span class='ocrx_word' id='word_1_226' title='bbox 1306 1918 1485 1958; x_wconf 85' lang='lat' dir='ltr'>hibernis</span> <span class='ocrx_word' id='word_1_227' title='bbox 1517 1926 1527 1953; x_wconf 91' lang='lat' dir='ltr'>l</span> 
     </span>
     <span class='ocr_line' id='line_1_29' title="bbox 132 1978 1487 2033; baseline 0.001 -16"><span class='ocrx_word' id='word_1_228' title='bbox 132 1978 274 2026; x_wconf 76' lang='lat' dir='ltr'>movit,</span> <span class='ocrx_word' id='word_1_229' title='bbox 308 1986 347 2018; x_wconf 88' lang='lat' dir='ltr'>et</span> <span class='ocrx_word' id='word_1_230' title='bbox 378 1979 625 2032; x_wconf 79' lang='lat' dir='ltr'>nequiquam</span> <span class='ocrx_word' id='word_1_231' title='bbox 657 1987 749 2020; x_wconf 89' lang='lat' dir='ltr'>ante</span> <span class='ocrx_word' id='word_1_232' title='bbox 782 1988 951 2021; x_wconf 88' lang='lat' dir='ltr'>conatus</span> <span class='ocrx_word' id='word_1_233' title='bbox 984 1981 1270 2020; x_wconf 78' lang='lat' dir='ltr'>transcendere</span> <span class='ocrx_word' id='word_1_234' title='bbox 1302 1979 1487 2033; x_wconf 75' lang='lat' dir='ltr'>Apenni-</span> 
     </span>
     <span class='ocr_line' id='line_1_30' title="bbox 131 2039 1488 2096; baseline 0.001 -18"><span class='ocrx_word' id='word_1_235' title='bbox 131 2054 229 2078; x_wconf 89' lang='lat' dir='ltr'>num</span> <span class='ocrx_word' id='word_1_236' title='bbox 259 2039 522 2081; x_wconf 85' lang='lat' dir='ltr'>intolerandis</span> <span class='ocrx_word' id='word_1_237' title='bbox 555 2041 776 2095; x_wconf 80' lang='lat' dir='ltr'>frigoribus</span> <span class='ocrx_word' id='word_1_238' title='bbox 810 2050 849 2082; x_wconf 86' lang='lat' dir='ltr'>et</span> <span class='ocrx_word' id='word_1_239' title='bbox 875 2057 967 2082; x_wconf 81' lang='lat' dir='ltr'>euin</span> <span class='ocrx_word' id='word_1_240' title='bbox 999 2042 1155 2096; x_wconf 76' lang='lat' dir='ltr'>ingenti</span> <span class='ocrx_word' id='word_1_241' title='bbox 1188 2041 1368 2095; x_wconf 85' lang='lat' dir='ltr'>periculo</span> <span class='ocrx_word' id='word_1_242' title='bbox 1401 2056 1488 2080; x_wconf 88' lang='lat' dir='ltr'>mo-</span> 
     </span>
     <span class='ocr_line' id='line_1_31' title="bbox 132 2101 1530 2157; baseline 0.002 -19"><span class='ocrx_word' id='word_1_243' title='bbox 132 2107 243 2139; x_wconf 82' lang='lat' dir='ltr'>ratus</span> <span class='ocrx_word' id='word_1_244' title='bbox 287 2115 334 2140; x_wconf 87' lang='lat' dir='ltr'>ae</span> <span class='ocrx_word' id='word_1_245' title='bbox 376 2109 498 2142; x_wconf 89' lang='lat' dir='ltr'>metu.</span> <span class='ocrx_word' id='word_1_246' title='bbox 561 2101 690 2150; x_wconf 77' lang='lat' dir='ltr'>Galli,</span> <span class='ocrx_word' id='word_1_247' title='bbox 729 2118 832 2156; x_wconf 87' lang='lat' dir='ltr'>quos</span> <span class='ocrx_word' id='word_1_248' title='bbox 874 2104 1050 2157; x_wconf 81' lang='lat' dir='ltr'>praedae</span> <span class='ocrx_word' id='word_1_249' title='bbox 1093 2103 1484 2157; x_wconf 85' lang='lat' dir='ltr'>populationumque</span> <span class='ocrx_word' id='word_1_250' title='bbox 1512 2110 1530 2138; x_wconf 81' lang='grc'>2</span> 
     </span>
     <span class='ocr_line' id='line_1_32' title="bbox 134 2161 1486 2218; baseline 0.003 -19"><span class='ocrx_word' id='word_1_251' title='bbox 134 2161 364 2201; x_wconf 77' lang='lat' dir='ltr'>conciverat</span> <span class='ocrx_word' id='word_1_252' title='bbox 390 2177 502 2215; x_wconf 77' lang='lat' dir='ltr'>speS,</span> <span class='ocrx_word' id='word_1_253' title='bbox 535 2173 754 2217; x_wconf 88' lang='lat' dir='ltr'>postquam</span> <span class='ocrx_word' id='word_1_254' title='bbox 782 2180 854 2218; x_wconf 90' lang='lat' dir='ltr'>pro</span> <span class='ocrx_word' id='word_1_255' title='bbox 881 2180 947 2213; x_wconf 88' lang='lat' dir='ltr'>eo,</span> <span class='ocrx_word' id='word_1_256' title='bbox 980 2172 1023 2204; x_wconf 88' lang='lat' dir='ltr'>ut</span> <span class='ocrx_word' id='word_1_257' title='bbox 1049 2165 1126 2218; x_wconf 85' lang='lat' dir='ltr'>ipsi</span> <span class='ocrx_word' id='word_1_258' title='bbox 1154 2180 1204 2204; x_wconf 82' lang='lat' dir='ltr'>ex</span> <span class='ocrx_word' id='word_1_259' title='bbox 1229 2165 1361 2204; x_wconf 84' lang='lat' dir='ltr'>alieno</span> <span class='ocrx_word' id='word_1_260' title='bbox 1388 2179 1486 2218; x_wconf 83' lang='lat' dir='ltr'>agro</span> 
     </span>
     <span class='ocr_line' id='line_1_33' title="bbox 133 2227 1487 2281; baseline 0.004 -20"><span class='ocrx_word' id='word_1_261' title='bbox 133 2229 321 2275; x_wconf 87' lang='lat' dir='ltr'>raperent</span> <span class='ocrx_word' id='word_1_262' title='bbox 351 2231 619 2277; x_wconf 86' lang='lat' dir='ltr'>agerentque,</span> <span class='ocrx_word' id='word_1_263' title='bbox 654 2241 750 2266; x_wconf 82' lang='lat' dir='ltr'>suas</span> <span class='ocrx_word' id='word_1_264' title='bbox 776 2235 903 2267; x_wconf 85' lang='lat' dir='ltr'>terras</span> <span class='ocrx_word' id='word_1_265' title='bbox 933 2227 1073 2266; x_wconf 81' lang='lat' dir='ltr'>sedem</span> <span class='ocrx_word' id='word_1_266' title='bbox 1101 2227 1195 2267; x_wconf 88' lang='lat' dir='ltr'>belli</span> <span class='ocrx_word' id='word_1_267' title='bbox 1222 2241 1312 2267; x_wconf 86' lang='lat' dir='ltr'>esse</span> <span class='ocrx_word' id='word_1_268' title='bbox 1338 2227 1487 2281; x_wconf 87' lang='lat' dir='ltr'>premi-</span> 
     </span>
     <span class='ocr_line' id='line_1_34' title="bbox 134 2284 1529 2339; baseline 0.005 -17"><span class='ocrx_word' id='word_1_269' title='bbox 134 2298 211 2336; x_wconf 85' lang='lat' dir='ltr'>que</span> <span class='ocrx_word' id='word_1_270' title='bbox 237 2284 447 2337; x_wconf 86' lang='lat' dir='ltr'>utriusque</span> <span class='ocrx_word' id='word_1_271' title='bbox 472 2287 598 2339; x_wconf 88' lang='lat' dir='ltr'>partis</span> <span class='ocrx_word' id='word_1_272' title='bbox 625 2288 874 2327; x_wconf 78' lang='lat' dir='ltr'>exercituum</span> <span class='ocrx_word' id='word_1_273' title='bbox 908 2288 1087 2329; x_wconf 84' lang='lat' dir='ltr'>hibernis</span> <span class='ocrx_word' id='word_1_274' title='bbox 1113 2289 1316 2337; x_wconf 66' lang='lat' dir='ltr'>riderent,</span> <span class='ocrx_word' id='word_1_275' title='bbox 1355 2295 1486 2329; x_wconf 76' lang='lat' dir='ltr'>verte-</span> <span class='ocrx_word' id='word_1_276' title='bbox 1512 2296 1529 2323; x_wconf 84' lang='grc'><strong><em>3</em></strong></span> 
     </span>
     <span class='ocr_line' id='line_1_35' title="bbox 134 2347 1485 2404; baseline 0.004 -20"><span class='ocrx_word' id='word_1_277' title='bbox 134 2352 225 2385; x_wconf 87' lang='lat' dir='ltr'>runt</span> <span class='ocrx_word' id='word_1_278' title='bbox 260 2353 367 2385; x_wconf 88' lang='lat' dir='ltr'>retro</span> <span class='ocrx_word' id='word_1_279' title='bbox 397 2347 439 2386; x_wconf 89' lang='lat' dir='ltr'>in</span> <span class='ocrx_word' id='word_1_280' title='bbox 471 2347 750 2389; x_wconf 84' lang='lat' dir='ltr'>Hannibalem</span> <span class='ocrx_word' id='word_1_281' title='bbox 787 2349 837 2389; x_wconf 88' lang='lat' dir='ltr'>ab</span> <span class='ocrx_word' id='word_1_282' title='bbox 871 2350 1070 2391; x_wconf 84' lang='lat' dir='ltr'>Romanis</span> <span class='ocrx_word' id='word_1_283' title='bbox 1104 2351 1214 2391; x_wconf 86' lang='lat' dir='ltr'>odia:</span> <span class='ocrx_word' id='word_1_284' title='bbox 1251 2351 1485 2404; x_wconf 86' lang='lat' dir='ltr'>petitusque</span> 
     </span>
     <span class='ocr_line' id='line_1_36' title="bbox 134 2408 1485 2465; baseline 0.006 -20"><span class='ocrx_word' id='word_1_285' title='bbox 134 2422 255 2460; x_wconf 66' lang='lat' dir='ltr'>saepe</span> <span class='ocrx_word' id='word_1_286' title='bbox 280 2408 509 2462; x_wconf 82' lang='lat' dir='ltr'>principum</span> <span class='ocrx_word' id='word_1_287' title='bbox 535 2409 713 2458; x_wconf 85' lang='lat' dir='ltr'>insidiis,</span> <span class='ocrx_word' id='word_1_288' title='bbox 739 2411 921 2465; x_wconf 88' lang='lat' dir='ltr'>ipsorum</span> <span class='ocrx_word' id='word_1_289' title='bbox 947 2412 1051 2452; x_wconf 85' lang='lat' dir='ltr'>inter</span> <span class='ocrx_word' id='word_1_290' title='bbox 1077 2427 1119 2452; x_wconf 90' lang='lat' dir='ltr'>se</span> <span class='ocrx_word' id='word_1_291' title='bbox 1146 2412 1307 2461; x_wconf 83' lang='lat' dir='ltr'>fraude,</span> <span class='ocrx_word' id='word_1_292' title='bbox 1341 2413 1485 2453; x_wconf 83' lang='lat' dir='ltr'>eadem</span> 
     </span>
     <span class='ocr_line' id='line_1_37' title="bbox 133 2468 1485 2521; baseline 0.006 -14"><span class='ocrx_word' id='word_1_293' title='bbox 133 2468 308 2517; x_wconf 65' lang='lat' dir='ltr'>levitate,</span> <span class='ocrx_word' id='word_1_294' title='bbox 336 2484 416 2521; x_wconf 87' lang='lat' dir='ltr'>qua</span> <span class='ocrx_word' id='word_1_295' title='bbox 442 2479 752 2519; x_wconf 83' lang='lat' dir='ltr'>consenserant,</span> <span class='ocrx_word' id='word_1_296' title='bbox 780 2488 1026 2513; x_wconf 86' lang='lat' dir='ltr'>consensum</span> <span class='ocrx_word' id='word_1_297' title='bbox 1053 2474 1320 2514; x_wconf 85' lang='lat' dir='ltr'>indicantium</span> <span class='ocrx_word' id='word_1_298' title='bbox 1347 2489 1485 2515; x_wconf 77' lang='lat' dir='ltr'>serva-</span> 
     </span>
     <span class='ocr_line' id='line_1_38' title="bbox 133 2533 1483 2591; baseline 0.006 -22"><span class='ocrx_word' id='word_1_299' title='bbox 133 2543 196 2569; x_wconf 82' lang='lat' dir='ltr'>tus</span> <span class='ocrx_word' id='word_1_300' title='bbox 223 2537 307 2570; x_wconf 88' lang='lat' dir='ltr'>erat</span> <span class='ocrx_word' id='word_1_301' title='bbox 333 2539 371 2571; x_wconf 90' lang='lat' dir='ltr'>et</span> <span class='ocrx_word' id='word_1_302' title='bbox 396 2533 590 2573; x_wconf 87' lang='lat' dir='ltr'>mutando</span> <span class='ocrx_word' id='word_1_303' title='bbox 615 2548 724 2574; x_wconf 88' lang='lat' dir='ltr'>nune</span> <span class='ocrx_word' id='word_1_304' title='bbox 748 2542 917 2584; x_wconf 83' lang='lat' dir='ltr'>vestem,</span> <span class='ocrx_word' id='word_1_305' title='bbox 944 2551 1052 2576; x_wconf 89' lang='lat' dir='ltr'>nune</span> <span class='ocrx_word' id='word_1_306' title='bbox 1077 2543 1314 2591; x_wconf 84' lang='lat' dir='ltr'>tegumenta</span> <span class='ocrx_word' id='word_1_307' title='bbox 1339 2537 1483 2591; x_wconf 79' lang='lat' dir='ltr'>eapitis</span> 
     </span>
     <span class='ocr_line' id='line_1_39' title="bbox 133 2593 1527 2651; baseline 0.006 -21"><span class='ocrx_word' id='word_1_308' title='bbox 133 2606 265 2632; x_wconf 86' lang='lat' dir='ltr'>errore</span> <span class='ocrx_word' id='word_1_309' title='bbox 291 2593 411 2633; x_wconf 85' lang='lat' dir='ltr'>etiam</span> <span class='ocrx_word' id='word_1_310' title='bbox 439 2606 529 2635; x_wconf 86' lang='lat' dir='ltr'>sese</span> <span class='ocrx_word' id='word_1_311' title='bbox 555 2595 605 2635; x_wconf 88' lang='lat' dir='ltr'>ab</span> <span class='ocrx_word' id='word_1_312' title='bbox 631 2596 790 2636; x_wconf 84' lang='lat' dir='ltr'>insidiis</span> <span class='ocrx_word' id='word_1_313' title='bbox 817 2597 1030 2638; x_wconf 87' lang='lat' dir='ltr'>munierat.</span> <span class='ocrx_word' id='word_1_314' title='bbox 1087 2606 1266 2639; x_wconf 86' lang='lat' dir='ltr'>ceterum</span> <span class='ocrx_word' id='word_1_315' title='bbox 1292 2598 1358 2638; x_wconf 81' lang='lat' dir='ltr'>hie</span> <span class='ocrx_word' id='word_1_316' title='bbox 1383 2614 1483 2651; x_wconf 88' lang='lat' dir='ltr'>quo·</span> <span class='ocrx_word' id='word_1_317' title='bbox 1514 2611 1527 2638; x_wconf 67' lang='lat'>4</span> 
     </span>
     <span class='ocr_line' id='line_1_40' title="bbox 132 2654 1405 2706; baseline 0.007 -14"><span class='ocrx_word' id='word_1_318' title='bbox 132 2667 209 2706; x_wconf 90' lang='lat' dir='ltr'>que</span> <span class='ocrx_word' id='word_1_319' title='bbox 237 2654 272 2694; x_wconf 84' lang='lat' dir='ltr'>ei</span> <span class='ocrx_word' id='word_1_320' title='bbox 299 2655 418 2695; x_wconf 87' lang='lat' dir='ltr'>timor</span> <span class='ocrx_word' id='word_1_321' title='bbox 444 2671 567 2697; x_wconf 80' lang='lat' dir='ltr'>eausa</span> <span class='ocrx_word' id='word_1_322' title='bbox 592 2657 668 2697; x_wconf 82' lang='lat' dir='ltr'>fuit</span> <span class='ocrx_word' id='word_1_323' title='bbox 695 2659 893 2698; x_wconf 86' lang='lat' dir='ltr'>maturius</span> <span class='ocrx_word' id='word_1_324' title='bbox 919 2660 1109 2700; x_wconf 83' lang='lat' dir='ltr'>movendi</span> <span class='ocrx_word' id='word_1_325' title='bbox 1137 2675 1187 2700; x_wconf 80' lang='lat' dir='ltr'>cx</span> <span class='ocrx_word' id='word_1_326' title='bbox 1213 2660 1405 2701; x_wconf 80' lang='lat' dir='ltr'>hibernis.</span> 
     </span>
    </p>
   </div>
  </div>
 </body>
</html>
