1815 3184
539 217 692 253 LIBER
715 216 883 260 XXVII,
908 215 940 249 4.
959 214 990 248 5.
1020 216 1068 257 [a.
1084 213 1123 249 C.
1137 212 1219 255 210]
1476 199 1557 241 327

290 324 356 364 Eo
397 322 485 377 fere
523 328 703 375 tempore
745 318 871 373 legati
912 317 963 358 ab
1004 331 1102 371 rege
1147 314 1339 369 Syphace
1382 313 1561 354 Romam
1586 327 1605 356 5

208 392 430 433 venerunt,
479 397 666 436 quaeque
708 394 902 435 prospera
941 379 1096 433 proelia
1136 391 1209 417 rex
1250 390 1344 417 cum
1387 374 1561 416 Cartha-

207 446 461 502 giniensibus
493 445 659 485 fecisset
691 447 982 489 memorantes,
1019 454 1159 494 regem
1190 453 1265 479 nec
1295 437 1562 478 inimiciorem

208 509 279 548 ulli
304 507 456 562 populo
481 521 604 560 quam
625 502 958 558 Carthaginiensi
981 516 1058 542 nec
1082 500 1317 541 amiciorem
1343 513 1466 552 quam
1479 498 1563 538 Ro-

208 585 330 610 mano
361 583 452 610 esse
490 566 774 608 adfirmabant.
834 565 997 604 misisse
1029 577 1123 603 eum
1154 569 1274 602 antea
1303 561 1460 614 legatos
1486 559 1564 600 Hi-

210 631 396 684 spaniam
434 630 486 670 ad
518 628 594 669 Cn.
634 634 673 667 et
702 627 751 667 P.
786 625 999 667 Cornelios
1037 624 1301 677 imperatores
1338 622 1562 670 Romanos,

208 707 317 732 nunc
346 691 397 732 ab
429 691 519 744 ipso
551 689 662 729 velut
688 688 800 728 fonte
826 693 963 741 petere
987 686 1218 726 Romanam
1249 683 1468 724 amicitiam
1494 697 1565 722 vo-

208 753 346 793 luisse.
408 758 573 792 senatus
599 765 680 790 non
705 749 851 803 legatis
878 748 999 788 modo
1025 746 1201 800 benigne
1225 745 1452 799 respondit,
1491 743 1565 784 sed

210 822 249 854 ct
272 815 361 867 ipse
386 813 543 867 legatos
571 826 663 852 cum
689 811 807 850 donis
834 810 885 850 ad
909 823 1049 862 regem
1075 807 1203 855 misit,
1235 807 1289 846 L.
1317 804 1562 853 Genucium,

208 876 256 915 P.
286 875 532 922 Poetelium,
570 873 619 913 P.
645 872 881 925 Popillium.
942 871 1050 909 dona
1074 869 1202 909 tulere
1228 875 1368 922 togam
1394 874 1433 908 et
1458 867 1565 906 tuni-

208 952 298 977 cam
329 949 595 990 purpuream,
635 933 776 974 sellam
808 932 1047 978 eburneam,
1085 937 1269 983 pateram
1300 943 1351 968 ex
1386 929 1566 981 quinque

208 998 343 1052 pondo
369 997 457 1037 auri
481 996 645 1036 factam.
689 994 874 1048 protinus
900 1001 939 1032 et
964 992 1065 1032 alios
1080 991 1250 1031 Africae
1274 990 1438 1044 regulos
1464 989 1566 1029 iussi

208 1060 330 1099 adire.
368 1059 417 1098 iis
443 1071 606 1110 quoque
632 1070 737 1108 quac
763 1055 956 1094 darentur
979 1059 1157 1107 portata,
1184 1058 1306 1105 togae
1330 1057 1566 1104 praetextae

208 1128 247 1160 et
272 1127 386 1159 terna
410 1118 547 1172 pondo
572 1124 737 1170 paterae
771 1129 930 1156 aureae.
992 1121 1031 1153 ct
1056 1113 1362 1153 Alexandream
1388 1112 1438 1152 ad
1466 1112 1564 1152 Pto-

206 1181 411 1221 lemaeum
448 1186 488 1219 ct
525 1178 788 1231 Cleopatram
824 1190 943 1230 reges
980 1174 1042 1215 M.
1079 1173 1255 1222 Atilius,
1293 1173 1366 1213 M'.
1403 1172 1565 1213 Acilius

206 1241 354 1296 legati,
404 1240 457 1280 ad
498 1238 899 1280 commemorandam
941 1236 1302 1288 renovandamque
1346 1234 1566 1274 amicitiam

206 1303 340 1351 missi,
390 1302 498 1342 dona
533 1301 680 1349 tulere,
729 1299 817 1354 regi
854 1306 994 1353 togam
1032 1304 1072 1338 et
1107 1297 1286 1337 tunicam
1318 1310 1567 1350 purpuream

207 1380 302 1405 cum
333 1364 433 1404 sella
463 1363 660 1412 eburnea,
698 1362 863 1416 reginae
893 1360 1045 1415 pallam
1076 1360 1227 1414 pictam
1265 1373 1360 1399 cum
1390 1357 1566 1398 amiculo

208 1439 426 1480 purpureo.

294 1487 429 1526 Multa
453 1501 501 1526 ea
526 1491 699 1534 aestate,
732 1499 814 1538 qua
837 1484 939 1524 haec
963 1483 1073 1524 facta
1099 1488 1211 1531 sunt,
1250 1496 1301 1522 ex
1325 1479 1565 1535 propinquis

210 1548 380 1589 urbibus
407 1547 599 1601 agrisque
629 1546 815 1586 nuntiata
846 1551 941 1586 sunt
971 1544 1177 1599 prodigia:
1216 1542 1388 1583 Tusculi
1414 1557 1567 1596 agnum

211 1625 305 1650 cum
340 1608 464 1649 ubere
500 1608 665 1648 lactenti
701 1614 860 1656 natum,
897 1607 1010 1647 Iovis
1048 1606 1161 1646 aedis
1200 1605 1362 1645 culmen
1397 1603 1568 1643 fulmine

211 1672 337 1711 ictum
363 1685 410 1711 ac
434 1684 560 1724 prope
587 1669 697 1709 omni
725 1675 831 1709 tecto
856 1669 1054 1708 nudatum
1064 1684 1074 1716 ;
1111 1667 1244 1707 isdem
1268 1666 1396 1706 ferme
1422 1665 1567 1706 diebus

211 1733 430 1787 Anagniae
456 1740 605 1772 terram
631 1738 723 1771 ante
748 1738 907 1784 portam
933 1731 1055 1770 ictam
1082 1730 1190 1770 diem
1222 1743 1269 1769 ac
1293 1735 1454 1768 noctem
1481 1727 1568 1768 sine

211 1794 294 1834 ullo
325 1794 431 1847 ignis
463 1794 656 1834 alimento
688 1793 857 1841 arsisse,
896 1798 935 1832 et
965 1806 1062 1832 aves
1094 1791 1146 1831 ad
1179 1789 1417 1844 Compitum
1453 1788 1570 1829 Ana-

212 1856 383 1910 gninum
420 1856 463 1895 in
504 1855 596 1895 luco
632 1854 796 1894 Dianae
839 1854 957 1894 nidos
999 1853 1042 1893 in
1083 1852 1297 1893 arboribus
1333 1850 1568 1903 reliquissc3

214 1917 459 1957 Tarracinae
495 1916 537 1956 in
572 1916 674 1956 mari
704 1916 815 1956 haud
845 1915 987 1969 procul
1017 1921 1137 1968 portu
1169 1927 1326 1968 angues
1363 1912 1568 1967 magnitu-

214 1978 319 2018 dinis
352 1978 477 2018 mirae
502 1977 802 2018 lascivientium
833 1976 1008 2030 piscium
1039 1975 1161 2015 modo
1194 1975 1418 2022 cxultasseg
1468 1973 1570 2013 Tar-

214 2040 363 2091 quiniis
400 2054 570 2093 porcum
607 2053 701 2079 cum
740 2053 808 2078 ore
846 2038 1024 2078 humano
1060 2037 1270 2091 genitum,
1319 2042 1358 2076 et
1393 2035 1435 2075 in
1471 2049 1570 2088 agro

218 2101 428 2154 Capenate
470 2101 522 2141 ad
564 2100 703 2140 lucum
739 2100 938 2140 Feroniae
980 2106 1170 2152 quattuor
1212 2098 1329 2152 signa
1371 2096 1570 2150 sauguine

217 2163 343 2202 multo
380 2163 486 2202 diem
523 2177 571 2203 ac
607 2170 768 2202 noctem
806 2162 991 2202 sudasse.
1062 2161 1163 2201 haec
1203 2159 1391 2214 prodigia
1425 2158 1570 2198 hostiis

219 2225 438 2265 maioribus
465 2231 679 2278 procurata
704 2225 865 2264 decreto
884 2223 1122 2278 pontificum
1142 2229 1181 2263 et
1201 2221 1443 2275 supplicatio
1463 2221 1572 2261 diem

236 2287 375 2326 {omae
400 2287 452 2326 ad
478 2287 613 2327 omnia
637 2286 883 2340 pulvinaria,
911 2286 1083 2326 alterum
1107 2285 1149 2324 in
1170 2283 1370 2338 Capenati
1395 2297 1493 2338 agro
1519 2283 1571 2323 ad

218 2348 418 2388 Feroniae
443 2348 581 2388 lucum
606 2348 770 2388 indicta.

303 2410 355 2451 V.
426 2410 487 2450 M.
525 2410 714 2450 Valerius
756 2409 899 2450 consul
940 2409 1083 2450 litteris
1131 2408 1314 2457 excitus,
1362 2407 1572 2462 provincia

220 2473 480 2525 exercituque
505 2473 697 2512 mandato
725 2472 868 2513 Cincio
894 2471 1086 2526 praetori,
1113 2470 1173 2510 M.
1188 2470 1354 2511 Valerio
1373 2469 1573 2510 Messalla

218 2534 426 2588 praefecto
452 2534 596 2574 classis
622 2549 715 2574 cum
740 2541 854 2588 parte
873 2534 1041 2574 navium
1066 2533 1106 2573 in
1120 2532 1308 2573 Africam
1332 2531 1571 2586 praedatum

220 2595 340 2636 simul
367 2595 703 2649 speculatumque
729 2610 834 2648 quae
858 2595 1035 2649 populus
1052 2593 1406 2648 Carthaginiensis
1432 2598 1570 2647 ageret

219 2663 459 2711 pararetque
484 2657 629 2707 misso,
667 2658 754 2712 ipse
786 2657 928 2698 decem
958 2655 1132 2697 navibus
1156 2656 1333 2696 Romam
1363 2654 1570 2709 profectus

1588 449 1606 479 6

1591 758 1607 786 *Ἰ

1592 1125 1632 1153 10

1596 1492 1630 1521 ll

1597 1675 1635 1705 12

1598 1923 1635 1951 13

1598 1983 1637 2012 14

1598 2168 1637 2197 15

1598 2667 1617 2696 2
