1815 3184
231 453 268 482 12

230 576 268 604 13

231 822 267 849 14

230 1192 268 1220 15

228 1560 267 1589 16

228 1745 264 1772 17

229 1927 268 1957 18

229 2299 266 2328 19

253 2485 264 2512 1

250 2607 268 2635 2

298 206 381 247 280
592 213 746 247 LIBER
772 213 920 257 XXVI,
946 214 998 248 13.
1021 214 1074 247 14.
1103 217 1199 257 [a.u.
1216 216 1339 259 0.543]

295 317 455 357 moenia
479 316 569 369 ipsa
594 322 633 355 et
653 315 705 355 ad
722 322 861 369 portas
883 316 1074 365 accessit,
1101 316 1278 357 Romam
1299 331 1342 357 se
1362 318 1645 372 adempturum

295 379 371 426 eis,
414 377 493 417 nisi
529 377 761 417 omitterent
799 376 1006 431 Capuam,
1045 378 1238 418 ostendit:
1289 392 1369 418 non
1412 380 1645 421 omiserunt.

294 439 401 479 feras
438 438 611 487 bestias,
655 452 776 479 caeco
812 438 969 492 impetu
1005 453 1052 479 ac
1088 438 1200 480 rabie
1237 440 1483 488 concitatas,
1528 441 1563 481 si
1597 443 1647 481 ad

296 500 445 540 cubilia
469 506 508 540 et
533 500 688 541 catulos
715 515 856 540 earum
885 500 943 541 ire
972 515 1141 555 pergas,
1180 501 1231 541 ad
1256 516 1375 555 opem
1407 502 1491 543 suis
1517 502 1649 543 feren-

295 563 390 601 dam
426 568 611 601 avertas:
671 561 883 602 Romanos
920 562 1056 602 Roma
1092 563 1388 612 circumsessa,
1438 563 1647 618 coniuges,

294 623 427 672 liberi,
465 638 639 675 quorum
671 623 854 677 ploratus
886 623 980 664 hinc
1011 639 1139 678 prope
1165 624 1503 674 exaudiebantur,
1542 640 1647 674 arae,

294 685 394 733 foci,
421 685 544 724 desim
571 684 759 734 delubra,
787 685 975 739 sepulcra
999 686 1199 726 maiorum
1219 692 1415 727 temerata
1433 701 1480 728 ac
1499 687 1649 727 violata

294 762 317 786 a
350 745 495 800 Capua
533 762 614 786 non
650 753 901 787 averterunt:
942 753 1055 788 tanta
1092 748 1264 788 aviditas
1303 749 1491 802 supplicii
1527 763 1650 802 expe-

294 808 423 856 tendi,
450 807 573 849 'tanta
598 808 810 863 sanguinis
836 809 965 849 nostri
997 809 1211 849 hauriendi
1243 816 1305 850 est
1330 811 1430 851 sitis.
1490 825 1566 851 nec
1589 810 1650 850 in-

292 870 396 910 iuria
421 870 610 919 forsitam
648 885 722 910 nos
749 885 911 923 quoque
942 871 1051 912 idem
1082 871 1345 920 fecissemus,
1384 872 1418 912 si
1449 872 1544 912 data
1568 871 1650 912 for-

294 938 391 972 tuna
422 938 542 972 essct.
603 932 740 985 itaque
777 933 971 985 quoniam
1009 933 1126 974 aliter
1161 934 1223 974 dis
1260 933 1557 976 immortalibus
1589 940 1651 974 est

293 994 446 1042 visum,
473 1008 566 1034 cum
592 1001 764 1034 mortem
789 1009 840 1035 ne
866 1009 1055 1035 recusare
1082 995 1247 1048 quidem
1273 995 1464 1045 debeam,
1497 996 1650 1036 crucia-

293 1063 358 1096 tus
385 1055 754 1109 contumeliasque,
793 1071 895 1109 quas
923 1063 1059 1110 sperat
1083 1057 1233 1106 hostis,
1272 1057 1369 1097 dum
1394 1057 1513 1106 liber,
1550 1058 1648 1097 dum

294 1117 374 1157 mei
409 1123 554 1170 potens
587 1132 703 1166 sum,
742 1117 923 1172 effugere
954 1125 1110 1166 morte,
1148 1125 1434 1172 praeterquam
1464 1119 1648 1167 honesta,

295 1179 416 1218 etiam
441 1178 523 1218 leni
547 1193 731 1232 possum.
780 1194 862 1219 non
888 1179 1036 1220 videbo
1062 1178 1145 1232 Ap.
1174 1179 1395 1220 Claudium
1421 1186 1460 1220 et
1479 1180 1530 1232 Q.
1550 1180 1586 1220 F
1590 1180 1649 1220 ul-

293 1240 405 1280 vium
431 1240 600 1280 victoria
624 1240 815 1280 insolenti
841 1240 1056 1289 subnixos,
1083 1255 1215 1293 neque
1235 1241 1394 1282 vinctus
1414 1256 1487 1295 per
1504 1241 1648 1282 urbem

293 1301 523 1342 Romanam
566 1301 759 1355 triumphi
803 1302 1082 1355 spectaculum
1125 1302 1284 1351 trahar,
1334 1310 1378 1343 111
1420 1304 1567 1344 deinde
1608 1304 1649 1343 in

294 1378 472 1412 carcere,
505 1370 574 1404 aut
599 1364 651 1404 ad
676 1363 815 1417 palum
841 1364 1044 1417 deligatus
1070 1364 1247 1404 lacerato
1273 1364 1398 1418 virgis
1425 1371 1539 1419 tergo
1565 1380 1650 1405 ccr-

292 1425 425 1465 1100111
462 1425 594 1465 securi
629 1425 842 1465 Romanae
880 1425 1098 1465 subiciam:
1153 1439 1230 1465 nec
1266 1426 1373 1465 dirui
1406 1426 1649 1479 incendique

292 1486 465 1540 patriam
501 1486 649 1527 videbo
685 1501 760 1526 nec
795 1487 884 1540 rapi
920 1487 973 1527 ad
1010 1493 1198 1540 stuprum
1234 1494 1385 1528 matres
1413 1487 1648 1542 Campanas

293 1548 554 1602 virginesque
581 1554 619 1587 et
644 1548 845 1602 ingenuos
870 1562 1032 1601 pueros.
1071 1548 1238 1597 Albam,
1265 1549 1372 1590 unde
1392 1549 1472 1603 ipsi
1491 1550 1651 1590 oriundi

294 1616 424 1656 erant,
462 1625 485 1648 a
511 1609 789 1649 fundamentis
822 1615 1083 1663 proruerunt,
1122 1625 1172 1650 nc
1199 1611 1339 1664 stirps,
1378 1626 1428 1651 ne
1454 1612 1650 1652 memoria

294 1670 498 1724 originum
536 1685 702 1711 suarum
741 1677 914 1711 extaret:
952 1672 1104 1711 nedum
1142 1686 1212 1712 005
1251 1672 1420 1726 Capuae
1456 1688 1648 1727 parsuros

293 1732 475 1780 credam,
524 1732 589 1772 eui
625 1732 857 1773 infestiores
895 1747 1018 1785 quam
1059 1732 1300 1788 Carthagini
1338 1740 1442 1774 sunt.
1513 1735 1649 1787 itaque

293 1793 442 1846 quibus
479 1800 660 1833 vestrum
698 1800 791 1834 ante
828 1794 912 1835 fato
950 1795 1118 1844 cedere,
1169 1809 1293 1848 quam
1329 1795 1431 1836 haec
1472 1802 1530 1836 tot
1567 1803 1649 1836 tam

293 1855 441 1895 acerba
470 1855 654 1904 videant,
691 1855 734 1895 111
765 1856 901 1896 animo
935 1863 1015 1905 est,
1054 1857 1102 1897 iis
1135 1864 1233 1910 aput
1264 1872 1329 1897 mc
1354 1857 1475 1898 hodie
1506 1857 1649 1911 epulae
1674 1893 1676 1895 ,

294 1917 516 1957 instructae
559 1924 807 1971 parataeque
852 1925 958 1959 sunt.
1044 1918 1199 1959 satiatis
1235 1919 1330 1959 vino
1369 1919 1541 1972 ciboque
1578 1933 1650 1973 po-

293 1978 430 2018 culum
466 1979 575 2019 idem
611 1980 722 2032 quod
758 1980 859 2020 mihi
895 1980 1036 2020 datum
1072 1980 1193 2020 fuerit
1226 1980 1551 2021 circumferetur:
1602 1996 1649 2021 ea

293 2040 403 2094 potio
434 2055 582 2094 corpus
615 2057 639 2081 a
670 2042 869 2090 cruciatu,
908 2042 1089 2082 animum
1121 2057 1145 2082 a
1176 2042 1451 2091 contumeliis,
1495 2042 1647 2091 oculos,

293 2102 401 2142 auris
435 2117 458 2142 a
489 2103 676 2143 videndis
709 2104 1007 2157 audiendisque
1039 2103 1228 2144 omnibus
1261 2104 1418 2144 acerbis
1449 2103 1649 2158 indignis-

293 2177 390 2216 que,
428 2178 533 2216 quac
562 2172 728 2205 manent
759 2165 908 2214 victos,
948 2164 1183 2205 vindicabit.
1261 2166 1392 2219 parati
1429 2174 1544 2205 erunt
1580 2165 1650 2218 qui

293 2240 444 2279 magno
469 2240 569 2280 rogo
594 2226 636 2267 in
660 2227 876 2280 propatulo
896 2227 1059 2267 aedium
1079 2241 1252 2267 accenso
1272 2241 1442 2280 corpora
1461 2226 1650 2267 exanima

294 2286 471 2327 iniciant.
516 2288 617 2328 haec
642 2303 723 2328 una
748 2288 815 2328 via
841 2295 880 2328 et
903 2288 1076 2328 honesta
1101 2295 1139 2328 01
1164 2288 1291 2329 libera
1317 2290 1367 2329 ad
1392 2295 1583 2329 mortem:
1611 2295 1650 2328 et

292 2349 371 2402 ipsi
395 2349 587 2389 virtutem
612 2349 869 2390 mirabuntur
899 2350 1039 2391 hostes
1065 2356 1104 2390 01
1129 2350 1342 2391 Hannibal
1372 2350 1488 2391 fortis
1516 2350 1647 2391 socios

295 2410 393 2451 sciet
419 2410 469 2450 ab
497 2425 540 2451 se
566 2411 750 2452 desertos
777 2425 824 2451 ac
848 2412 1031 2465 proditos
1059 2411 1176 2452 esse.>

378 2472 531 2513 XIIII.
593 2473 714 2513 Hanc
750 2474 973 2514 orationem
1010 2472 1119 2514 Virri
1154 2473 1291 2527 plures
1335 2488 1429 2513 cum
1469 2473 1648 2513 adsensu

295 2533 526 2582 audierunt,
565 2549 689 2587 quam
720 2535 815 2574 forti
846 2535 981 2575 animo
1012 2535 1054 2574 id
1084 2535 1194 2588 quod
1225 2534 1454 2589 probabant
1479 2533 1648 2586 exsequi

295 2601 529 2647 potuerunt:
566 2596 696 2636 maior
731 2610 827 2649 pars
867 2602 1050 2645 senatus,
1090 2596 1228 2637 multis
1267 2611 1388 2650 saepe
1426 2595 1541 2636 bellis
1579 2609 1648 2634 ex-

295 2661 450 2707 pertam
486 2656 628 2709 populi
652 2657 829 2697 Romani
865 2656 1123 2702 elementiam
1159 2657 1269 2697 haud
1305 2656 1537 2697 diffidentes
1569 2653 1645 2694 sibi
