1815 3184
326 262 408 303 210
625 268 779 301 LIBER
804 267 970 308 XXIIII,
996 267 1050 300 46.
1070 267 1124 300 47.
1155 269 1203 310 [a.
1217 278 1251 300 u.
1269 278 1298 301 c.
1312 267 1394 311 541]

327 379 553 419 sescentos,
580 377 779 423 quantum
805 370 904 410 satis
930 370 1064 410 visum
1090 376 1169 419 est,
1202 369 1385 410 attribuit
1409 383 1581 423 eosque,
1612 372 1682 414 ubi

325 440 492 487 quartae
517 432 681 487 vigiliae
713 432 878 487 signum
910 431 1143 481 cecinisset,
1183 431 1236 472 ad
1268 445 1361 472 eum
1390 431 1527 472 locum
1552 434 1683 474 scalas

323 495 443 535 iussit
467 493 586 534 ferre.
646 501 765 547 porta
789 493 847 534 ibi
870 493 1036 534 humilis
1063 500 1101 534 et
1126 499 1304 548 angusta
1329 500 1413 534 erat
1437 493 1684 547 infrequenti

322 556 389 596 via
413 570 485 609 per
510 555 715 596 desertam
739 562 897 609 partem
922 554 1047 595 urbis.
1103 569 1194 595 eam
1218 561 1396 608 portam,
1425 555 1545 596 scalis
1570 557 1683 610 prius

323 624 603 671 transgressos
629 631 812 665 murum,
850 616 1006 670 aperire
1039 630 1090 656 ex
1119 616 1309 657 interiore
1340 623 1455 670 parte
1480 624 1551 657 aut
1575 617 1685 658 clau-

324 686 406 720 stra
425 678 649 733 refringere
670 677 782 719 iubet
803 685 843 719 ct
863 684 1047 718 tenentes
1067 686 1225 732 partem
1243 677 1355 718 urbis
1376 693 1502 718 cornu
1522 679 1684 734 signum

322 742 436 789 dare,
462 748 507 780 ut
532 747 690 781 ceterae
716 740 857 794 copiae
883 740 1214 780 admoverentur:
1240 746 1383 794 parata
1407 741 1544 781 omnia
1563 748 1684 794 atque

278 818 298 846 4
322 803 521 843 instructa
547 816 637 842 sese
663 801 910 842 habiturum.
984 816 1031 842 ca
1062 802 1222 856 inpigre
1247 802 1374 850 facta,
1412 808 1452 842 et
1476 802 1586 855 quod
1609 802 1685 842 im-

321 865 602 919 pedimentum
652 864 868 919 agentibus
917 863 1005 904 forc
1046 863 1279 911 videbatur,
1329 864 1372 903 id
1413 864 1591 905 maxime
1633 864 1685 904 ad

322 926 548 967 fallendum
575 926 743 966 adiuvit.
804 925 936 966 imber
965 925 1016 967 ab
1048 932 1168 966 nocte
1194 925 1330 966 media
1360 932 1523 966 coortus
1550 932 1686 966 custo-

322 989 394 1029 des
431 988 661 1043 vigilesquc
698 987 878 1041 dilapsos
912 1002 933 1027 0
966 987 1209 1028 stationibus
1248 985 1471 1042 subfugere
1506 987 1549 1027 in
1579 994 1685 1027 tecta

278 1065 296 1093 5
323 1051 455 1102 coegit
488 1051 705 1104 sonituque
736 1051 867 1104 primo
898 1049 1084 1104 largioris
1122 1049 1323 1103 procellae
1355 1049 1568 1103 strepitum
1598 1064 1685 1090 mo-

321 1112 506 1152 lientium
531 1119 692 1166 portam
718 1111 901 1152 exaudiri
931 1111 1156 1165 prohibuit,
1193 1111 1340 1151 lentior
1363 1111 1510 1151 deinde
1535 1125 1684 1164 aequa-

321 1173 477 1226 liorque
514 1174 705 1214 accidens
743 1172 909 1213 auribus
946 1188 1140 1227 magnam
1176 1181 1334 1226 partem
1370 1172 1582 1213 hominum
1619 1187 1683 1213 so-

279 1250 295 1278 6
322 1235 435 1288 pix-it.
496 1242 713 1289 postquam
738 1241 897 1288 portam
923 1234 1134 1282 tenebant,
1168 1234 1393 1274 cornicines
1419 1234 1462 1274 in
1485 1234 1552 1275 via
1576 1235 1682 1288 pari-

321 1295 398 1336 bus
424 1296 648 1337 intervallis
675 1296 895 1349 dispositos
928 1310 1072 1336 canere
1104 1295 1263 1344 iubent,
1302 1302 1346 1336 ut
1377 1296 1587 1337 consulem
1614 1311 1683 1336 ex—

280 1372 295 1400 7
323 1358 462 1398 cirent.
532 1358 575 1397 id
611 1357 681 1398 ubi
717 1358 873 1398 factum
912 1372 964 1398 ex
1000 1357 1226 1411 composito
1263 1364 1343 1405 cst,
1394 1357 1511 1411 signa
1548 1357 1681 1398 efferri

321 1419 465 1459 consul
500 1419 611 1459 iubet
649 1433 695 1459 ac
725 1419 847 1473 paulo
879 1426 972 1459 ante
1003 1419 1137 1459 lucem
1168 1432 1240 1472 pcr
1277 1418 1488 1459 effractam
1523 1426 1681 1472 portam

321 1481 464 1521 urbem
488 1481 727 1535 ingreditur.

278 1556 293 1585 1
405 1541 700 1582 XXXXVH.
762 1541 870 1581 Tum
902 1541 1067 1581 demum
1097 1540 1237 1581 hostes
1275 1541 1440 1581 excitati
1472 1547 1566 1581 sunt
1600 1542 1680 1582 iam

276 1616 293 1645 2
321 1610 360 1644 ct
385 1603 514 1644 imbre
540 1603 855 1656 conquiescente
882 1610 921 1643 et
945 1603 1176 1657 propinqua
1200 1601 1304 1642 luce.
1364 1603 1616 1656 praesidium
1640 1604 1682 1644 in

319 1664 419 1705 urbe
446 1671 529 1705 erat
554 1664 802 1705 Hannibalis
829 1665 1009 1717 quinque
1040 1664 1152 1704 milia
1182 1663 1311 1704 ferme
1337 1671 1603 1714 armatorum,
1643 1673 1683 1706 et

318 1726 397 1780 ipsi
432 1726 581 1780 Arpini
619 1727 695 1767 tria
725 1727 836 1767 milia
872 1726 1087 1767 hominum
1124 1725 1348 1767 armabant.
1421 1741 1491 1767 eos
1527 1728 1680 1781 primos

318 1787 466 1837 Poeni,
494 1803 543 1829 ne
570 1789 668 1842 quid
694 1788 745 1829 ab
771 1795 886 1843 tergo
912 1788 1070 1829 fraudis
1096 1795 1223 1837 esset,
1256 1788 1364 1829 hosti
1390 1797 1679 1843 opposuerunt.

274 1863 292 1891 3
317 1858 547 1905 pugnatum
583 1851 714 1905 primo
749 1851 788 1891 in
822 1850 999 1892 tenebris
1033 1850 1303 1905 angustisque
1339 1850 1416 1891 viis
1454 1858 1527 1892 est.
1588 1865 1681 1891 curn

317 1912 495 1953 Romani
519 1927 602 1953 non
627 1913 714 1953 vias
741 1919 917 1962 tantum,
945 1919 1006 1954 set
1030 1919 1137 1953 tecta
1162 1912 1283 1952 etiam
1309 1912 1498 1966 proxima
1521 1919 1681 1967 portam

273 1987 293 2014 4
318 1981 605 2028 occupassent,
632 1989 682 2014 nc
707 1975 791 2028 peti
817 1989 993 2029 superne
1020 1988 1067 2015 ac
1091 1973 1294 2014 volnerari
1318 1980 1501 2027 possent,
1528 1974 1681 2028 cogniti

317 2036 421 2076 inter
457 2051 499 2077 se
536 2037 704 2089 quidam
739 2035 972 2091 Arpinique
1009 2043 1048 2077 et
1082 2036 1260 2077 Romani
1296 2042 1418 2088 atque
1454 2036 1548 2076 inde
1585 2050 1681 2077 con-

317 2096 455 2150 loquia
487 2105 633 2152 coepta
668 2098 774 2147 fieri,
817 2097 1180 2153 percunctantibus
1205 2097 1423 2146 Romanis,
1466 2097 1565 2150 quid
1603 2097 1681 2138 sibi

274 2171 292 2199 5
317 2159 468 2199 vellent
497 2159 665 2213 Arpini,
704 2174 829 2213 quam
860 2160 912 2201 ob
949 2175 1099 2201 noxam
1130 2160 1412 2200 Romanorum
1470 2159 1579 2212 quod
1610 2167 1680 2200 aut

316 2221 506 2261 meritum
531 2221 765 2262 Poenorum
791 2237 864 2276 pro
891 2222 1131 2276 alienigenis
1163 2236 1210 2262 ac
1240 2221 1426 2262 barbaris
1452 2221 1586 2261 Italici
1611 2221 1681 2261 ad-

317 2298 460 2324 versus
485 2290 643 2325 veteres
677 2284 810 2325 socios
840 2284 1051 2325 Romanos
1083 2283 1237 2325 bellum
1269 2291 1457 2338 gererent
1488 2290 1527 2324 et
1558 2284 1681 2324 veeti-

273 2357 291 2385 6
317 2344 452 2398 galem
477 2359 524 2385 ac
551 2345 858 2399 stipendiariam
883 2346 1046 2387 Italiam
1071 2345 1241 2386 Africae
1273 2345 1472 2386 facerent:
1510 2344 1680 2399 Arpinis

316 2406 586 2461 purgantibus
609 2407 772 2461 ignaros
799 2408 983 2448 onmium
1010 2422 1053 2449 se
1078 2422 1230 2448 venum
1249 2422 1272 2447 a
1290 2406 1541 2461 principibus
1564 2407 1679 2447 datos

275 2479 290 2507 7
317 2466 477 2517 Poeno,
516 2476 656 2523 captos
694 2484 997 2523 oppressosque
1034 2485 1057 2510 a
1093 2469 1235 2524 paucis
1268 2483 1370 2509 esse.
1442 2469 1557 2509 initio
1593 2475 1680 2509 orto

317 2528 454 2582 plures
481 2544 575 2570 cum
599 2530 787 2585 pluribus
819 2531 1030 2584 conloqui3
1068 2538 1277 2586 postremo
1307 2538 1471 2585 praetor
1494 2529 1678 2584 Arpinus

317 2590 367 2631 ab
401 2591 484 2631 suis
516 2592 567 2632 ad
600 2593 809 2633 consulem
841 2593 1061 2642 deductus,
1105 2593 1266 2646 fideque
1303 2593 1400 2632 data
1428 2592 1533 2632 inter
1563 2591 1679 2644 signa

319 2651 508 2705 aciesque
534 2653 685 2707 Arpini
709 2661 876 2708 repente
907 2670 980 2709 pro
1006 2655 1205 2696 Romanis
1238 2655 1435 2695 adversus
1463 2650 1678 2704 Carthagi-

274 2722 292 2751 8
318 2711 501 2753 niensem
538 2729 651 2754 arma
681 2722 899 2756 verterunt.
960 2716 1139 2769 Hispani
1170 2729 1351 2767 quoque,
1388 2713 1510 2767 paulo
1541 2712 1676 2752 minus

281 509 298 538 0:
