1815 3184
490 241 641 276 LIBER
664 242 810 285 XXVI,
836 242 889 275 36.
910 242 964 276 37.
993 244 1041 285 [a.
1057 240 1095 276 0.
1108 242 1190 285 210]
1439 231 1521 273 305

170 345 258 386 auri
288 345 535 398 relinquant,
573 345 746 400 argenti,
784 345 853 398 qui
884 345 1014 386 curuli
1045 344 1145 386 sella
1175 344 1384 393 sederunt,
1429 344 1522 397 equi
1549 358 1567 387 6

170 413 407 447 ornamenta
433 414 472 446 et
502 405 626 447 libras
658 406 816 460 pondo,
854 413 898 446 ut
929 406 1104 447 salinum
1127 406 1402 460 patellamque
1427 406 1524 447 deo-

169 484 261 509 rum
286 484 409 509 causa
434 468 584 509 habere
608 469 784 522 possint,
811 468 936 508 ceteri
961 475 1168 509 senatores
1194 468 1340 509 libram
1365 468 1523 522 argenti

171 537 348 579 tantum3
375 530 479 570 aeris
506 530 656 584 signati
681 530 806 582 quina
830 530 942 570 milia
965 530 1007 569 111
1033 530 1217 584 singulos
1242 536 1379 584 patres
1404 529 1523 570 fami-
1550 543 1566 571 7

170 591 248 632 liae
278 591 574 644 relinquamus:
618 598 796 632 ceterum
829 606 948 631 omne
980 606 1142 640 aurum,
1181 598 1415 646 argentum,
1453 606 1522 632 aes
1549 605 1568 634 8

172 654 379 707 signatum
416 654 468 693 ad
504 653 735 694 triumviros
778 654 1004 694 mensarios
1047 654 1252 708 extemplo
1289 653 1522 694 deferamus

170 715 282 755 nullo
319 722 411 755 ante
444 722 609 755 senatus
641 715 826 756 consulto
857 715 983 764 facto,
1021 722 1066 755 ut
1095 716 1323 756 voluntaria
1349 715 1524 756 conlatio

171 784 210 816 et
236 783 441 817 certamen
465 777 721 817 adiuvandae
750 777 809 817 rei
838 776 1027 830 publicae
1060 777 1209 817 excitet
1239 777 1292 817 ad
1316 777 1525 818 aemulan-

170 839 269 877 dum
312 838 469 878 animos
516 838 693 892 primum
741 838 940 891 equestris
982 839 1159 887 ordinis,
1209 839 1304 879 dein
1343 839 1523 892 reliquae

169 899 315 953 plebis.
375 899 480 939 113110
510 914 633 939 unam
663 899 772 939 viam
803 899 931 940 multa
961 900 1065 940 inter
1094 915 1168 941 nos
1202 900 1404 941 conlocuti
1429 915 1525 941 con-
1551 913 1567 943 9

172 962 281 1003 53105
317 962 560 1002 invenimus.
620 962 881 1016 ingredimini
917 962 979 1002 dis
1017 961 1120 1002 bene
1150 961 1398 1002 iuvantibus.
1459 977 1523 1003 res

169 1023 335 1077 publica
369 1023 584 1063 incolumis
622 1030 661 1063 et
695 1023 875 1076 privatas
906 1037 971 1063 res
1008 1023 1127 1063 facile
1158 1023 1293 1063 salvas
1325 1031 1523 1077 praestat3

170 1084 334 1138 publiea
363 1084 572 1137 prodendo
604 1090 673 1124 tua
704 1084 953 1136 nequiquam
986 1084 1154 1124 serves!
1212 1084 1254 1124 in
1284 1084 1386 1125 11300
1412 1092 1524 1126 131110
1554 1098 1591 1127 10

169 1145 305 1186 animo
331 1159 579 1186 eonsensum
604 1151 683 1194 051,
711 1152 755 1185 31
779 1145 935 1199 gratiae
961 1145 1064 1186 ultro
1090 1145 1327 1187 consulibus
1354 1162 1525 1201 ageren-

168 1215 244 1247 tur.
306 1214 450 1247 senatu
474 1207 567 1247 inde
592 1207 719 1247 misso
744 1221 816 1261 pro
843 1221 886 1248 se
912 1208 1086 1260 quisque
1111 1222 1274 1256 aurum,
1307 1217 1522 1262 argentum
1555 1222 1588 1251 11

168 1275 208 1309 et
233 1283 302 1309 aes
327 1269 370 1308 13
393 1268 604 1323 publicum
637 1268 850 1309 conferunt
882 1275 994 1309 tanto
1026 1269 1246 1310 certamine
1276 1270 1443 1319 iniecto,
1482 1277 1526 1310 ut

167 1330 299 1384 prima
323 1330 427 1370 inter
450 1330 604 1384 primos
630 1330 797 1370 nomina
828 1345 902 1371 sua
927 1331 1077 1371 vellent
1106 1331 1148 1371 in
1172 1330 1347 1385 publicis
1374 1331 1524 1373 tabulis

169 1407 278 1440 esse,
316 1399 361 1432 31
390 1407 466 1433 nec
503 1392 701 1432 triumviri
738 1393 979 1447 accipiundo
1009 1407 1086 1434 300
1118 1393 1275 1434 scribae
1305 1394 1525 1435 referundo

170 1453 416 1494 sufficerent.
476 1453 585 1494 hunc
621 1469 868 1495 consensum
906 1461 1070 1495 senatus
1109 1461 1298 1508 equester
1327 1456 1426 1496 ordo
1463 1463 1526 1497 est
1554 1467 1592 1497 12

170 1522 354 1563 5003135,
399 1516 597 1568 0(13051115
634 1517 786 1557 ordinis
823 1517 953 1571 plebs.
1025 1517 1082 1557 ita
1118 1518 1206 1558 sine
1243 1518 1392 1566 edicto,
1437 1519 1524 1559 sine

169 1577 412 1618 coercitione
438 1577 702 1631 magistratus
728 1593 803 1618 nec
833 1579 988 1633 remige
1018 1579 1060 1618 in
1091 1579 1422 1632 supplementum
1447 1594 1523 1620 nee

170 1638 372 1692 stipendio
397 1653 461 1679 res
487 1638 651 1692 publica
676 1640 804 1693 eguit,
830 1640 1066 1692 paratisque
1090 1640 1280 1681 omnibus
1300 1641 1352 1681 ad
1371 1640 1524 1682 bellum

170 1700 359 1739 00353105
385 1700 426 1739 111
451 1700 681 1752 provincias
707 1700 881 1753 profecti
907 1707 1013 1741 sunt.
1044 1696 1054 1706 ⁸

254 1760 500 1801 XXXVII.
549 1760 692 1813 Neque
718 1761 828 1801 aliud
853 1762 985 1816 magis
1011 1768 1174 1816 tempus
1199 1762 1295 1803 belli
1319 1762 1414 1812 fuit,
1442 1778 1523 1816 quo
1551 1779 1566 1807 1

171 1822 536 1877 Carthaginienses
579 1823 837 1876 Romanique
879 1824 1031 1877 pariter
1071 1825 1194 1865 variis
1237 1825 1400 1866 casibus
1448 1826 1524 1865 1111-

169 1883 308 1924 mixtis
341 1884 472 1938 magis
504 1884 545 1923 in
576 1884 741 1938 ancipiti
773 1899 845 1938 spe
877 1899 923 1925 30
953 1892 1065 1925 111013
1095 1885 1258 1927 fuerint.
1319 1902 1414 1927 nam
1439 1887 1524 1928 Ro·
1550 1901 1568 1929 2

169 1945 301 1985 manis
339 1952 378 1986 et
413 1945 455 1985 in
491 1946 730 1999 provinciis,
767 1945 862 1986 hinc
898 1946 940 1986 in
970 1946 1175 2001 Hispania
1211 1949 1407 1989 adversae
1445 1963 1523 1998 105,

170 2006 265 2047 111110
294 2021 514 2060 prosperae
546 2007 588 2046 in
615 2006 756 2048 Sicilia
785 2007 940 2048 luctum
972 2014 1011 2048 et
1034 2008 1229 2049 laetitiam
1255 2010 1523 2060 1niscuerant3

171 2075 210 2108 et
235 2069 276 2108 in
300 2069 420 2109 Italia
445 2084 539 2109 cum
553 2069 778 2110 Tarentum
804 2070 1001 2110 amissum
1027 2071 1176 2111 damno
1202 2077 1242 2111 et
1267 2071 1408 2119 dolori,
1436 2080 1523 2112 tum
1550 2086 1568 2115 3

173 2144 245 2169 arx
276 2143 368 2169 cum
397 2131 601 2184 praesidio
636 2137 793 2172 retenta
822 2142 982 2185 praeter
1013 2147 1128 2186 spem
1159 2133 1310 2187 gaudio
1341 2134 1436 2183 suit;
1485 2140 1525 2175 01
1550 2147 1570 2176 4

173 2198 367 2230 1011010111
398 2191 579 2232 subitum
614 2207 890 2246 pavoremque
927 2193 1038 2234 urbis
1069 2193 1227 2234 Romae
1259 2193 1454 2235 obsessae
1485 2202 1525 2236 et

172 2258 433 2306 oppugnatae
472 2252 617 2307 Capua
652 2261 746 2308 post
782 2255 869 2295 dies
907 2269 1060 2309 paucos
1098 2262 1216 2310 capta
1251 2256 1293 2296 in
1327 2256 1524 2298 laetitiam

171 2315 302 2354 vertit.
353 2315 647 2356 transmarinae
683 2330 846 2369 quoque
882 2331 946 2357 res
983 2317 1161 2369 quadam
1191 2317 1279 2358 vice
1310 2326 1522 2372 pensatae:
1550 2333 1569 2362 5

171 2375 387 2429 Philippus
431 2376 560 2416 hostis
603 2383 783 2430 tempore
820 2377 930 2418 haud
972 2379 1069 2419 satis
1112 2386 1340 2433 opportuno
1377 2380 1523 2430 factus,

175 2436 310 2477 Aetoli
336 2438 431 2477 novi
456 2438 600 2478 adsciti
626 2439 744 2488 socii,
781 2438 1030 2493 Attalusque
1055 2439 1185 2481 Asiae
1211 2456 1282 2482 rex
1307 2441 1389 2482 iam
1415 2443 1526 2483 velut

171 2499 450 2552 despondente
475 2500 640 2540 fortuna
657 2500 856 2542 Romanis
881 2502 1099 2556 imperium
1123 2503 1301 2544 orientis.
1352 2502 1525 2545 Cartha·
1551 2518 1569 2548 6

171 2560 378 2614 ginienses
409 2576 572 2614 quoque
605 2561 775 2616 Capuae
806 2564 982 2604 amissae
1008 2563 1232 2604 Tarentum
1264 2572 1428 2620 captum
1458 2581 1529 2610 30-,

171 2621 370 2674 quabant,
398 2630 436 2663 et
461 2630 505 2663 31
529 2624 581 2664 3(1
606 2624 767 2665 moenia
792 2624 903 2666 urbis
923 2625 1135 2666 Romanae
1154 2626 1265 2667 nullo
1284 2627 1523 2681 prohibente

171 2697 215 2724 50
239 2684 476 2737 pervenisse
500 2685 542 2725 in
566 2685 697 2740 gloria
720 2686 943 2740 ponebant,
970 2687 1025 2728 ita
1049 2687 1217 2742 pigebat
1240 2688 1350 2730 inriti
1373 2689 1524 2744 incepti

240 2750 302 2777 Livi
322 2750 374 2777 rol.
388 2749 424 2777 11.
1255 2753 1299 2788 20
