1815 3184
437 227 588 262 LIBER
611 227 794 272 XXVIII,
820 227 872 261 10.
894 227 947 261 11.
976 229 1024 271 [a.
1040 227 1262 271 e.207.206]
1439 217 1521 260 395

179 338 419 388 propraetor
443 357 476 361 -—
500 346 572 372 eae
596 330 716 371 binae
740 330 925 386 legiones
951 338 1066 372 erant
1083 355 1116 360 —-
1139 330 1381 372 habuissent
1406 345 1522 371 exer-

181 395 324 443 citum3
361 393 404 433 in
433 392 601 434 Etruria
631 393 732 433 duas
764 393 958 434 volonum
987 393 1172 448 legiones
1203 409 1227 433 a
1252 392 1302 434 C.
1327 392 1520 434 Terentio

179 463 442 511 propraetore
466 455 528 496 M.
559 454 706 495 Livius
731 455 970 509 proconsul,
1007 455 1072 495 cui
1094 463 1361 510 prorogatum
1385 455 1427 495 in
1451 470 1523 495 an-

180 534 280 559 num
303 518 519 573 imperium
539 524 642 566 erat,
669 517 884 572 acciperet.
921 525 962 558 et
976 517 1028 570 Q.
1042 518 1251 567 Mamilio,
1275 525 1321 558 ut
1340 518 1521 572 collegae

180 579 278 621 iuris
305 580 479 621 dictione
505 579 653 619 tradita
668 578 848 620 Galliam
868 594 960 620 cum
980 580 1179 630 exercitu,
1205 579 1521 620 cuiL.Porcius

179 649 342 697 praetor
376 641 629 697 praefuerat,
672 641 892 690 obtineret,
936 642 1146 683 decretum
1181 650 1261 692 est,
1303 643 1522 695 iussusque

180 704 368 759 populari
399 718 520 758 agros
548 702 780 752 Gallorum,
818 703 888 756 qui
918 704 970 744 ad
992 704 1159 745 Poenos
1192 705 1269 745 sub
1300 704 1522 744 adventum

179 766 457 806 Hasdrubalis
495 765 756 806 defecissent.
818 765 867 806 C.
895 765 1070 808 Servilio
1107 781 1200 807 cum
1231 766 1521 808 Cannensibus

180 829 338 869 duabus
374 828 624 883 legionibus,
663 828 768 868 sicut
805 826 854 869 C.
889 828 1102 870 Mamilius
1139 837 1343 878 tenuerat,
1381 828 1523 869 Sicilia

180 891 332 931 tuenda
357 891 464 931 data.
524 905 575 931 ex
601 889 792 931 Sardinia
817 898 933 931 vetus
960 891 1182 941 exercitus,
1207 892 1273 932 cui
1295 893 1350 932 A.
1376 891 1521 932 Hosti-

179 952 257 992 lius
283 953 534 1007 praefuerat,
572 952 809 1006 deportatus
819 968 830 1001 3
866 967 1018 992 novam
1047 953 1271 1007 legionem,
1309 968 1433 1006 quam
1456 953 1521 993 Ti.

180 1012 380 1054 Claudius
418 1014 606 1054 traiceret
642 1027 799 1061 secum,
837 1014 1026 1054 consules
1064 1015 1407 1069 conscripserunt.
1468 1014 1520 1066 Q.

179 1074 375 1123 Claudio,
411 1082 455 1114 ut
480 1075 725 1123 Tarentum,
759 1074 808 1116 C.
834 1075 1016 1116 Hostilio
1043 1076 1226 1125 Tubulo,
1263 1083 1308 1116 ut
1334 1075 1523 1130 Capuam

176 1136 430 1191 provinciam
454 1136 621 1176 haberet
630 1168 640 1185 ,
672 1144 938 1191 prorogatum
962 1137 1004 1177 in
1029 1153 1181 1178 annum
1204 1138 1420 1192 imperium
1446 1145 1520 1178 est.

175 1198 238 1238 M.
263 1198 454 1240 Valerius
480 1199 718 1253 proconsul,
756 1199 826 1252 qui
851 1199 1027 1240 tuendae
1059 1199 1167 1240 circa
1192 1199 1377 1240 Siciliam
1400 1200 1522 1240 mari-

177 1266 312 1301 tumae
337 1275 431 1301 orae
456 1261 708 1315 praefuerat,
735 1261 902 1315 triginta
925 1262 1099 1303 navibus
1127 1261 1177 1303 C.
1205 1261 1380 1304 Servilio
1404 1277 1523 1317 prae-

177 1322 272 1363 bitis
299 1336 392 1363 cum
417 1331 552 1363 cetera
576 1323 687 1363 omni
713 1323 845 1363 classe
869 1323 1003 1364 redire
1029 1324 1081 1364 ad
1104 1325 1249 1365 urbem
1272 1324 1425 1365 iussus.

260 1384 343 1425 XI.
402 1385 453 1425 In
483 1384 646 1425 civitate
677 1392 789 1425 tanto
815 1385 1049 1426 discrimine
1078 1386 1175 1426 belli
1201 1386 1392 1436 sollicita,
1430 1401 1522 1427 cum

178 1446 360 1487 omnium
385 1447 658 1487 secundorum
689 1447 1037 1500 adversorumque
1063 1462 1209 1489 causas
1240 1448 1283 1489 in
1308 1447 1406 1490 deos
1432 1464 1523 1490 ver-

178 1515 327 1557 terent,
374 1508 503 1548 multa
537 1508 727 1563 prodigia
761 1509 1077 1550 nuntiabantur:
1125 1510 1374 1552 Tarracinae
1408 1511 1520 1552 Iovis

179 1569 340 1619 aedem,
379 1568 528 1610 Satrici
556 1570 706 1611 Matris
737 1570 926 1612 Matutae
958 1571 1008 1612 de
1041 1572 1154 1613 caelo
1184 1580 1352 1622 tactam3
1392 1571 1522 1613 Satri-

179 1645 304 1672 canos
343 1631 453 1672 haud
487 1632 621 1673 minus
653 1634 860 1673 terrebant
889 1633 932 1673 in
963 1634 1107 1674 aedem
1135 1635 1249 1675 Iovis
1286 1635 1444 1675 foribus
1479 1634 1521 1675 in

178 1693 278 1747 ipsis
305 1693 385 1734 duo
403 1694 584 1749 perlapsi
603 1710 778 1749 angues3
806 1695 858 1735 ab
871 1695 1000 1736 Antio
1018 1696 1251 1736 nuntiatum
1271 1704 1352 1745 est,
1379 1711 1522 1738 cruen—

178 1764 241 1796 tas
268 1755 402 1810 spicas
427 1756 675 1796 metentibus
702 1756 812 1797 visas
839 1771 929 1797 esse
938 1774 949 1806 3
983 1756 1115 1798 Caere
1139 1773 1288 1812 porcus
1314 1758 1454 1815 biceps
1481 1766 1521 1799 et

179 1832 310 1872 agnus
347 1833 435 1859 mas
471 1818 661 1871 idemque
698 1818 851 1859 femina
886 1826 1006 1859 natus
1045 1828 1148 1869 erat3
1198 1828 1239 1861 et
1266 1821 1402 1862 Albae
1439 1821 1520 1862 duo

179 1879 286 1920 soles
324 1880 434 1921 visos
472 1881 659 1921 ferebant
694 1888 734 1921 et
768 1889 887 1922 nocte
910 1882 1114 1936 Fregellis
1150 1882 1284 1924 lucem
1320 1884 1519 1925 obortam.

178 1950 219 1982 et
252 1942 328 1983 bos
364 1942 406 1983 in
443 1958 541 1997 agro
578 1943 767 1984 Romano
804 1943 964 1984 locutus
1001 1952 1042 1984 et
1077 1960 1147 1985 ara
1174 1945 1356 2000 Neptuni
1391 1946 1519 1987 multo

178 2020 368 2047 manasse
406 2007 554 2047 sudore
591 2007 633 2047 in
663 2006 769 2047 circo
794 2007 997 2048 Flaminio
1030 2007 1287 2057 dicebantur,
1325 2016 1365 2050 et
1395 2010 1518 2050 aedes

180 2065 363 2116 Cereris,
398 2067 570 2117 Salutis,
603 2068 765 2120 Quirini
790 2068 840 2109 de
865 2068 978 2110 caelo
1004 2077 1148 2111 tactae.
1208 2071 1398 2125 prodigia
1424 2086 1520 2113 con-

181 2127 290 2169 sules
322 2129 452 2170 hostis
482 2130 703 2171 maioribus
735 2144 954 2185 procurare
984 2131 1087 2172 iussi
1116 2139 1156 2173 et
1181 2133 1522 2187 supplicationem

179 2204 305 2230 unum
332 2191 440 2232 diem
464 2192 628 2233 habere.
688 2207 736 2234 ea
761 2208 811 2233 ex
837 2200 1003 2234 senatus
1029 2194 1215 2235 consulto
1245 2196 1366 2236 facta.
1427 2196 1519 2250 plus

179 2252 368 2293 omnibus
406 2260 475 2293 aut
509 2254 704 2295 nuntiatis
740 2269 912 2310 peregre
948 2262 1019 2296 aut
1047 2256 1147 2296 visis
1179 2256 1289 2297 domi
1320 2258 1518 2312 prodigiis

179 2314 321 2355 terruit
350 2315 507 2357 animos
533 2317 744 2357 hominum
775 2317 882 2371 ignis
911 2317 954 2358 in
985 2318 1085 2359 aede
1116 2319 1271 2361 Vestae
1302 2319 1519 2370 extinctus,

180 2390 381 2430 caesaque
416 2378 545 2433 flagro
583 2387 646 2420 est
669 2380 871 2429 Vestalis,
909 2380 1023 2421 cuius
1054 2381 1241 2422 custodia
1271 2381 1358 2422 eius
1388 2383 1519 2423 noctis

179 2438 329 2488 fuerat,
365 2438 481 2480 iussu
515 2440 564 2481 P.
595 2440 732 2481 Licini
767 2442 997 2495 pontuficis.
1055 2443 1098 2483 id
1136 2457 1384 2497 quamquam
1418 2444 1519 2485 nihil

178 2502 515 2555 portendentibus
553 2503 639 2544 deis
677 2513 857 2545 ceterum
892 2505 1154 2560 neglegentia
1194 2507 1374 2548 humana
1415 2507 1520 2548 acci-

179 2563 311 2613 derat,
348 2572 486 2605 tamen
518 2572 558 2606 et
587 2565 716 2607 hostis
748 2566 968 2608 maioribus
999 2569 1208 2623 procruari
1239 2576 1279 2610 et
1315 2570 1520 2625 supplica-

179 2625 330 2666 tionem
355 2627 407 2667 ad
430 2628 586 2669 Vestae
611 2628 754 2669 haberi
777 2629 942 2683 placuit.

1548 406 1585 435 11

1549 778 1588 808 13

1548 903 1589 932 14

1551 1028 1589 1056 15

1550 1213 1588 1243 16

258 2687 506 2743 Priusquam
524 2690 879 2746 proficiscerentur
897 2693 1086 2735 eonsules
1107 2693 1160 2735 ad
1178 2693 1349 2743 bellum,
1374 2694 1518 2736 moniti
1541 2707 1561 2738 8
