1815 3184
263 894 278 921 ιΙ

262 1634 279 1662 ῐῦ

305 215 359 255 38
622 219 774 254 LIBER
799 218 910 261 xxl,
936 219 991 251 45.
1011 219 1066 251 46.
1095 219 1144 260 [a.
1158 228 1193 251 u.
1209 228 1239 251 e.
1253 217 1334 260 536]

305 325 405 365 nihil
430 337 625 375 umquam
652 321 750 362 satis
777 320 930 360 (lictum
955 319 1337 373 praemonitumque
1363 319 1415 359 ad
1441 320 1654 360 cohortan-

305 387 380 426 ‹los
423 385 571 425 milites
607 390 739 430 ratus,
785 382 941 434 vocatis
978 381 1030 421 ad
1067 381 1295 421 contionem
1332 388 1441 421 certa
1476 382 1655 435 praemia

304 446 556 502 pronuntiat,
594 444 636 483 in
661 458 834 496 quorum
861 457 975 496 spem
1002 448 1249 496 pugnarent:
1287 457 1431 497 agrum
1465 457 1555 483 sese
1586 443 1657 493 (la-

304 518 439 549 turum
466 522 556 548 esse
582 507 623 546 in
649 506 785 554 Italia,
811 505 977 553 Africa,
1004 505 1227 558 Hispania,
1253 504 1322 545 ubi
1349 505 1521 558 quisque
1546 505 1655 553 velit,

304 571 512 611 inmunem
549 568 627 622 ipsi
664 567 733 620 qui
775 567 1001 621 accepisset
1043 566 1281 619 liberisque3
1330 567 1399 619 qui
1441 567 1657 621 pecuniam

305 647 427 685 quam
454 645 599 685 agrum
624 629 854 677 maluisset,
887 629 924 668 ei
950 643 993 669 se
1025 635 1194 682 argento
1225 628 1551 677 satisfacturum3
1588 628 1657 680 qui

305 693 509 733 sociorum
545 692 654 731 cives
689 690 1052 745 Carthaginienses
1089 689 1176 730 fieri
1207 689 1375 737 vellent,
1413 698 1657 743 potestatem

304 755 508 795 facturum
518 769 528 802 3
561 753 630 806 qui
655 752 799 792 domos
825 752 955 792 redire
982 751 1165 800 mallent,
1193 751 1383 791 daturum
1410 765 1453 792 se
1479 765 1657 804 operam,

305 831 356 857 ne
398 816 514 856 cuius
553 829 720 855 suorum
756 814 1014 868 popularium
1051 821 1249 854 mutatam
1282 827 1421 853 secum
1451 812 1658 853 fortunam

306 892 396 919 esse
416 877 578 917 vellent.
623 876 751 916 servis
777 890 940 929 quoquc
967 875 1153 915 dominos
1179 875 1405 929 prosecutis
1431 874 1658 914 libertatem

306 939 512 994 proponit,
540 938 716 991 binaque
736 952 808 991 pro
829 937 891 977 his
912 937 1115 991 mancipia
1135 936 1309 977 dominis
1331 950 1374 976 se
1393 936 1658 976 redditurum.

306 1016 434 1054 caque
459 1008 502 1040 ut
534 1008 621 1040 rata
654 1000 802 1039 scirent
834 998 940 1047 fore,
979 1013 1131 1053 agnum
1162 998 1279 1038 laeva
1310 1013 1452 1046 manu,
1492 997 1660 1037 dextera

306 1064 460 1104 silicem
499 1062 698 1110 retinens,
737 1062 771 1102 si
802 1061 979 1109 falleret,
1019 1060 1159 1100 Iovem
1197 1067 1434 1112 ceterosque
1469 1066 1658 1112 precatus

306 1125 423 1173 deos,
467 1124 522 1164 ita
559 1138 602 1164 se
638 1131 881 1171 mactarent,
925 1137 1047 1175 quem
1084 1121 1136 1161 ad
1172 1121 1340 1161 modum
1375 1121 1463 1174 ipse
1506 1135 1658 1174 agnum

306 1192 545 1233 mactasset,
573 1185 649 1239 (et)
671 1184 895 1225 secundum
915 1183 1189 1238 precationem
1217 1189 1337 1236 caput
1362 1182 1531 1236 pecudis
1559 1196 1658 1222 saxo

307 1248 425 1288 elisit.
475 1255 560 1286 tum
597 1261 694 1286 vero
731 1261 891 1294 omnes,
934 1245 1045 1285 velut
1081 1245 1158 1284 diis
1196 1243 1429 1284 auctoribus
1466 1243 1507 1283 in
1544 1258 1657 1297 spem

307 1324 423 1349 suam
451 1308 625 1361 quisque
651 1307 849 1361 acceptis,
876 1307 916 1346 id
942 1320 1078 1345 morae
1099 1305 1209 1358 quod
1229 1306 1409 1345 nondum
1429 1312 1660 1359 pugnarent

307 1371 359 1410 ad
377 1369 569 1424 potienda
591 1376 753 1423 sperata
777 1369 870 1416 rati,
897 1367 1095 1422 proelium
1122 1382 1203 1407 uno
1229 1367 1364 1407 animo
1390 1373 1429 1406 et
1454 1380 1554 1406 voce
1578 1381 1661 1405 una

306 1438 492 1486 poscunt.

391 1492 660 1533 XXXXVI.
721 1491 836 1545 Aput
862 1491 1072 1531 Romanos
1104 1490 1411 1543 hautquaquam
1443 1496 1553 1529 tanta
1578 1488 1661 1528 ala-

306 1555 427 1595 critas
460 1562 563 1602 erat,
603 1568 725 1608 super
757 1560 891 1593 cetera
922 1551 1153 1592 recentibus
1187 1551 1307 1591 etiam
1341 1550 1500 1591 territos
1525 1550 1662 1604 prodi-

306 1616 404 1670 giis:
431 1631 526 1656 nam
547 1624 586 1657 et
605 1616 726 1669 lupus
746 1615 967 1655 intraverat
987 1620 1119 1654 castra
1145 1612 1387 1665 laniatisque
1413 1611 1544 1652 obviis
1571 1611 1659 1666 ipse

306 1678 482 1718 intactus
515 1685 719 1724 evaserat,
758 1684 796 1717 et
833 1690 1004 1716 examen
1041 1690 1164 1729 apum
1202 1675 1242 1714 in
1280 1674 1423 1715 arbore
1459 1673 1661 1728 praetorio

307 1741 544 1780 imminente
570 1740 823 1780 consederat.

393 1801 556 1853 Quibus
588 1801 813 1854 procuratis
843 1799 982 1853 Scipio
1015 1813 1107 1839 cum
1139 1798 1321 1851 equitatu
1352 1796 1662 1837 iaculatoribus-

307 1878 385 1916 que
417 1863 617 1917 cxpeditis
650 1862 857 1916 profectus
890 1861 942 1901 ad
974 1870 1107 1902 castra
1139 1860 1318 1899 hostium
1350 1873 1400 1899 ex
1431 1858 1661 1912 propinquo

307 1925 546 1978 copiasque,
579 1937 754 1977 quantae
787 1931 825 1964 et
858 1924 973 1963 cuius
999 1922 1160 1977 generis
1189 1928 1342 1968 essent,
1376 1919 1660 1974 speculandas,

307 1987 452 2027 obvius
485 1987 528 2026 fit
554 1986 781 2026 Hannibali
813 1993 851 2025 et
881 1985 959 2039 ipsi
985 1999 1077 2024 cum
1104 1982 1308 2036 equitibus
1335 1982 1387 2022 ad
1413 1981 1662 2035 exploranda

308 2050 415 2090 circa
439 2050 524 2090 loca
552 2064 784 2103 progresso.
822 2048 953 2088 neutri
974 2047 1121 2087 alteros
1142 2046 1272 2100 primo
1299 2043 1538 2092 cernebant,
1565 2044 1663 2083 den-

309 2114 390 2153 sior
414 2113 560 2153 deinde
585 2112 749 2152 incessu
775 2119 831 2151 tot
864 2111 1094 2155 hominum,
1133 2123 1331 2162 equorum
1363 2106 1496 2147 oriens
1526 2106 1661 2160 pulvis

309 2176 472 2229 signum
498 2174 858 2229 propinquantium
883 2172 1061 2213 hostium
1089 2171 1178 2211 fuit.
1234 2169 1419 2209 consistit
1445 2176 1662 2220 utrumque

309 2252 457 2291 agmen
488 2243 526 2276 et
559 2236 608 2276 ad
639 2235 839 2290 proelium
873 2249 963 2275 sese
995 2231 1279 2287 expediebant.
1342 2229 1481 2284 Scipio
1511 2229 1663 2270 iacula-

308 2306 415 2339 tores
437 2309 475 2338 et
491 2296 633 2338 Gallos
655 2297 812 2350 equites
832 2297 872 2336 in
894 2296 1026 2336 fronte
1052 2295 1177 2342 locat,
1203 2293 1414 2333 Romanos
1442 2291 1663 2332 sociorum-

308 2376 386 2414 que
429 2360 538 2412 quod
579 2358 736 2399 roboris
780 2358 855 2398 suit
899 2358 939 2397 in
976 2356 1190 2404 subsidiis;
1234 2353 1445 2394 Hannibal
1481 2352 1662 2392 frenatos

309 2423 465 2475 equites
497 2422 537 2462 in
569 2421 748 2461 medium
780 2420 946 2474 accipit,
984 2433 1136 2459 cornua
1159 2416 1347 2457 Numidis
1374 2416 1520 2455 firmat.
1574 2414 1664 2453 vix-

310 2485 408 2524 dum
440 2484 616 2525 clalnore
649 2483 810 2523 sublato
841 2481 1084 2522 iaculatores
1118 2479 1311 2533 fugerunt
1336 2478 1440 2518 inter
1465 2476 1660 2517 subsidia.

310 2546 360 2585 ad
387 2546 608 2586 secundam
636 2545 763 2585 aciem
789 2544 882 2584 inde
909 2543 1091 2596 equitum
1119 2549 1322 2582 certamen
1350 2547 1435 2580 erat
1466 2538 1662 2591 aliquam-

311 2608 380 2647 ‹liu
399 2623 561 2662 anceps.
599 2607 711 2655 (lein,
739 2607 835 2660 quia
853 2605 1071 2646 turbabant
1091 2618 1217 2657 equos
1244 2602 1400 2656 pedites
1426 2600 1659 2646 intermixti,

313 2669 446 2709 multis
467 2669 698 2710 labentibus
719 2683 770 2709 ex
790 2668 904 2721 equis
925 2674 993 2708 aut
1014 2665 1294 2706 desilientibus
1315 2663 1384 2704 ubi
1410 2677 1505 2703 suos
1531 2660 1659 2715 premi
