1815 3184
297 261 384 310 322
617 266 770 300 LIBER
793 266 939 310 XXVI,
965 266 1021 300 51.
1049 268 1098 309 [a.
1110 277 1144 300 u.
1160 277 1189 301 c.
1203 266 1285 310 544]

298 371 428 425 spatio
458 370 740 418 decurrerunt3
790 368 969 409 secundo
1006 368 1072 408 die
1107 383 1220 408 arma
1249 382 1389 409 curare
1421 376 1461 410 et
1489 376 1647 425 tergere

295 440 387 473 ante
413 431 585 471 tentoria
609 430 729 479 iussi3
766 430 883 470 tertio
915 430 980 470 die
1010 429 1180 470 rudibus
1211 429 1316 470 inter
1340 445 1383 470 se
1414 430 1456 470 in
1480 431 1648 472 modum

294 494 426 534 iustae
451 506 614 547 pugnae
640 498 929 532 concurrerunt
954 491 1269 545 praepilatisque
1295 491 1519 532 missilibus
1538 492 1649 532 iacu-

294 554 365 594 lati
391 561 504 603 sunt3
546 561 691 606 quarto
717 554 782 594 die
812 553 928 606 quies
960 553 1072 602 data3
1110 554 1250 606 quinto
1281 553 1428 593 iterum
1458 553 1500 593 in
1525 553 1647 593 armis

250 631 268 659 5
296 616 514 655 decursum
550 623 624 655 est.
686 615 796 655 1111110
831 615 1014 656 ordinem
1045 614 1195 655 laboris
1226 615 1474 668 quietisque,
1513 615 1648 667 quoad

251 691 268 720 6
297 676 546 731 Carthagine
572 677 718 717 morati
743 683 854 725 sunt,
883 683 1108 717 servarunt.
1162 677 1380 731 remigium
1405 677 1647 730 classicique

294 739 441 778 milites
479 738 695 791 tranquillo
731 738 772 778 in
807 738 935 778 altum
972 738 1103 778 evecti
1139 738 1364 792 agilitatem
1394 738 1561 778 navium
1592 738 1646 778 si-

253 816 268 843 7
296 800 487 840 mulacris
507 800 663 840 navalis
684 814 846 854 pugnae
868 799 1192 853 experiebantur.
1251 799 1353 840 haee
1373 806 1486 840 extra
1504 799 1648 840 urbem

295 868 401 901 terra
431 862 614 914 marique
645 876 814 915 corpora
845 861 966 901 simul
997 861 1237 914 animosque
1268 861 1320 901 ad
1345 860 1497 902 bellum
1528 875 1648 901 acue-

294 922 410 971 bant3
459 923 556 963 urbs
588 923 678 977 ipsa
709 922 915 976 strepebat
946 931 1145 976 apparatu
1175 922 1270 963 belli
1300 922 1428 963 fabris
1465 922 1648 963 omnium

250 998 269 1027 8
295 999 491 1039 generum
528 985 569 1024 in
604 984 769 1038 publica
805 984 969 1025 officina
1004 984 1185 1025 inclusis.
1261 984 1345 1024 dux
1381 991 1527 1025 cuncta
1560 984 1649 1038 pari

295 1060 391 1086 cura
427 1045 590 1086 obibat:
639 1060 748 1086 nunc
789 1045 980 1099 operibus
1024 1045 1269 1099 aspiciendis
1312 1052 1472 1099 tempus
1511 1045 1646 1094 dabat,

293 1121 403 1147 nunc
439 1121 543 1159 quae
580 1107 622 1146 in
658 1107 765 1147 offis
746 1122 832 1147 1ms
875 1121 1061 1160 quaeque
1096 1107 1138 1146 in
1175 1107 1568 1159 armamentarioque
1600 1121 1647 1147 ac

295 1168 510 1208 navalibus
547 1168 756 1208 sabroium
787 1168 1004 1208 multitudo
1039 1168 1267 1221 pluruma
1257 1183 1300 1207 m
1338 1168 1522 1222 singulos
1559 1168 1645 1207 dies

251 1244 269 1274 9
296 1229 514 1270 certamine
544 1229 700 1283 ingenti
730 1229 918 1269 faciebat.
978 1229 1041 1269 his
1072 1229 1129 1269 ita
1164 1229 1364 1269 incohatis
1400 1229 1646 1281 refectisque

295 1305 376 1343 qua
400 1291 583 1343 quassati
608 1297 720 1330 erant
745 1291 871 1331 muris
893 1290 1184 1344 dispositisque
1203 1291 1417 1344 praesidiis
1438 1291 1490 1331 ad
1511 1298 1647 1331 custo-

295 1351 406 1391 diam
431 1351 542 1392 urbis
570 1351 845 1392 Tarraconem
871 1359 932 1392 est
957 1352 1184 1405 profectus,
1222 1367 1245 1392 a
1269 1351 1407 1392 multis
1433 1352 1647 1406 legationi-

230 1428 270 1458 10
296 1412 372 1453 bus
397 1413 580 1466 protinus
606 1413 648 1452 in
672 1413 738 1453 via
763 1413 916 1460 aditus,
954 1427 1055 1465 quas
1081 1413 1228 1466 partim
1254 1413 1349 1453 dato
1373 1427 1572 1467 responso
1597 1427 1647 1453 ex

294 1475 434 1515 itinere
461 1475 631 1523 dimisit,
669 1475 814 1528 partim
841 1475 997 1514 distulit
1023 1474 1316 1523 Tarraconem,
1348 1488 1430 1527 quo
1456 1474 1649 1515 omnibus

293 1537 410 1577 novis
437 1536 723 1588 veteribusque
755 1536 876 1576 sociis
908 1536 1089 1576 edixerat
1121 1543 1380 1576 conventum.
1441 1543 1481 1577 et
1512 1536 1647 1576 cuncti

293 1598 378 1638 fere
398 1599 467 1650 qui
487 1599 544 1638 cis
559 1598 762 1638 Hiberum
783 1598 963 1638 incolunt
983 1598 1140 1651 populi,
1168 1598 1285 1638 multi
1304 1598 1426 1638 etiam
1445 1598 1646 1639 ulterioris

229 1674 265 1702 11
292 1659 526 1713 provinciae
563 1666 852 1700 convenerunt.
915 1658 1317 1714 Carthaginiensium
1354 1660 1479 1700 duces
1515 1660 1646 1713 primo

295 1735 345 1761 ex
381 1720 583 1761 industria
619 1720 772 1760 famam
810 1727 953 1774 captae
991 1720 1255 1776 Carthaginis
1298 1728 1645 1775 compresserunt3

293 1782 457 1830 deinde,
496 1789 539 1821 ut
570 1782 714 1822 clarior
744 1797 808 1822 res
841 1789 946 1831 erat,
983 1797 1106 1835 quam
1137 1790 1191 1822 ut·
1213 1783 1295 1837 tegi
1326 1797 1373 1823 ac
1398 1782 1647 1823 dissimulari

228 1858 266 1886 12
292 1851 451 1897 posset,
491 1843 706 1883 elevabant
742 1843 896 1884 verbis:
944 1844 1186 1898 necopinato
1223 1845 1402 1885 adventu
1438 1858 1485 1884 ac
1521 1858 1646 1898 prope

292 1905 401 1945 furto
442 1905 562 1944 unius
612 1905 692 1945 diei
738 1905 882 1945 urbem
923 1920 1047 1945 unam
1089 1905 1318 1959 Hispaniae
1365 1905 1644 1959 interceptam,

293 1967 408 2007 euius
433 1967 491 2006 rei
517 1974 599 2007 tam
624 1981 774 2020 parvae
799 1967 980 2021 praemio
1006 1967 1158 2008 elatum
1187 1967 1429 2008 insolentem
1455 1967 1644 2007 iuvenem

292 2028 498 2068 inmodico
534 2029 686 2082 gaudio
731 2029 909 2082 speciem
952 2044 1126 2084 magnae
1163 2030 1355 2069 victoriae
1397 2029 1643 2082 inposuisse.

229 2104 267 2133 13
295 2097 334 2129 at
369 2089 440 2129 ubi
478 2090 805 2144 adpropinquare
842 2098 924 2131 tres
958 2091 1102 2140 duces,
1145 2091 1215 2131 tris
1254 2091 1427 2131 victores
1465 2090 1646 2131 hostium

293 2152 494 2192 exereitus
521 2153 721 2200 audisset,
748 2167 1010 2194 occursuram
1035 2154 1072 2194 ei
1097 2153 1302 2208 extemplo
1327 2153 1644 2194 domesticorum

227 2227 267 2256 14
292 2212 481 2253 funerum
507 2214 757 2254 memoriam.
818 2214 919 2255 haee
943 2215 985 2255 in
1010 2215 1158 2270 vulgus
1183 2215 1407 2264 iactabant,
1434 2214 1645 2268 haudqua-

293 2288 417 2327 quam
451 2275 530 2329 ipsi
567 2276 715 2330 ignari,
753 2283 951 2329 quantum
989 2277 1067 2319 sibi
1103 2278 1155 2319 ad
1191 2278 1329 2319 omnia
1364 2278 1511 2319 virium
1543 2276 1643 2318 Car-

294 2336 458 2390 thagine
484 2337 636 2379 amissa
661 2339 919 2381 decessisset.
