<?xml version="1.0" encoding="UTF-8"?>
<!DOCTYPE html PUBLIC "-//W3C//DTD XHTML 1.0 Transitional//EN"
    "http://www.w3.org/TR/xhtml1/DTD/xhtml1-transitional.dtd">
<html xmlns="http://www.w3.org/1999/xhtml" xml:lang="en" lang="en">
 <head>
  <title>
</title>
<meta http-equiv="Content-Type" content="text/html;charset=utf-8" />
  <meta name='ocr-system' content='tesseract 3.04.00' />
  <meta name='ocr-capabilities' content='ocr_page ocr_carea ocr_par ocr_line ocrx_word'/>
</head>
<body>
  <div class='ocr_page' id='page_1' title='image "./aburbeconditalib02livyuoft_0522.png"; bbox 0 0 1815 3184; ppageno 0'>
   <div class='ocr_carea' id='block_1_1' title="bbox 327 248 1394 298">
    <p class='ocr_par' dir='ltr' id='par_1_1' title="bbox 327 248 1394 298">
     <span class='ocr_line' id='line_1_1' title="bbox 327 248 1394 298; baseline 0 -10"><span class='ocrx_word' id='word_1_1' title='bbox 327 248 410 289; x_wconf 81' lang='lat'>418</span> <span class='ocrx_word' id='word_1_2' title='bbox 604 253 757 288; x_wconf 81' lang='lat' dir='ltr'>LIBER</span> <span class='ocrx_word' id='word_1_3' title='bbox 781 253 968 296; x_wconf 74' lang='lat' dir='ltr'>xxvm,</span> <span class='ocrx_word' id='word_1_4' title='bbox 994 253 1050 288; x_wconf 89' lang='lat'>30.</span> <span class='ocrx_word' id='word_1_5' title='bbox 1070 254 1124 287; x_wconf 81' lang='lat'>31.</span> <span class='ocrx_word' id='word_1_6' title='bbox 1154 256 1252 296; x_wconf 81' lang='lat' dir='ltr'>[a.u.</span> <span class='ocrx_word' id='word_1_7' title='bbox 1268 255 1394 298; x_wconf 77' lang='lat' dir='ltr'>e.54s]</span> 
     </span>
    </p>
   </div>
   <div class='ocr_carea' id='block_1_2' title="bbox 257 355 1679 2754">
    <p class='ocr_par' dir='ltr' id='par_1_2' title="bbox 283 355 1679 779">
     <span class='ocr_line' id='line_1_2' title="bbox 283 355 1677 412; baseline 0 -13"><span class='ocrx_word' id='word_1_8' title='bbox 283 374 300 403; x_wconf 81' lang='lat'><strong>6</strong></span> <span class='ocrx_word' id='word_1_9' title='bbox 326 358 414 412; x_wconf 89' lang='lat' dir='ltr'>ipse</span> <span class='ocrx_word' id='word_1_10' title='bbox 441 371 534 396; x_wconf 90' lang='lat' dir='ltr'>cum</span> <span class='ocrx_word' id='word_1_11' title='bbox 559 364 650 396; x_wconf 89' lang='lat' dir='ltr'>octo</span> <span class='ocrx_word' id='word_1_12' title='bbox 676 355 909 396; x_wconf 83' lang='lat' dir='ltr'>triremibus</span> <span class='ocrx_word' id='word_1_13' title='bbox 934 355 1096 397; x_wconf 87' lang='lat' dir='ltr'>modico</span> <span class='ocrx_word' id='word_1_14' title='bbox 1122 355 1337 397; x_wconf 78' lang='lat' dir='ltr'>intervallo</span> <span class='ocrx_word' id='word_1_15' title='bbox 1364 357 1560 409; x_wconf 88' lang='lat' dir='ltr'>sequitur.</span> <span class='ocrx_word' id='word_1_16' title='bbox 1595 358 1677 399; x_wconf 89' lang='lat' dir='ltr'>iam</span> 
     </span>
     <span class='ocr_line' id='line_1_3' title="bbox 326 416 1677 472; baseline 0.001 -14"><span class='ocrx_word' id='word_1_17' title='bbox 326 420 476 459; x_wconf 82' lang='lat' dir='ltr'>fretum</span> <span class='ocrx_word' id='word_1_18' title='bbox 512 417 692 457; x_wconf 81' lang='lat' dir='ltr'>intrabat</span> <span class='ocrx_word' id='word_1_19' title='bbox 728 416 1053 470; x_wconf 81' lang='lat' dir='ltr'>quinqueremis,</span> <span class='ocrx_word' id='word_1_20' title='bbox 1097 431 1191 457; x_wconf 90' lang='lat' dir='ltr'>cum</span> <span class='ocrx_word' id='word_1_21' title='bbox 1226 417 1398 458; x_wconf 88' lang='lat' dir='ltr'>Laelius</span> <span class='ocrx_word' id='word_1_22' title='bbox 1437 425 1477 458; x_wconf 86' lang='lat' dir='ltr'>et</span> <span class='ocrx_word' id='word_1_23' title='bbox 1511 418 1601 472; x_wconf 87' lang='lat' dir='ltr'>ipse</span> <span class='ocrx_word' id='word_1_24' title='bbox 1635 420 1677 460; x_wconf 91' lang='lat' dir='ltr'>in</span> 
     </span>
     <span class='ocr_line' id='line_1_4' title="bbox 327 477 1676 533; baseline 0.001 -15"><span class='ocrx_word' id='word_1_25' title='bbox 327 478 610 532; x_wconf 82' lang='lat' dir='ltr'>quinqueremi</span> <span class='ocrx_word' id='word_1_26' title='bbox 629 486 751 532; x_wconf 91' lang='lat' dir='ltr'>portu</span> <span class='ocrx_word' id='word_1_27' title='bbox 766 477 956 519; x_wconf 79' lang='lat' dir='ltr'>Carteiae</span> <span class='ocrx_word' id='word_1_28' title='bbox 978 479 1245 531; x_wconf 81' lang='lat' dir='ltr'>sequentibus</span> <span class='ocrx_word' id='word_1_29' title='bbox 1266 486 1425 533; x_wconf 83' lang='lat' dir='ltr'>septem</span> <span class='ocrx_word' id='word_1_30' title='bbox 1445 479 1676 521; x_wconf 82' lang='lat' dir='ltr'>triremibus</span> 
     </span>
     <span class='ocr_line' id='line_1_5' title="bbox 326 540 1677 593; baseline 0 -12"><span class='ocrx_word' id='word_1_31' title='bbox 326 550 493 581; x_wconf 82' lang='lat' dir='ltr'>evectus</span> <span class='ocrx_word' id='word_1_32' title='bbox 530 540 572 579; x_wconf 91' lang='lat' dir='ltr'>in</span> <span class='ocrx_word' id='word_1_33' title='bbox 607 540 893 580; x_wconf 80' lang='lat' dir='ltr'>Adherbalem</span> <span class='ocrx_word' id='word_1_34' title='bbox 927 540 1154 589; x_wconf 71' lang='lat' dir='ltr'>invehitur,</span> <span class='ocrx_word' id='word_1_35' title='bbox 1204 540 1541 593; x_wconf 87' lang='lat' dir='ltr'>quinqueremem</span> <span class='ocrx_word' id='word_1_36' title='bbox 1578 541 1677 581; x_wconf 88' lang='lat' dir='ltr'>satis</span> 
     </span>
     <span class='ocr_line' id='line_1_6' title="bbox 327 601 1678 656; baseline 0.001 -15"><span class='ocrx_word' id='word_1_37' title='bbox 327 602 498 642; x_wconf 89' lang='lat' dir='ltr'>credens</span> <span class='ocrx_word' id='word_1_38' title='bbox 532 602 780 656; x_wconf 79' lang='lat' dir='ltr'>deprensam</span> <span class='ocrx_word' id='word_1_39' title='bbox 808 601 953 656; x_wconf 90' lang='lat' dir='ltr'>rapido</span> <span class='ocrx_word' id='word_1_40' title='bbox 985 602 1027 641; x_wconf 91' lang='lat' dir='ltr'>in</span> <span class='ocrx_word' id='word_1_41' title='bbox 1057 602 1163 642; x_wconf 89' lang='lat' dir='ltr'>freto</span> <span class='ocrx_word' id='word_1_42' title='bbox 1194 602 1236 642; x_wconf 91' lang='lat' dir='ltr'>in</span> <span class='ocrx_word' id='word_1_43' title='bbox 1267 603 1488 643; x_wconf 75' lang='lat' dir='ltr'>adversum</span> <span class='ocrx_word' id='word_1_44' title='bbox 1519 612 1678 644; x_wconf 85' lang='lat' dir='ltr'>aestum</span> 
     </span>
     <span class='ocr_line' id='line_1_7' title="bbox 325 663 1679 719; baseline 0 -15"><span class='ocrx_word' id='word_1_45' title='bbox 325 663 571 718; x_wconf 88' lang='lat' dir='ltr'>reciprocari</span> <span class='ocrx_word' id='word_1_46' title='bbox 595 679 679 703; x_wconf 90' lang='lat' dir='ltr'>non</span> <span class='ocrx_word' id='word_1_47' title='bbox 702 678 839 717; x_wconf 90' lang='lat' dir='ltr'>posse.</span> <span class='ocrx_word' id='word_1_48' title='bbox 887 663 1056 704; x_wconf 87' lang='lat' dir='ltr'>Poenus</span> <span class='ocrx_word' id='word_1_49' title='bbox 1082 663 1124 703; x_wconf 91' lang='lat' dir='ltr'>in</span> <span class='ocrx_word' id='word_1_50' title='bbox 1148 678 1191 704; x_wconf 91' lang='lat' dir='ltr'>re</span> <span class='ocrx_word' id='word_1_51' title='bbox 1218 664 1354 704; x_wconf 85' lang='lat' dir='ltr'>subita</span> <span class='ocrx_word' id='word_1_52' title='bbox 1378 679 1599 719; x_wconf 83' lang='lat' dir='ltr'>parumper</span> <span class='ocrx_word' id='word_1_53' title='bbox 1618 665 1679 704; x_wconf 89' lang='lat' dir='ltr'>in-</span> 
     </span>
     <span class='ocr_line' id='line_1_8' title="bbox 325 724 1677 779; baseline 0.001 -15"><span class='ocrx_word' id='word_1_54' title='bbox 325 735 459 765; x_wconf 90' lang='lat' dir='ltr'>certus</span> <span class='ocrx_word' id='word_1_55' title='bbox 485 724 723 779; x_wconf 74' lang='lat' dir='ltr'>trepidavit,</span> <span class='ocrx_word' id='word_1_56' title='bbox 749 733 887 764; x_wconf 90' lang='lat' dir='ltr'>utrum</span> <span class='ocrx_word' id='word_1_57' title='bbox 913 724 1250 778; x_wconf 87' lang='lat' dir='ltr'>quinqueremem</span> <span class='ocrx_word' id='word_1_58' title='bbox 1276 733 1532 778; x_wconf 76' lang='lat' dir='ltr'>sequeretur,</span> <span class='ocrx_word' id='word_1_59' title='bbox 1560 742 1612 766; x_wconf 89' lang='lat' dir='ltr'>an</span> <span class='ocrx_word' id='word_1_60' title='bbox 1635 726 1677 765; x_wconf 90' lang='lat' dir='ltr'>in</span> 
     </span>
    </p>

    <p class='ocr_par' dir='ltr' id='par_1_3' title="bbox 279 787 1679 1089">
     <span class='ocr_line' id='line_1_9' title="bbox 279 787 1678 841; baseline -0.001 -11"><span class='ocrx_word' id='word_1_61' title='bbox 279 801 298 830; x_wconf 79' lang='lat'>8</span> <span class='ocrx_word' id='word_1_62' title='bbox 323 787 453 828; x_wconf 87' lang='lat' dir='ltr'>hostis</span> <span class='ocrx_word' id='word_1_63' title='bbox 485 795 619 828; x_wconf 86' lang='lat' dir='ltr'>rostra</span> <span class='ocrx_word' id='word_1_64' title='bbox 651 795 920 827; x_wconf 73' lang='lat' dir='ltr'>converteret.</span> <span class='ocrx_word' id='word_1_65' title='bbox 981 787 1071 841; x_wconf 80' lang='lat' dir='ltr'>ipsa</span> <span class='ocrx_word' id='word_1_66' title='bbox 1103 787 1307 827; x_wconf 89' lang='lat' dir='ltr'>cunctatio</span> <span class='ocrx_word' id='word_1_67' title='bbox 1338 788 1577 828; x_wconf 83' lang='lat' dir='ltr'>facultatem</span> <span class='ocrx_word' id='word_1_68' title='bbox 1608 789 1678 828; x_wconf 85' lang='lat' dir='ltr'>de-</span> 
     </span>
     <span class='ocr_line' id='line_1_10' title="bbox 325 849 1677 903; baseline -0.001 -13"><span class='ocrx_word' id='word_1_69' title='bbox 325 849 562 890; x_wconf 87' lang='lat' dir='ltr'>trectandae</span> <span class='ocrx_word' id='word_1_70' title='bbox 593 863 758 903; x_wconf 82' lang='lat' dir='ltr'>pugnae</span> <span class='ocrx_word' id='word_1_71' title='bbox 790 849 960 897; x_wconf 86' lang='lat' dir='ltr'>ademit;</span> <span class='ocrx_word' id='word_1_72' title='bbox 998 849 1080 889; x_wconf 87' lang='lat' dir='ltr'>iam</span> <span class='ocrx_word' id='word_1_73' title='bbox 1112 849 1220 889; x_wconf 88' lang='lat' dir='ltr'>enim</span> <span class='ocrx_word' id='word_1_74' title='bbox 1252 849 1328 889; x_wconf 90' lang='lat' dir='ltr'>sub</span> <span class='ocrx_word' id='word_1_75' title='bbox 1359 849 1441 889; x_wconf 89' lang='lat' dir='ltr'>ictu</span> <span class='ocrx_word' id='word_1_76' title='bbox 1467 849 1536 889; x_wconf 84' lang='lat' dir='ltr'>teli</span> <span class='ocrx_word' id='word_1_77' title='bbox 1563 857 1677 890; x_wconf 88' lang='lat' dir='ltr'>erant</span> 
     </span>
     <span class='ocr_line' id='line_1_11' title="bbox 326 910 1678 963; baseline 0 -13"><span class='ocrx_word' id='word_1_78' title='bbox 326 919 366 950; x_wconf 85' lang='lat' dir='ltr'>et</span> <span class='ocrx_word' id='word_1_79' title='bbox 401 911 582 963; x_wconf 85' lang='lat' dir='ltr'>undique</span> <span class='ocrx_word' id='word_1_80' title='bbox 617 910 827 950; x_wconf 82' lang='lat' dir='ltr'>instabant</span> <span class='ocrx_word' id='word_1_81' title='bbox 863 910 1030 957; x_wconf 89' lang='lat' dir='ltr'>hostes,</span> <span class='ocrx_word' id='word_1_82' title='bbox 1081 919 1219 950; x_wconf 89' lang='lat' dir='ltr'>aestus</span> <span class='ocrx_word' id='word_1_83' title='bbox 1263 924 1425 963; x_wconf 83' lang='lat' dir='ltr'>quoque</span> <span class='ocrx_word' id='word_1_84' title='bbox 1467 910 1678 951; x_wconf 82' lang='lat' dir='ltr'>arbitrium</span> 
     </span>
     <span class='ocr_line' id='line_1_12' title="bbox 326 973 1679 1027; baseline -0.001 -14"><span class='ocrx_word' id='word_1_85' title='bbox 326 974 567 1015; x_wconf 85' lang='lat' dir='ltr'>moderandi</span> <span class='ocrx_word' id='word_1_86' title='bbox 591 988 718 1013; x_wconf 69' lang='lat' dir='ltr'>naves</span> <span class='ocrx_word' id='word_1_87' title='bbox 747 974 968 1013; x_wconf 83' lang='lat' dir='ltr'>ademerat.</span> <span class='ocrx_word' id='word_1_88' title='bbox 1028 988 1162 1026; x_wconf 91' lang='lat' dir='ltr'>neque</span> <span class='ocrx_word' id='word_1_89' title='bbox 1188 983 1273 1014; x_wconf 87' lang='lat' dir='ltr'>erat</span> <span class='ocrx_word' id='word_1_90' title='bbox 1299 973 1437 1013; x_wconf 71' lang='lat' dir='ltr'>navali</span> <span class='ocrx_word' id='word_1_91' title='bbox 1460 988 1601 1027; x_wconf 84' lang='lat' dir='ltr'>pugna</span> <span class='ocrx_word' id='word_1_92' title='bbox 1627 973 1679 1013; x_wconf 88' lang='lat' dir='ltr'>si-</span> 
     </span>
     <span class='ocr_line' id='line_1_13' title="bbox 325 1034 1679 1089; baseline -0.001 -14"><span class='ocrx_word' id='word_1_93' title='bbox 325 1036 450 1083; x_wconf 86' lang='lat' dir='ltr'>milis,</span> <span class='ocrx_word' id='word_1_94' title='bbox 489 1035 640 1089; x_wconf 88' lang='lat' dir='ltr'>quippe</span> <span class='ocrx_word' id='word_1_95' title='bbox 666 1035 737 1075; x_wconf 88' lang='lat' dir='ltr'>ubi</span> <span class='ocrx_word' id='word_1_96' title='bbox 767 1035 868 1074; x_wconf 88' lang='lat' dir='ltr'>nihil</span> <span class='ocrx_word' id='word_1_97' title='bbox 893 1035 1188 1083; x_wconf 68' lang='lat' dir='ltr'>voluntarium,</span> <span class='ocrx_word' id='word_1_98' title='bbox 1227 1034 1328 1074; x_wconf 87' lang='lat' dir='ltr'>nihil</span> <span class='ocrx_word' id='word_1_99' title='bbox 1359 1035 1456 1075; x_wconf 88' lang='lat' dir='ltr'>artis</span> <span class='ocrx_word' id='word_1_100' title='bbox 1490 1043 1559 1075; x_wconf 89' lang='lat' dir='ltr'>aut</span> <span class='ocrx_word' id='word_1_101' title='bbox 1583 1049 1679 1075; x_wconf 91' lang='lat' dir='ltr'>con-</span> 
     </span>
    </p>

    <p class='ocr_par' dir='ltr' id='par_1_4' title="bbox 281 1096 1679 1397">
     <span class='ocr_line' id='line_1_14' title="bbox 281 1096 1677 1149; baseline -0.003 -10"><span class='ocrx_word' id='word_1_102' title='bbox 281 1112 298 1141; x_wconf 79' lang='grc'><strong>9</strong></span> <span class='ocrx_word' id='word_1_103' title='bbox 327 1098 405 1138; x_wconf 87' lang='lat' dir='ltr'>silii</span> <span class='ocrx_word' id='word_1_104' title='bbox 431 1109 553 1138; x_wconf 87' lang='lat' dir='ltr'>esset.</span> <span class='ocrx_word' id='word_1_105' title='bbox 613 1112 695 1137; x_wconf 87' lang='lat' dir='ltr'>una</span> <span class='ocrx_word' id='word_1_106' title='bbox 719 1107 865 1137; x_wconf 84' lang='lat' dir='ltr'>natura</span> <span class='ocrx_word' id='word_1_107' title='bbox 896 1097 990 1137; x_wconf 86' lang='lat' dir='ltr'>freti</span> <span class='ocrx_word' id='word_1_108' title='bbox 1016 1105 1255 1149; x_wconf 91' lang='lat' dir='ltr'>aestusque,</span> <span class='ocrx_word' id='word_1_109' title='bbox 1293 1097 1417 1137; x_wconf 88' lang='lat' dir='ltr'>totius</span> <span class='ocrx_word' id='word_1_110' title='bbox 1444 1096 1677 1137; x_wconf 83' lang='lat' dir='ltr'>certaminis</span> 
     </span>
     <span class='ocr_line' id='line_1_15' title="bbox 326 1157 1679 1214; baseline -0.001 -15"><span class='ocrx_word' id='word_1_111' title='bbox 326 1168 493 1214; x_wconf 89' lang='lat' dir='ltr'>potens,</span> <span class='ocrx_word' id='word_1_112' title='bbox 528 1159 633 1206; x_wconf 87' lang='lat' dir='ltr'>suis,</span> <span class='ocrx_word' id='word_1_113' title='bbox 674 1158 816 1199; x_wconf 87' lang='lat' dir='ltr'>alienis</span> <span class='ocrx_word' id='word_1_114' title='bbox 842 1158 1018 1198; x_wconf 74' lang='lat' dir='ltr'>navibus</span> <span class='ocrx_word' id='word_1_115' title='bbox 1044 1158 1295 1210; x_wconf 85' lang='lat' dir='ltr'>nequiquam</span> <span class='ocrx_word' id='word_1_116' title='bbox 1318 1157 1490 1212; x_wconf 85' lang='lat' dir='ltr'>remigio</span> <span class='ocrx_word' id='word_1_117' title='bbox 1515 1158 1557 1197; x_wconf 92' lang='lat' dir='ltr'>in</span> <span class='ocrx_word' id='word_1_118' title='bbox 1583 1172 1679 1197; x_wconf 88' lang='lat' dir='ltr'>con-</span> 
     </span>
     <span class='ocr_line' id='line_1_16' title="bbox 325 1219 1677 1274; baseline -0.001 -13"><span class='ocrx_word' id='word_1_119' title='bbox 325 1221 494 1261; x_wconf 88' lang='lat' dir='ltr'>trarium</span> <span class='ocrx_word' id='word_1_120' title='bbox 519 1220 723 1261; x_wconf 87' lang='lat' dir='ltr'>tendentis</span> <span class='ocrx_word' id='word_1_121' title='bbox 750 1220 992 1268; x_wconf 79' lang='lat' dir='ltr'>invehebat,</span> <span class='ocrx_word' id='word_1_122' title='bbox 1025 1227 1065 1260; x_wconf 85' lang='lat' dir='ltr'>et</span> <span class='ocrx_word' id='word_1_123' title='bbox 1090 1220 1317 1274; x_wconf 79' lang='lat' dir='ltr'>fugientem</span> <span class='ocrx_word' id='word_1_124' title='bbox 1341 1235 1490 1260; x_wconf 76' lang='lat' dir='ltr'>navem</span> <span class='ocrx_word' id='word_1_125' title='bbox 1516 1219 1677 1259; x_wconf 71' lang='lat' dir='ltr'>videres</span> 
     </span>
     <span class='ocr_line' id='line_1_17' title="bbox 324 1281 1676 1334; baseline -0.001 -12"><span class='ocrx_word' id='word_1_126' title='bbox 324 1282 475 1322; x_wconf 80' lang='lat' dir='ltr'>vertice</span> <span class='ocrx_word' id='word_1_127' title='bbox 505 1292 614 1322; x_wconf 91' lang='lat' dir='ltr'>retro</span> <span class='ocrx_word' id='word_1_128' title='bbox 647 1282 841 1322; x_wconf 88' lang='lat' dir='ltr'>intortam</span> <span class='ocrx_word' id='word_1_129' title='bbox 871 1281 1095 1321; x_wconf 65' lang='lat' dir='ltr'>victoribus</span> <span class='ocrx_word' id='word_1_130' title='bbox 1127 1281 1315 1330; x_wconf 88' lang='lat' dir='ltr'>inlatam,</span> <span class='ocrx_word' id='word_1_131' title='bbox 1353 1290 1393 1321; x_wconf 88' lang='lat' dir='ltr'>et</span> <span class='ocrx_word' id='word_1_132' title='bbox 1424 1290 1676 1334; x_wconf 80' lang='lat' dir='ltr'>sequentem,</span> 
     </span>
     <span class='ocr_line' id='line_1_18' title="bbox 326 1343 1677 1397; baseline -0.002 -12"><span class='ocrx_word' id='word_1_133' title='bbox 326 1345 360 1385; x_wconf 90' lang='lat' dir='ltr'>si</span> <span class='ocrx_word' id='word_1_134' title='bbox 384 1345 426 1385; x_wconf 92' lang='lat' dir='ltr'>in</span> <span class='ocrx_word' id='word_1_135' title='bbox 451 1344 701 1385; x_wconf 87' lang='lat' dir='ltr'>contrarium</span> <span class='ocrx_word' id='word_1_136' title='bbox 725 1352 900 1384; x_wconf 87' lang='lat' dir='ltr'>tractum</span> <span class='ocrx_word' id='word_1_137' title='bbox 925 1343 1138 1384; x_wconf 89' lang='lat' dir='ltr'>incidisset</span> <span class='ocrx_word' id='word_1_138' title='bbox 1162 1343 1306 1391; x_wconf 89' lang='lat' dir='ltr'>maris,</span> <span class='ocrx_word' id='word_1_139' title='bbox 1332 1343 1528 1397; x_wconf 78' lang='lat' dir='ltr'>fugientis</span> <span class='ocrx_word' id='word_1_140' title='bbox 1554 1343 1677 1383; x_wconf 88' lang='lat' dir='ltr'>modo</span> 
     </span>
    </p>

    <p class='ocr_par' dir='ltr' id='par_1_5' title="bbox 259 1404 1679 1582">
     <span class='ocr_line' id='line_1_19' title="bbox 259 1404 1679 1458; baseline -0.004 -10"><span class='ocrx_word' id='word_1_141' title='bbox 259 1419 299 1448; x_wconf 82' lang='lat'>10</span> <span class='ocrx_word' id='word_1_142' title='bbox 327 1421 418 1446; x_wconf 83' lang='lat' dir='ltr'>sese</span> <span class='ocrx_word' id='word_1_143' title='bbox 454 1417 720 1446; x_wconf 77' lang='lat' dir='ltr'>avertentem.</span> <span class='ocrx_word' id='word_1_144' title='bbox 781 1405 864 1444; x_wconf 89' lang='lat' dir='ltr'>iam</span> <span class='ocrx_word' id='word_1_145' title='bbox 899 1405 941 1444; x_wconf 89' lang='lat' dir='ltr'>in</span> <span class='ocrx_word' id='word_1_146' title='bbox 971 1404 1062 1458; x_wconf 89' lang='lat' dir='ltr'>ipsa</span> <span class='ocrx_word' id='word_1_147' title='bbox 1092 1419 1233 1458; x_wconf 86' lang='lat' dir='ltr'>pugna</span> <span class='ocrx_word' id='word_1_148' title='bbox 1270 1404 1372 1444; x_wconf 87' lang='lat' dir='ltr'>haee</span> <span class='ocrx_word' id='word_1_149' title='bbox 1403 1418 1495 1443; x_wconf 88' lang='lat' dir='ltr'>cum</span> <span class='ocrx_word' id='word_1_150' title='bbox 1528 1404 1679 1444; x_wconf 85' lang='lat' dir='ltr'>infesta</span> 
     </span>
     <span class='ocr_line' id='line_1_20' title="bbox 324 1465 1676 1521; baseline -0.001 -14"><span class='ocrx_word' id='word_1_151' title='bbox 324 1476 456 1507; x_wconf 88' lang='lat' dir='ltr'>rostro</span> <span class='ocrx_word' id='word_1_152' title='bbox 482 1476 639 1521; x_wconf 86' lang='lat' dir='ltr'>peteret</span> <span class='ocrx_word' id='word_1_153' title='bbox 665 1467 845 1507; x_wconf 87' lang='lat' dir='ltr'>hostium</span> <span class='ocrx_word' id='word_1_154' title='bbox 871 1481 1038 1513; x_wconf 79' lang='lat' dir='ltr'>navem,</span> <span class='ocrx_word' id='word_1_155' title='bbox 1067 1466 1233 1518; x_wconf 90' lang='lat' dir='ltr'>obliqua</span> <span class='ocrx_word' id='word_1_156' title='bbox 1257 1465 1348 1519; x_wconf 85' lang='lat' dir='ltr'>ipsa</span> <span class='ocrx_word' id='word_1_157' title='bbox 1366 1465 1492 1504; x_wconf 90' lang='lat' dir='ltr'>ictum</span> <span class='ocrx_word' id='word_1_158' title='bbox 1511 1465 1676 1505; x_wconf 90' lang='lat' dir='ltr'>alterius</span> 
     </span>
     <span class='ocr_line' id='line_1_21' title="bbox 323 1526 1677 1582; baseline -0.001 -14"><span class='ocrx_word' id='word_1_159' title='bbox 323 1529 445 1568; x_wconf 87' lang='lat' dir='ltr'>rostri</span> <span class='ocrx_word' id='word_1_160' title='bbox 484 1528 729 1582; x_wconf 77' lang='lat' dir='ltr'>accipiebat,</span> <span class='ocrx_word' id='word_1_161' title='bbox 766 1528 853 1575; x_wconf 90' lang='lat' dir='ltr'>illa,</span> <span class='ocrx_word' id='word_1_162' title='bbox 891 1541 984 1567; x_wconf 90' lang='lat' dir='ltr'>cum</span> <span class='ocrx_word' id='word_1_163' title='bbox 1021 1536 1258 1567; x_wconf 69' lang='lat' dir='ltr'>transversa</span> <span class='ocrx_word' id='word_1_164' title='bbox 1294 1527 1524 1567; x_wconf 87' lang='lat' dir='ltr'>obiceretur</span> <span class='ocrx_word' id='word_1_165' title='bbox 1556 1526 1677 1575; x_wconf 89' lang='lat' dir='ltr'>hosti,</span> 
     </span>
    </p>

    <p class='ocr_par' dir='ltr' id='par_1_6' title="bbox 261 1588 1679 1892">
     <span class='ocr_line' id='line_1_22' title="bbox 261 1588 1679 1644; baseline -0.002 -13"><span class='ocrx_word' id='word_1_166' title='bbox 261 1604 294 1632; x_wconf 87' lang='lat'>11</span> <span class='ocrx_word' id='word_1_167' title='bbox 324 1599 492 1644; x_wconf 86' lang='lat' dir='ltr'>repente</span> <span class='ocrx_word' id='word_1_168' title='bbox 523 1599 629 1630; x_wconf 86' lang='lat' dir='ltr'>torta</span> <span class='ocrx_word' id='word_1_169' title='bbox 658 1590 701 1629; x_wconf 88' lang='lat' dir='ltr'>in</span> <span class='ocrx_word' id='word_1_170' title='bbox 730 1604 895 1644; x_wconf 89' lang='lat' dir='ltr'>proram</span> <span class='ocrx_word' id='word_1_171' title='bbox 928 1589 1295 1642; x_wconf 83' lang='lat' dir='ltr'>circumagebatur.</span> <span class='ocrx_word' id='word_1_172' title='bbox 1357 1603 1449 1628; x_wconf 90' lang='lat' dir='ltr'>cum</span> <span class='ocrx_word' id='word_1_173' title='bbox 1479 1588 1584 1629; x_wconf 89' lang='lat' dir='ltr'>inter</span> <span class='ocrx_word' id='word_1_174' title='bbox 1609 1589 1679 1628; x_wconf 89' lang='lat' dir='ltr'>tri—</span> 
     </span>
     <span class='ocr_line' id='line_1_23' title="bbox 323 1650 1679 1706; baseline -0.001 -15"><span class='ocrx_word' id='word_1_175' title='bbox 323 1667 455 1692; x_wconf 83' lang='lat' dir='ltr'>remes</span> <span class='ocrx_word' id='word_1_176' title='bbox 483 1652 648 1692; x_wconf 83' lang='lat' dir='ltr'>fortuna</span> <span class='ocrx_word' id='word_1_177' title='bbox 671 1660 841 1706; x_wconf 88' lang='lat' dir='ltr'>regente</span> <span class='ocrx_word' id='word_1_178' title='bbox 868 1665 1019 1705; x_wconf 79' lang='lat' dir='ltr'>anceps</span> <span class='ocrx_word' id='word_1_179' title='bbox 1045 1651 1247 1705; x_wconf 87' lang='lat' dir='ltr'>proelium</span> <span class='ocrx_word' id='word_1_180' title='bbox 1271 1650 1529 1699; x_wconf 85' lang='lat' dir='ltr'>misceretur,</span> <span class='ocrx_word' id='word_1_181' title='bbox 1561 1650 1679 1703; x_wconf 89' lang='lat' dir='ltr'>quin-</span> 
     </span>
     <span class='ocr_line' id='line_1_24' title="bbox 323 1712 1677 1767; baseline -0.001 -14"><span class='ocrx_word' id='word_1_182' title='bbox 323 1714 527 1766; x_wconf 85' lang='lat' dir='ltr'>queremis</span> <span class='ocrx_word' id='word_1_183' title='bbox 570 1714 762 1754; x_wconf 84' lang='lat' dir='ltr'>Romana</span> <span class='ocrx_word' id='word_1_184' title='bbox 805 1728 879 1754; x_wconf 90' lang='lat' dir='ltr'>seu</span> <span class='ocrx_word' id='word_1_185' title='bbox 919 1713 1101 1767; x_wconf 86' lang='lat' dir='ltr'>pondere</span> <span class='ocrx_word' id='word_1_186' title='bbox 1146 1712 1327 1753; x_wconf 89' lang='lat' dir='ltr'>tenacior</span> <span class='ocrx_word' id='word_1_187' title='bbox 1371 1727 1444 1753; x_wconf 91' lang='lat' dir='ltr'>seu</span> <span class='ocrx_word' id='word_1_188' title='bbox 1490 1712 1677 1766; x_wconf 87' lang='lat' dir='ltr'>pluribus</span> 
     </span>
     <span class='ocr_line' id='line_1_25' title="bbox 323 1774 1679 1816; baseline -0.001 -1"><span class='ocrx_word' id='word_1_189' title='bbox 323 1791 529 1816; x_wconf 86' lang='lat' dir='ltr'>remorum</span> <span class='ocrx_word' id='word_1_190' title='bbox 554 1776 766 1816; x_wconf 86' lang='lat' dir='ltr'>ordinibus</span> <span class='ocrx_word' id='word_1_191' title='bbox 795 1775 1076 1816; x_wconf 87' lang='lat' dir='ltr'>scindentibus</span> <span class='ocrx_word' id='word_1_192' title='bbox 1103 1775 1277 1815; x_wconf 71' lang='lat' dir='ltr'>vertices</span> <span class='ocrx_word' id='word_1_193' title='bbox 1305 1789 1398 1815; x_wconf 90' lang='lat' dir='ltr'>cum</span> <span class='ocrx_word' id='word_1_194' title='bbox 1423 1774 1584 1815; x_wconf 86' lang='lat' dir='ltr'>facilius</span> <span class='ocrx_word' id='word_1_195' title='bbox 1614 1789 1679 1815; x_wconf 88' lang='lat' dir='ltr'>re-</span> 
     </span>
     <span class='ocr_line' id='line_1_26' title="bbox 323 1837 1677 1892; baseline -0.001 -14"><span class='ocrx_word' id='word_1_196' title='bbox 323 1846 504 1892; x_wconf 79' lang='lat' dir='ltr'>geretur,</span> <span class='ocrx_word' id='word_1_197' title='bbox 544 1839 645 1878; x_wconf 88' lang='lat' dir='ltr'>duas</span> <span class='ocrx_word' id='word_1_198' title='bbox 672 1838 859 1879; x_wconf 89' lang='lat' dir='ltr'>triremes</span> <span class='ocrx_word' id='word_1_199' title='bbox 887 1837 1134 1892; x_wconf 84' lang='lat' dir='ltr'>suppressit,</span> <span class='ocrx_word' id='word_1_200' title='bbox 1167 1837 1288 1877; x_wconf 89' lang='lat' dir='ltr'>unius</span> <span class='ocrx_word' id='word_1_201' title='bbox 1314 1837 1497 1892; x_wconf 89' lang='lat' dir='ltr'>praelata</span> <span class='ocrx_word' id='word_1_202' title='bbox 1522 1837 1677 1891; x_wconf 90' lang='lat' dir='ltr'>impetu</span> 
     </span>
    </p>

    <p class='ocr_par' dir='ltr' id='par_1_7' title="bbox 257 1898 1678 2063">
     <span class='ocr_line' id='line_1_27' title="bbox 257 1898 1678 1952; baseline -0.002 -12"><span class='ocrx_word' id='word_1_203' title='bbox 257 1911 296 1940; x_wconf 80' lang='lat'>12</span> <span class='ocrx_word' id='word_1_204' title='bbox 322 1899 460 1939; x_wconf 89' lang='lat' dir='ltr'>lateris</span> <span class='ocrx_word' id='word_1_205' title='bbox 488 1899 654 1940; x_wconf 89' lang='lat' dir='ltr'>alterius</span> <span class='ocrx_word' id='word_1_206' title='bbox 679 1915 816 1940; x_wconf 89' lang='lat' dir='ltr'>remos</span> <span class='ocrx_word' id='word_1_207' title='bbox 850 1899 1037 1946; x_wconf 82' lang='lat' dir='ltr'>detersit,</span> <span class='ocrx_word' id='word_1_208' title='bbox 1077 1908 1335 1951; x_wconf 84' lang='lat' dir='ltr'>ceterasque,</span> <span class='ocrx_word' id='word_1_209' title='bbox 1373 1913 1473 1951; x_wconf 91' lang='lat' dir='ltr'>quas</span> <span class='ocrx_word' id='word_1_210' title='bbox 1510 1898 1678 1952; x_wconf 85' lang='lat' dir='ltr'>indepta</span> 
     </span>
     <span class='ocr_line' id='line_1_28' title="bbox 323 1960 1678 2013; baseline -0.001 -13"><span class='ocrx_word' id='word_1_211' title='bbox 323 1970 450 2009; x_wconf 90' lang='lat' dir='ltr'>esset,</span> <span class='ocrx_word' id='word_1_212' title='bbox 489 1961 737 2009; x_wconf 86' lang='lat' dir='ltr'>mulcasset‚</span> <span class='ocrx_word' id='word_1_213' title='bbox 775 1961 818 2000; x_wconf 90' lang='lat' dir='ltr'>ni</span> <span class='ocrx_word' id='word_1_214' title='bbox 850 1975 943 2001; x_wconf 88' lang='lat' dir='ltr'>cum</span> <span class='ocrx_word' id='word_1_215' title='bbox 973 1961 1141 2013; x_wconf 89' lang='lat' dir='ltr'>reliquis</span> <span class='ocrx_word' id='word_1_216' title='bbox 1176 1961 1354 2013; x_wconf 91' lang='lat' dir='ltr'>quinque</span> <span class='ocrx_word' id='word_1_217' title='bbox 1387 1960 1561 2000; x_wconf 72' lang='lat' dir='ltr'>navibus</span> <span class='ocrx_word' id='word_1_218' title='bbox 1588 1960 1678 1999; x_wconf 75' lang='lat' dir='ltr'>Ad-</span> 
     </span>
     <span class='ocr_line' id='line_1_29' title="bbox 322 2021 1209 2063; baseline 0.001 -2"><span class='ocrx_word' id='word_1_219' title='bbox 322 2021 464 2062; x_wconf 87' lang='lat' dir='ltr'>herbal</span> <span class='ocrx_word' id='word_1_220' title='bbox 491 2023 590 2063; x_wconf 77' lang='lat' dir='ltr'>velis</span> <span class='ocrx_word' id='word_1_221' title='bbox 617 2023 659 2062; x_wconf 84' lang='lat' dir='ltr'>in</span> <span class='ocrx_word' id='word_1_222' title='bbox 684 2023 873 2063; x_wconf 78' lang='lat' dir='ltr'>Africam</span> <span class='ocrx_word' id='word_1_223' title='bbox 899 2022 1209 2063; x_wconf 89' lang='lat' dir='ltr'>transmisisset.</span> 
     </span>
    </p>

    <p class='ocr_par' dir='ltr' id='par_1_8' title="bbox 280 2082 1677 2261">
     <span class='ocr_line' id='line_1_30' title="bbox 280 2082 1675 2131; baseline -0.001 -7"><span class='ocrx_word' id='word_1_224' title='bbox 280 2098 293 2124; x_wconf 86' lang='lat'>1</span> <span class='ocrx_word' id='word_1_225' title='bbox 406 2084 585 2124; x_wconf 81' lang='lat' dir='ltr'>XXXI.</span> <span class='ocrx_word' id='word_1_226' title='bbox 657 2084 829 2124; x_wconf 86' lang='lat' dir='ltr'>Laelius</span> <span class='ocrx_word' id='word_1_227' title='bbox 873 2084 1003 2125; x_wconf 69' lang='lat' dir='ltr'>victor</span> <span class='ocrx_word' id='word_1_228' title='bbox 1041 2083 1251 2124; x_wconf 87' lang='lat' dir='ltr'>Carteiam</span> <span class='ocrx_word' id='word_1_229' title='bbox 1285 2091 1474 2123; x_wconf 76' lang='lat' dir='ltr'>revectus</span> <span class='ocrx_word' id='word_1_230' title='bbox 1513 2082 1675 2131; x_wconf 87' lang='lat' dir='ltr'>auditis,</span> 
     </span>
     <span class='ocr_line' id='line_1_31' title="bbox 322 2144 1676 2199; baseline 0.001 -15"><span class='ocrx_word' id='word_1_231' title='bbox 322 2159 427 2197; x_wconf 89' lang='lat' dir='ltr'>quae</span> <span class='ocrx_word' id='word_1_232' title='bbox 453 2157 543 2185; x_wconf 88' lang='lat' dir='ltr'>acta</span> <span class='ocrx_word' id='word_1_233' title='bbox 570 2145 757 2186; x_wconf 88' lang='lat' dir='ltr'>Gadibus</span> <span class='ocrx_word' id='word_1_234' title='bbox 785 2153 918 2194; x_wconf 87' lang='lat' dir='ltr'>erant,</span> <span class='ocrx_word' id='word_1_235' title='bbox 955 2145 1205 2199; x_wconf 87' lang='lat' dir='ltr'>patefactam</span> <span class='ocrx_word' id='word_1_236' title='bbox 1236 2144 1511 2198; x_wconf 86' lang='lat' dir='ltr'>proditionem</span> <span class='ocrx_word' id='word_1_237' title='bbox 1537 2145 1676 2185; x_wconf 90' lang='lat' dir='ltr'>coniu-</span> 
     </span>
     <span class='ocr_line' id='line_1_32' title="bbox 320 2206 1677 2261; baseline -0.001 -15"><span class='ocrx_word' id='word_1_238' title='bbox 320 2214 512 2260; x_wconf 89' lang='lat' dir='ltr'>ratosque</span> <span class='ocrx_word' id='word_1_239' title='bbox 538 2207 688 2247; x_wconf 90' lang='lat' dir='ltr'>missos</span> <span class='ocrx_word' id='word_1_240' title='bbox 711 2206 1029 2261; x_wconf 83' lang='lat' dir='ltr'>Carthaginem,</span> <span class='ocrx_word' id='word_1_241' title='bbox 1057 2222 1174 2261; x_wconf 91' lang='lat' dir='ltr'>spem</span> <span class='ocrx_word' id='word_1_242' title='bbox 1199 2206 1251 2246; x_wconf 88' lang='lat' dir='ltr'>ad</span> <span class='ocrx_word' id='word_1_243' title='bbox 1275 2206 1442 2245; x_wconf 88' lang='lat' dir='ltr'>inritum</span> <span class='ocrx_word' id='word_1_244' title='bbox 1466 2206 1677 2246; x_wconf 87' lang='lat' dir='ltr'>redactam</span> 
     </span>
    </p>

    <p class='ocr_par' dir='ltr' id='par_1_9' title="bbox 277 2267 1677 2447">
     <span class='ocr_line' id='line_1_33' title="bbox 277 2267 1676 2321; baseline -0.001 -12"><span class='ocrx_word' id='word_1_245' title='bbox 277 2281 294 2309; x_wconf 76' lang='lat'>2</span> <span class='ocrx_word' id='word_1_246' title='bbox 323 2282 402 2321; x_wconf 87' lang='lat' dir='ltr'>qua</span> <span class='ocrx_word' id='word_1_247' title='bbox 441 2269 670 2317; x_wconf 73' lang='lat' dir='ltr'>venissent,</span> <span class='ocrx_word' id='word_1_248' title='bbox 714 2269 867 2309; x_wconf 87' lang='lat' dir='ltr'>nuntiis</span> <span class='ocrx_word' id='word_1_249' title='bbox 905 2269 958 2308; x_wconf 87' lang='lat' dir='ltr'>ad</span> <span class='ocrx_word' id='word_1_250' title='bbox 988 2269 1039 2308; x_wconf 84' lang='lat' dir='ltr'>L.</span> <span class='ocrx_word' id='word_1_251' title='bbox 1076 2268 1285 2308; x_wconf 63' lang='lat' dir='ltr'>BIarcium</span> <span class='ocrx_word' id='word_1_252' title='bbox 1320 2267 1477 2316; x_wconf 85' lang='lat' dir='ltr'>missis,</span> <span class='ocrx_word' id='word_1_253' title='bbox 1525 2267 1606 2308; x_wconf 90' lang='lat' dir='ltr'>nisi</span> <span class='ocrx_word' id='word_1_254' title='bbox 1642 2268 1676 2308; x_wconf 90' lang='lat' dir='ltr'>si</span> 
     </span>
     <span class='ocr_line' id='line_1_34' title="bbox 322 2329 1677 2385; baseline 0 -16"><span class='ocrx_word' id='word_1_255' title='bbox 322 2339 451 2371; x_wconf 90' lang='lat' dir='ltr'>terere</span> <span class='ocrx_word' id='word_1_256' title='bbox 477 2330 631 2371; x_wconf 85' lang='lat' dir='ltr'>frustra</span> <span class='ocrx_word' id='word_1_257' title='bbox 655 2339 819 2385; x_wconf 86' lang='lat' dir='ltr'>tempus</span> <span class='ocrx_word' id='word_1_258' title='bbox 848 2330 1029 2371; x_wconf 86' lang='lat' dir='ltr'>sedendo</span> <span class='ocrx_word' id='word_1_259' title='bbox 1056 2331 1108 2370; x_wconf 89' lang='lat' dir='ltr'>ad</span> <span class='ocrx_word' id='word_1_260' title='bbox 1135 2329 1266 2371; x_wconf 87' lang='lat' dir='ltr'>Gadis</span> <span class='ocrx_word' id='word_1_261' title='bbox 1292 2330 1463 2378; x_wconf 71' lang='lat' dir='ltr'>vellent,</span> <span class='ocrx_word' id='word_1_262' title='bbox 1501 2329 1677 2370; x_wconf 90' lang='lat' dir='ltr'>redeun—</span> 
     </span>
     <span class='ocr_line' id='line_1_35' title="bbox 322 2391 1675 2447; baseline 0.001 -17"><span class='ocrx_word' id='word_1_263' title='bbox 322 2391 420 2431; x_wconf 90' lang='lat' dir='ltr'>dum</span> <span class='ocrx_word' id='word_1_264' title='bbox 457 2392 509 2432; x_wconf 92' lang='lat' dir='ltr'>ad</span> <span class='ocrx_word' id='word_1_265' title='bbox 543 2392 835 2447; x_wconf 86' lang='lat' dir='ltr'>imperatorem</span> <span class='ocrx_word' id='word_1_266' title='bbox 873 2407 986 2443; x_wconf 90' lang='lat' dir='ltr'>esse,</span> <span class='ocrx_word' id='word_1_267' title='bbox 1029 2392 1286 2433; x_wconf 86' lang='lat' dir='ltr'>adsentiente</span> <span class='ocrx_word' id='word_1_268' title='bbox 1322 2391 1484 2432; x_wconf 81' lang='lat' dir='ltr'>Marcio</span> <span class='ocrx_word' id='word_1_269' title='bbox 1520 2405 1675 2445; x_wconf 88' lang='lat' dir='ltr'>paucos</span> 
     </span>
    </p>

    <p class='ocr_par' dir='ltr' id='par_1_10' title="bbox 279 2453 1677 2633">
     <span class='ocr_line' id='line_1_36' title="bbox 279 2453 1677 2509; baseline 0.001 -17"><span class='ocrx_word' id='word_1_270' title='bbox 279 2464 296 2492; x_wconf 82' lang='lat'><strong>3</strong></span> <span class='ocrx_word' id='word_1_271' title='bbox 321 2462 416 2507; x_wconf 86' lang='lat' dir='ltr'>post</span> <span class='ocrx_word' id='word_1_272' title='bbox 441 2453 527 2494; x_wconf 89' lang='lat' dir='ltr'>dies</span> <span class='ocrx_word' id='word_1_273' title='bbox 551 2455 676 2509; x_wconf 86' lang='lat' dir='ltr'>ambo</span> <span class='ocrx_word' id='word_1_274' title='bbox 700 2453 999 2508; x_wconf 85' lang='lat' dir='ltr'>Carthaginem</span> <span class='ocrx_word' id='word_1_275' title='bbox 1023 2454 1195 2494; x_wconf 86' lang='lat' dir='ltr'>rediere.</span> <span class='ocrx_word' id='word_1_276' title='bbox 1245 2454 1298 2493; x_wconf 91' lang='lat' dir='ltr'>ad</span> <span class='ocrx_word' id='word_1_277' title='bbox 1324 2468 1497 2505; x_wconf 82' lang='lat' dir='ltr'>quorum</span> <span class='ocrx_word' id='word_1_278' title='bbox 1522 2453 1677 2493; x_wconf 87' lang='lat' dir='ltr'>disces-</span> 
     </span>
     <span class='ocr_line' id='line_1_37' title="bbox 323 2515 1676 2570; baseline 0 -17"><span class='ocrx_word' id='word_1_279' title='bbox 323 2530 413 2554; x_wconf 88' lang='lat' dir='ltr'>sum</span> <span class='ocrx_word' id='word_1_280' title='bbox 443 2530 526 2556; x_wconf 92' lang='lat' dir='ltr'>non</span> <span class='ocrx_word' id='word_1_281' title='bbox 555 2516 775 2570; x_wconf 72' lang='lat' dir='ltr'>respiravit</span> <span class='ocrx_word' id='word_1_282' title='bbox 804 2516 928 2556; x_wconf 90' lang='lat' dir='ltr'>modo</span> <span class='ocrx_word' id='word_1_283' title='bbox 961 2516 1112 2570; x_wconf 83' lang='lat' dir='ltr'>Mago,</span> <span class='ocrx_word' id='word_1_284' title='bbox 1145 2530 1239 2556; x_wconf 90' lang='lat' dir='ltr'>cum</span> <span class='ocrx_word' id='word_1_285' title='bbox 1264 2524 1371 2556; x_wconf 90' lang='lat' dir='ltr'>terra</span> <span class='ocrx_word' id='word_1_286' title='bbox 1395 2515 1578 2567; x_wconf 88' lang='lat' dir='ltr'>marique</span> <span class='ocrx_word' id='word_1_287' title='bbox 1606 2529 1676 2554; x_wconf 88' lang='lat' dir='ltr'>an-</span> 
     </span>
     <span class='ocr_line' id='line_1_38' title="bbox 323 2576 1676 2633; baseline -0.001 -18"><span class='ocrx_word' id='word_1_288' title='bbox 323 2576 434 2630; x_wconf 83' lang='lat' dir='ltr'>cipiti</span> <span class='ocrx_word' id='word_1_289' title='bbox 458 2586 570 2617; x_wconf 87' lang='lat' dir='ltr'>metu</span> <span class='ocrx_word' id='word_1_290' title='bbox 599 2586 835 2633; x_wconf 80' lang='lat' dir='ltr'>urgeretur,</span> <span class='ocrx_word' id='word_1_291' title='bbox 875 2578 948 2618; x_wconf 90' lang='lat' dir='ltr'>sed</span> <span class='ocrx_word' id='word_1_292' title='bbox 973 2578 1115 2626; x_wconf 89' lang='lat' dir='ltr'>etiam,</span> <span class='ocrx_word' id='word_1_293' title='bbox 1160 2578 1298 2618; x_wconf 83' lang='lat' dir='ltr'>audita</span> <span class='ocrx_word' id='word_1_294' title='bbox 1326 2577 1550 2618; x_wconf 86' lang='lat' dir='ltr'>rebellione</span> <span class='ocrx_word' id='word_1_295' title='bbox 1574 2576 1676 2616; x_wconf 90' lang='lat' dir='ltr'>Iler-</span> 
     </span>
    </p>

    <p class='ocr_par' dir='ltr' id='par_1_11' title="bbox 279 2636 1672 2754">
     <span class='ocr_line' id='line_1_39' title="bbox 279 2636 1672 2694; baseline -0.001 -18"><span class='ocrx_word' id='word_1_296' title='bbox 279 2649 298 2676; x_wconf 82' lang='lat'>4</span> <span class='ocrx_word' id='word_1_297' title='bbox 323 2645 463 2690; x_wconf 76' lang='lat' dir='ltr'>getum</span> <span class='ocrx_word' id='word_1_298' title='bbox 501 2653 618 2692; x_wconf 90' lang='lat' dir='ltr'>spem</span> <span class='ocrx_word' id='word_1_299' title='bbox 652 2639 960 2694; x_wconf 85' lang='lat' dir='ltr'>recuperandae</span> <span class='ocrx_word' id='word_1_300' title='bbox 996 2639 1229 2693; x_wconf 87' lang='lat' dir='ltr'>Hispaniae</span> <span class='ocrx_word' id='word_1_301' title='bbox 1264 2646 1459 2687; x_wconf 84' lang='lat' dir='ltr'>nanctus,</span> <span class='ocrx_word' id='word_1_302' title='bbox 1508 2636 1672 2677; x_wconf 88' lang='lat' dir='ltr'>nuntios</span> 
     </span>
     <span class='ocr_line' id='line_1_40' title="bbox 325 2695 1672 2754; baseline -0.001 -17"><span class='ocrx_word' id='word_1_303' title='bbox 325 2695 623 2754; x_wconf 85' lang='lat' dir='ltr'>Carthaginem</span> <span class='ocrx_word' id='word_1_304' title='bbox 663 2701 715 2741; x_wconf 85' lang='lat' dir='ltr'>ad</span> <span class='ocrx_word' id='word_1_305' title='bbox 752 2709 941 2742; x_wconf 86' lang='lat' dir='ltr'>senatum</span> <span class='ocrx_word' id='word_1_306' title='bbox 977 2700 1118 2750; x_wconf 85' lang='lat' dir='ltr'>mittit,</span> <span class='ocrx_word' id='word_1_307' title='bbox 1168 2701 1237 2753; x_wconf 88' lang='lat' dir='ltr'>qui</span> <span class='ocrx_word' id='word_1_308' title='bbox 1273 2700 1395 2741; x_wconf 89' lang='lat' dir='ltr'>simul</span> <span class='ocrx_word' id='word_1_309' title='bbox 1432 2697 1672 2740; x_wconf 88' lang='lat' dir='ltr'>seditionem</span> 
     </span>
    </p>
   </div>
   <div class='ocr_carea' id='block_1_3' title="bbox 284 681 299 708">
    <p class='ocr_par' dir='ltr' id='par_1_12' title="bbox 284 681 299 708">
     <span class='ocr_line' id='line_1_41' title="bbox 284 681 299 708; textangle 90"><span class='ocrx_word' id='word_1_310' title='bbox 284 681 299 708; x_wconf 61' lang='lat' dir='ltr'>*l</span> 
     </span>
    </p>
   </div>
  </div>
 </body>
</html>
