1815 3184
286 238 364 279 126
582 243 734 278 LIBER
759 243 908 287 xxm,
935 243 1060 277 1314.
1089 246 1184 287 [au.
1201 245 1325 289 0538]

239 364 258 392 5
285 349 511 397 vincemur,
549 362 671 400 quam
702 360 811 387 nune
837 360 929 387 cum
956 346 1156 387 vincimus
1188 347 1257 387 dat
1282 348 1427 388 nemo?
1463 363 1559 404 ego,
1598 350 1631 390 si

284 411 374 464 quis
412 410 462 450 de
497 424 597 464 paee
635 409 820 450 consulet
862 424 935 449 seu
977 409 1197 450 deferenda
1234 409 1420 450 hostibus
1459 425 1531 450 seu
1568 426 1633 451 ac-

284 472 486 526 cipienda,
525 471 656 511 habeo
688 471 786 524 quid
822 471 1046 511 sententiae
1083 471 1234 511 dicam:
1279 471 1313 511 si
1349 472 1399 511 de
1430 472 1492 512 his
1529 486 1633 524 quae

282 534 411 588 Mago
437 533 616 587 postulat
640 532 819 580 refertis,
851 547 927 572 nee
951 532 1173 573 victoribus
1200 533 1304 573 mitti
1329 533 1510 573 adtinere
1536 542 1633 587 puto

284 602 322 636 et
359 594 648 635 frustrantibus
686 608 760 633 nos
798 593 903 635 falsa
939 602 1059 647 atque
1091 594 1201 634 inani
1233 609 1305 648 spe
1341 594 1468 635 multo
1499 595 1632 634 minus

285 671 432 698 censeo
457 656 655 695 mittenda
681 655 800 696 esse’.

241 727 258 755 6
368 718 484 758 Haut
510 717 660 757 multos
687 717 815 757 movit
839 716 1058 757 Hannonis
1085 717 1230 765 oratio,
1264 733 1358 757 nam
1384 724 1421 757 et
1449 717 1632 758 simultas

284 795 376 820 eum
402 779 556 819 familia
582 779 757 819 Barcina
788 778 982 819 leviorem
1013 786 1219 819 auctorem
1250 778 1427 819 faciebat
1451 786 1490 820 et
1515 794 1635 820 oceu-

282 842 367 895 pati
393 841 516 881 animi
542 841 746 895 praesenti
776 840 927 880 laetitia
959 840 1076 888 nihil,
1114 854 1195 893 quo
1220 841 1364 881 vanius
1396 841 1510 881 fieret
1534 857 1634 896 gau-

283 904 395 943 dium
417 918 548 950 suum,
576 902 742 943 auribus
764 901 1045 951 admittebant,
1067 902 1397 955 debellatumque
1417 917 1513 943 mox
1532 903 1631 951 fore,

285 967 318 1006 si
345 966 470 1006 adniti
495 966 662 1019 paulum
688 965 931 1014 voluissent,
957 964 1162 1006 rebantur.
1199 965 1336 1017 itaque
1361 965 1516 1019 ingenti
1541 980 1636 1005 con-

286 1043 408 1068 sensu
434 1028 477 1066 fit
504 1035 669 1067 senatus
697 1027 947 1072 consultum,
985 1034 1029 1066 ut
1054 1026 1280 1067 Hannibali
1306 1033 1495 1079 quattuor
1525 1027 1636 1067 milia

282 1090 553 1130 Numidarum
583 1089 625 1129 in
656 1089 986 1143 supplementum
1017 1089 1271 1129 mitterentur
1302 1096 1340 1129 et
1365 1089 1635 1144 quadraginta

238 1164 256 1193 8
285 1151 487 1205 elephanti
502 1163 538 1191 et
557 1149 704 1205 [mille]
721 1152 876 1205 argenti
891 1151 1059 1199 talenta,
1080 1151 1330 1203 dictatorque
1346 1165 1438 1191 eum
1453 1150 1634 1205 Magone

283 1214 324 1253 in
349 1213 595 1267 Hispaniam
621 1213 870 1266 praemissus
897 1221 957 1253 est
984 1213 1036 1252 ad
1061 1213 1325 1253 conducenda
1356 1213 1498 1267 viginti
1524 1213 1635 1253 milia

282 1276 483 1330 peditum,
511 1283 702 1327 quattuor
727 1275 927 1328 equitum,
955 1274 1103 1327 quibus
1130 1275 1345 1323 exercitus,
1373 1275 1442 1327 qui
1462 1275 1635 1314 inItalia

283 1337 433 1389 quique
458 1337 498 1376 in
524 1336 729 1390 Hispania
755 1344 885 1385 erant,
914 1336 1210 1390 supplerentur.

242 1406 254 1434 1
368 1399 520 1438 XIIII.
571 1398 766 1439 Ceterum
792 1399 910 1446 haec,
938 1409 979 1437 ut
1005 1398 1046 1437 in
1073 1397 1262 1437 secundis
1287 1397 1429 1446 rebus,
1457 1398 1636 1452 segniter

284 1460 493 1513 otioseque
529 1468 658 1515 gesta.
754 1461 942 1500 {omanos
986 1465 1146 1512 praeter
1186 1458 1351 1499 insitam
1393 1458 1635 1499 industriam

284 1522 428 1561 animis
455 1522 617 1562 fortuna
637 1521 757 1561 etiam
777 1521 956 1561 cunctari
976 1519 1230 1574 prohibebat.
1279 1535 1374 1560 nam
1399 1534 1473 1560 nec
1494 1521 1636 1561 consul

286 1584 354 1623 ulli
380 1583 454 1631 rei,
492 1598 595 1636 quae
622 1598 694 1637 per
724 1598 816 1623 eum
849 1583 1008 1636 agenda
1034 1589 1160 1629 esset,
1199 1582 1355 1630 deerat,
1395 1589 1434 1622 et
1464 1582 1636 1623 dictator

284 1645 343 1685 M.
370 1645 513 1685 Iunius
541 1645 645 1685 Pera
675 1644 798 1685 rebus
831 1644 979 1684 divinis
1006 1643 1197 1697 perfectis
1229 1643 1412 1697 latoque,
1449 1650 1494 1684 ut
1519 1643 1633 1693 solet,

284 1707 334 1747 ad
370 1707 585 1760 populum,
624 1715 667 1746 ut
704 1721 854 1759 equum
886 1705 1105 1746 escendere
1141 1705 1297 1754 liceret,
1341 1713 1502 1759 praeter
1533 1706 1634 1746 duas

284 1768 459 1809 urbanas
491 1769 693 1823 legiones,
733 1782 836 1821 quae
867 1767 1066 1821 principio
1097 1767 1192 1807 anni
1223 1782 1246 1807 a
1272 1767 1509 1808 consulibus
1541 1782 1636 1808 eon-

239 1841 256 1869 3
286 1831 458 1885 scriptae
496 1831 673 1878 fuerant,
724 1838 761 1869 et
800 1844 1010 1870 servorum
1048 1829 1241 1869 dilectum
1281 1829 1548 1881 cohortesque
1585 1843 1635 1869 ex

284 1908 381 1947 agro
401 1893 554 1933 Piceno
581 1900 617 1933 ct
641 1892 801 1934 Gallico
823 1892 1027 1933 eonlectas
1055 1892 1106 1932 ad
1125 1891 1313 1931 ultimum
1339 1906 1465 1945 prope
1491 1891 1636 1944 despe-

283 1967 392 1995 ratae
417 1955 472 1995 rei
498 1955 686 2009 publicae
712 1955 929 2003 auxilium,
962 1969 1055 1994 cum
1079 1953 1252 1994 honesta
1277 1953 1444 1994 utilibus
1471 1954 1632 2002 cedunt,

284 2017 495 2057 descendit
531 2017 757 2070 edixitque,
796 2017 866 2069 qui
897 2016 1114 2071 capitalem
1145 2016 1332 2056 fraudem
1364 2015 1453 2055 ausi
1483 2015 1634 2068 quique

283 2079 480 2132 pecuniae
511 2079 678 2119 iudicati
708 2080 747 2119 in
781 2078 953 2119 vinculis
986 2084 1139 2127 essent,
1178 2077 1248 2130 qui
1279 2092 1418 2118 eorum
1457 2084 1555 2131 aput
1591 2091 1634 2117 se

283 2141 430 2181 milites
467 2141 626 2190 fierent,
683 2156 752 2182 eos
789 2156 897 2181 noxa
933 2141 1187 2195 pecuniaque
1225 2153 1315 2180 sese
1352 2139 1510 2180 exsolvi
1551 2139 1635 2179 ius-

239 2214 257 2241 4
284 2217 436 2242 surum.
498 2217 545 2243 ea
587 2218 659 2244 sex
701 2203 812 2243 milia
852 2203 1063 2243 hominum
1103 2200 1272 2243 Gallicis
1316 2201 1480 2255 spoliis,
1529 2215 1634 2254 quae

283 2264 487 2318 triumpho
515 2264 562 2305 C.
589 2265 766 2305 Flamini
797 2264 941 2305 tralata
972 2272 1102 2312 erant,
1146 2263 1336 2311 armavit,
1374 2263 1511 2315 itaque
1542 2277 1632 2302 eum

282 2326 425 2380 viginti
452 2326 630 2379 quinque
657 2326 821 2367 milibus
848 2332 1097 2366 armatorum
1122 2325 1172 2366 ab
1200 2324 1298 2365 urbe
1324 2324 1604 2379 proficiscitur.

239 2398 258 2426 5
368 2387 579 2428 Hannibal
607 2387 752 2442 Capua
782 2395 945 2442 recepta
977 2402 1069 2427 cum
1099 2388 1247 2427 iterum
1272 2386 1633 2440 Neapolitanorum

284 2450 441 2491 animos
472 2451 619 2504 partim
651 2465 742 2504 spe,
780 2451 927 2504 partim
961 2458 1072 2489 metu
1102 2450 1349 2502 nequiquam
1381 2455 1633 2502 temptasset,

241 2523 257 2552 6
285 2511 324 2550 in
355 2527 497 2565 agrum
523 2511 728 2552 Nolanum
760 2512 983 2552 exereitum
1014 2512 1205 2560 traducit,
1248 2518 1292 2550 ut
1324 2525 1405 2551 non
1436 2510 1635 2550 hostiliter

285 2573 439 2621 statim,
472 2574 566 2625 quia
591 2589 673 2614 non
698 2572 941 2627 desperabat
966 2573 1236 2613 voluntariam
1263 2572 1528 2619 deditionem,
1564 2571 1632 2617 ita,

286 2634 320 2673 si
356 2643 607 2675 morarentur
644 2651 776 2689 spem,
816 2635 916 2675 nihil
953 2649 1091 2675 eorum
1128 2649 1232 2687 quae
1267 2634 1352 2688 pati
1389 2640 1458 2673 aut
1493 2632 1632 2671 timere

242 2707 257 2734 7
285 2703 450 2748 possent
489 2697 862 2749 praetei-missurus.
936 2704 1101 2736 senatus
1139 2710 1186 2736 ae
1223 2695 1399 2735 maxime
1435 2693 1631 2746 primores

241 980 255 1008 λ1

240 1596 257 1624 Ιό
