1815 3184
510 245 664 280 LIBER
689 245 837 289 XXVI,
865 245 895 279 7.
914 245 946 279 8.
975 247 1022 288 [a.
1038 244 1076 280 e.
1091 245 1173 288 211]
1436 235 1518 276 273

163 349 463 404 desperandum
488 349 666 402 aliquam
691 355 848 403 partem
873 347 985 388 urbis
1011 348 1202 402 occupari
1227 362 1366 402 posse,
1399 354 1456 397 et,
1484 349 1518 388 si
1544 362 1563 391 5

163 412 295 452 Roma
325 411 366 451 in
398 411 632 451 discrimine
664 417 790 459 esset,
831 409 1019 464 Capuam
1052 410 1256 463 extemplo
1292 410 1517 451 omissuros

163 480 232 513 aut
257 472 378 513 ambo
403 473 669 526 imperatores
695 472 905 513 Romanos
938 478 1008 511 aut
1039 471 1209 511 alterum
1235 486 1286 511 ex
1316 472 1364 512 iis
1391 477 1447 521 et,
1485 472 1520 512 si

162 536 398 577 divisissent
423 536 580 589 copias,
618 541 835 588 utrumque
866 534 1130 574 infirmiorem
1161 534 1315 574 factum
1347 541 1416 574 aut
1441 534 1518 575 sibi

163 606 232 638 aut
264 597 488 651 Campanis
520 596 624 637 bene
660 597 865 651 gerendae
896 597 954 636 rei
984 596 1191 636 fortunam
1222 596 1387 636 daturos
1414 610 1516 636 esse.

162 675 243 700 una
280 674 328 699 ea
364 674 460 699 cura
497 659 698 713 angebat,
746 674 821 707 ne,
864 658 936 698 ubi
971 658 1264 706 abscessisset,
1314 658 1518 712 extemplo

163 721 408 761 dederentur
446 719 660 774 Campani.
732 720 954 760 Numidam
1001 726 1235 773 promptum
1284 720 1336 760 ad
1383 720 1519 760 omnia

164 781 361 837 [agenda]
396 782 664 834 audendaque
701 781 819 822 donis
855 781 1031 835 perlicit,
1080 788 1125 821 ut
1159 781 1302 821 litteris
1340 782 1518 835 acceptis

162 845 297 897 specie
335 843 573 897 transfugae
609 849 743 884 eastra
772 843 961 882 Romana
996 842 1207 896 ingressus
1245 843 1370 883 altera
1404 850 1518 896 parte

162 906 266 945 clam
294 904 481 958 Capuam
507 905 715 957 pervadat.
754 904 910 943 litterae
936 910 1073 944 autem
1099 910 1212 944 erant
1237 904 1518 945 adhortatione

160 967 323 1020 plenae:
349 966 645 1020 profectionem
673 980 802 1013 suam,
829 979 934 1017 quae
962 964 1149 1005 salutaris
1176 965 1254 1005 illis
1280 966 1397 1013 foret,
1424 966 1519 1006 abs-

161 1035 379 1068 tracturam
417 1027 469 1067 ad
505 1026 806 1066 defendendam
830 1026 1008 1066 Romam
1045 1026 1095 1066 ab
1129 1028 1406 1081 oppugnanda
1438 1027 1518 1068 Ca-

160 1104 240 1142 pua
276 1089 401 1128 duces
439 1095 560 1140 atque
598 1087 799 1127 exercitus
836 1087 1060 1127 Romanos.
1132 1103 1182 1128 nc
1219 1089 1518 1141 desponderent

159 1151 334 1198 animos3
362 1149 570 1189 tolerando
590 1163 744 1202 paucos
766 1149 852 1189 dies
874 1155 1000 1189 totam
1022 1148 1226 1189 soluturos
1247 1149 1515 1190 obsidionem.

158 1211 250 1251 inde
276 1211 391 1251 navis
418 1211 458 1251 in
482 1211 648 1250 flumine
676 1210 879 1251 Vulturno
906 1210 1209 1263 conprehensas
1237 1211 1373 1266 subigi
1399 1213 1450 1252 ad
1476 1212 1516 1252 id

157 1273 267 1325 quod
301 1272 384 1313 iam
420 1279 512 1312 ante
549 1272 743 1326 praesidii
780 1287 906 1313 causa
942 1271 1096 1312 fecerat
1133 1273 1347 1313 castellum
1384 1274 1515 1315 iussit.

157 1348 330 1387 quarum
366 1333 437 1374 ubi
473 1341 628 1374 tantam
671 1334 831 1388 copiam
874 1349 990 1383 esse,
1041 1342 1084 1374 ut
1126 1350 1207 1375 una
1248 1342 1366 1376 nocte
1403 1336 1518 1376 traici

157 1402 298 1449 posset
346 1396 568 1444 exercitus,
618 1396 786 1436 allatum
835 1403 914 1445 est,
965 1396 1126 1437 cibariis
1176 1397 1317 1438 decem
1360 1398 1517 1439 dierum

158 1457 409 1511 praeparatis
437 1457 633 1498 deductas
659 1464 778 1499 nocte
804 1458 857 1499 ad
875 1458 1045 1499 fiuvium
1066 1458 1249 1513 legiones
1270 1466 1362 1501 ante
1383 1461 1515 1501 lucem

160 1518 330 1558 traiecit.

243 1580 364 1621 VHL
414 1581 463 1621 Id
489 1582 728 1635 priusquam
754 1583 886 1631 fieret,
913 1583 970 1623 ita
995 1583 1179 1624 futurum
1206 1590 1444 1638 conpertum
1466 1600 1516 1625 ex

159 1642 385 1695 transfugis
412 1642 584 1683 Fulvius
609 1644 786 1684 Flaccus
819 1645 977 1685 senatui
1002 1645 1179 1685 Romam
1206 1660 1297 1685 cum
1331 1646 1517 1699 scripsis-

159 1709 236 1751 set,
275 1704 384 1743 varie
417 1705 541 1745 animi
576 1705 788 1746 hominum
823 1721 897 1760 pro
935 1706 1133 1759 cuiusque
1170 1707 1334 1761 ingenio
1365 1708 1517 1748 adfecti

159 1772 264 1805 sunt.
325 1772 369 1806 ut
404 1766 445 1806 in
481 1782 523 1807 re
559 1774 642 1808 tam
680 1768 837 1821 trepida
868 1775 1012 1809 senatu
1049 1769 1254 1822 extemplo
1290 1776 1435 1810 vocato
1465 1769 1513 1810 P.

160 1826 394 1877 Cornelius,
421 1830 485 1869 cui
511 1827 668 1870 Asinae
695 1844 924 1884 cognomen
950 1837 1052 1879 erat,
1080 1845 1221 1871 omnes
1248 1831 1373 1872 duces
1400 1846 1515 1872 exer-

158 1889 342 1942 citusque
369 1905 420 1931 ex
445 1898 529 1931 tota
553 1890 673 1931 Italia
698 1906 831 1944 neque
848 1891 1017 1945 Capuae
1042 1907 1174 1945 neque
1200 1892 1321 1934 ullius
1348 1893 1512 1933 alterius

156 1951 213 1991 rei
233 1966 389 1993 memor
408 1953 459 1993 ad
480 1952 590 1993 urbis
612 1954 862 2007 praesidium
882 1953 1114 2002 revocabat,
1129 1954 1285 1995 Fabius
1300 1954 1511 1995 Maximus

157 2011 324 2053 abscedi
354 2030 378 2054 a
411 2014 556 2068 Capua
588 2016 808 2068 terrerique
841 2022 880 2056 et
911 2015 1135 2070 circumagi
1167 2017 1219 2056 ad
1249 2025 1372 2058 nutus
1405 2032 1514 2057 com-

156 2073 481 2129 minationesque
518 2077 764 2118 Hannibalis
802 2077 1053 2131 flagitiosum
1095 2078 1294 2119 ducebat:
1355 2080 1424 2132 qui
1461 2080 1513 2120 ad

158 2133 324 2176 Cannas
351 2136 479 2178 victor
504 2138 560 2180 ire
587 2145 723 2179 tamen
749 2139 801 2179 ad
825 2139 967 2179 urbem
995 2155 1120 2180 ausus
1146 2155 1228 2180 non
1254 2148 1380 2189 esset,
1420 2155 1513 2181 eum

156 2211 179 2235 a
205 2197 350 2250 Capua
375 2200 584 2253 repulsum
611 2216 726 2254 spem
751 2201 972 2255 potiundae
1004 2201 1116 2242 urbis
1142 2201 1301 2242 Romae
1332 2201 1510 2256 cepisse!

155 2273 235 2297 non
261 2259 313 2298 ad
338 2260 514 2301 Romam
545 2262 831 2312 obsidendam,
870 2264 943 2304 sed
974 2264 1026 2304 ad
1059 2263 1227 2318 Capuae
1258 2264 1511 2305 liberandam

154 2319 410 2361 obsidionem
435 2323 504 2363 ire.
564 2324 740 2364 Romam
767 2340 861 2365 cum
886 2340 933 2366 eo
960 2326 1158 2375 exercitu,
1197 2327 1266 2379 qui
1291 2326 1343 2366 ad
1367 2326 1511 2367 urbem

153 2389 280 2431 esset,
323 2383 465 2424 Iovem
502 2384 714 2426 foederum
749 2394 963 2441 ruptorum
999 2387 1050 2428 ab
1087 2387 1323 2429 Hannibale
1365 2394 1510 2429 testem

152 2443 332 2497 deosque
370 2446 470 2486 alios
508 2447 749 2489 defensuros
788 2464 890 2489 esse.
952 2449 1026 2489 has
1064 2450 1247 2490 diversas
1286 2451 1507 2491 sententias

151 2505 286 2545 media
312 2508 511 2548 sententia
536 2509 584 2549 P.
612 2509 767 2550 Valerii
791 2510 931 2551 Flacci
958 2511 1070 2560 vicit,
1108 2511 1177 2564 qui
1210 2512 1420 2565 utriusque
1450 2512 1510 2552 rei

150 2581 306 2607 memor
330 2568 644 2623 imperatoribus
677 2572 746 2624 qui
777 2573 830 2612 ad
856 2572 1044 2626 Capuam
1076 2580 1214 2614 essent
1246 2573 1506 2615 scribendum

150 2629 326 2678 censuit,
364 2632 463 2684 quid
500 2633 552 2672 ad
588 2633 731 2674 urbem
767 2635 960 2688 praesidii
997 2642 1122 2676 esset:
1160 2642 1333 2689 quantas
1370 2643 1506 2676 autem

1546 919 1561 947 7

1543 1103 1562 1131 S

1543 1225 1560 1254 9

1545 1351 1585 1379 10

1546 1600 1557 1627 l

1541 1784 1559 1812 2

1539 1970 1557 1998 3

1545 2093 1556 2120 l

1535 2465 1552 2494 6
1569 2447 1571 2449 ,

150 2689 359 2733 Hannibal
385 2694 522 2747 copias
550 2695 717 2736 duceret
747 2703 817 2737 aut
848 2703 1000 2755 quanto
1032 2698 1213 2739 exercitu
1239 2698 1291 2738 ad
1318 2696 1506 2753 Capuam
1551 2700 1554 2703 ”

205 2758 279 2801 μυί
299 2760 352 2785 vot.
369 2759 400 2787 11.
1237 2764 1280 2797 18
