1815 3184
474 223 627 258 LIBER
650 222 833 267 xxvm,
859 222 892 257 6.
913 223 943 257 7.
971 224 1019 266 [a.
1035 221 1167 266 C.207]
1411 213 1493 256 389

156 328 348 377 telorum,
374 334 415 369 et
438 327 651 369 tormentis
676 326 957 381 machinisque
983 326 1035 367 ad
1058 325 1379 382 oppugnandam
1403 341 1494 367 eam

156 405 208 432 ex
232 390 405 431 navibus
431 390 641 444 expositis.
701 404 794 430 cum
819 389 1000 430 omnium
1025 388 1181 430 animos
1207 389 1428 442 oculosque
1452 387 1495 429 id
1519 401 1538 431 4

156 461 363 493 certamen
388 452 621 501 avertisset,
646 459 764 507 porta
788 451 1027 492 maritumae
1053 450 1156 492 arcis
1181 450 1324 492 Plator
1341 450 1495 491 Roma-

156 530 231 556 nos
269 514 444 569 aceepit,
487 522 777 567 momentoque
814 529 886 554 arx
921 521 1120 568 occupata
1156 520 1230 554 est.
1301 511 1496 568 oppidani

155 577 263 631 pulsi
293 576 387 616 inde
418 576 460 616 in
490 576 666 616 mediam
696 577 840 616 urbem
872 576 924 615 ad
954 575 1124 616 alteram
1154 575 1321 616 tendere
1346 589 1494 615 arcem.

155 647 195 680 et
219 639 275 679 ibi
299 638 423 693 positi
447 645 562 679 erant
587 637 655 690 qui
680 638 789 678 fores
814 645 955 692 portae
981 637 1201 678 obicerent.
1260 637 1317 678 ita
1341 635 1496 678 exclusi
1520 649 1540 679 5

155 701 197 741 in
233 701 367 741 medio
405 701 628 741 caeduntur
665 700 971 754 capiunturque.
1029 700 1311 741 hlacedonum
1340 699 1496 755 praesi-
1522 711 1540 741 6

156 763 267 802 dium
293 762 583 817 conglobatum
609 762 685 802 sub
711 761 814 802 arcis
840 777 955 802 muro
981 762 1110 811 stetit3
1142 776 1218 803 nec
1242 761 1342 816 fuga
1366 761 1497 802 effuse

155 824 283 879 petita
305 838 381 865 nec
406 823 666 878 pertinaciter
689 824 890 878 proelium
913 823 1070 864 initum.
1119 839 1189 865 eos
1209 824 1352 865 Plator
1376 823 1497 864 venia
1522 836 1539 865 7

156 887 207 926 ab
235 885 417 940 Sulpicio
448 886 666 940 impetrata
695 886 735 925 in
766 901 893 926 naves
919 885 1133 939 impositos
1160 886 1212 926 ad
1235 885 1496 926 Demetrium

154 948 404 989 Phthiotidis
431 947 638 1002 exposuit,
664 947 753 1001 ipse
779 948 831 988 ad
854 948 1044 988 Attalum
1070 962 1113 988 se
1137 948 1303 1002 recepit.

239 1009 446 1064 Sulpicius
479 1018 562 1050 tam
592 1009 701 1049 facili
727 1010 779 1049 ad
805 1009 964 1050 Oreum
990 1023 1187 1050 successu
1211 1010 1343 1050 elatus
1370 1008 1496 1050 Chal·
1520 1022 1540 1052 8

153 1072 285 1112 cidem
304 1072 398 1112 inde
417 1071 602 1125 protinus
618 1070 773 1110 victrici
794 1071 925 1112 classe
944 1071 1063 1126 petit3
1089 1071 1160 1111 ubi
1180 1071 1497 1124 haudquaquam

153 1134 205 1174 ad
231 1148 347 1188 spem
372 1140 542 1173 eventus
567 1132 792 1186 respondit.
841 1147 893 1172 ex
910 1132 1068 1188 patenti
1085 1133 1289 1186 utrimque
1310 1139 1496 1173 eoactum
1522 1145 1540 1175 9

150 1195 194 1236 in
221 1195 436 1250 ,angustias
468 1210 580 1235 mare
613 1195 793 1250 speciem
822 1194 996 1236 intuenti
1020 1195 1151 1250 primo
1176 1194 1330 1250 gemini
1353 1203 1496 1249 portus

150 1257 193 1298 in
223 1272 294 1298 ora
325 1257 405 1298 duo
435 1257 544 1298 versi
573 1258 790 1313 praebere,
825 1257 899 1298 sed
923 1257 1033 1297 haud
1057 1257 1177 1298 facile
1203 1256 1282 1297 alia
1310 1256 1497 1298 infestior

151 1319 275 1360 classi
306 1319 427 1360 statio
453 1327 528 1360 est.
587 1334 683 1360 nam
708 1326 748 1360 et
772 1319 884 1360 venti
910 1319 961 1360 ab
985 1319 1198 1372 utriusque
1224 1326 1354 1360 terrae
1379 1333 1497 1373 prae·
1523 1331 1563 1361 10

151 1381 243 1422 altis
286 1382 493 1423 montibus
538 1381 662 1422 subiti
706 1396 754 1422 ac
793 1381 1013 1437 procellosi
1054 1382 1234 1423 deiciunt
1269 1388 1310 1423 et
1345 1381 1496 1423 fretum

150 1444 287 1499 ipsum
310 1444 457 1498 Euripi
480 1459 563 1485 non
589 1443 769 1499 septiens
795 1444 878 1493 die,
912 1444 1016 1485 sicut
1040 1444 1152 1485 fama
1175 1444 1273 1493 fert,
1305 1443 1497 1499 tempori-

150 1507 227 1546 bus
260 1506 375 1547 statis
406 1506 650 1560 reciprocat,
690 1506 763 1546 sed
794 1513 947 1547 temere
977 1506 1020 1546 in
1049 1506 1217 1548 modum
1248 1506 1359 1547 venti
1389 1519 1497 1546 nunc

151 1568 248 1617 huc,
274 1582 382 1608 nunc
406 1568 501 1608 illuc
526 1583 645 1609 verso
671 1568 774 1608 mari
798 1569 910 1609 velut
933 1576 1071 1610 monte
1095 1568 1308 1623 praecipiti
1329 1567 1498 1608 devolu-

154 1638 219 1671 tus
252 1638 410 1671 torrens
436 1630 605 1684 rapitur.
664 1630 721 1671 ita
744 1644 821 1671 nec
845 1637 964 1671 nocte
989 1645 1066 1671 nec
1091 1630 1156 1671 die
1181 1631 1295 1683 quies
1321 1629 1495 1671 navibus
1523 1643 1560 1672 11

152 1693 282 1733 datur.
343 1707 435 1732 cuin
472 1692 648 1733 classem
678 1700 762 1732 tam
792 1692 944 1733 infesta
974 1692 1095 1734 statio
1127 1693 1302 1747 accepit,
1340 1699 1426 1732 tum
1457 1698 1498 1732 et

151 1754 348 1809 oppidum
374 1754 453 1794 alia
476 1762 591 1809 parte
623 1754 808 1795 clausum
838 1754 960 1804 mari,
998 1754 1078 1795 alia
1108 1755 1159 1796 ab
1190 1761 1299 1795 terra
1329 1753 1495 1809 egregie

151 1817 352 1857 munitum
381 1817 668 1871 praesidioque
698 1817 834 1857 valido
865 1817 1070 1857 firmatum
1101 1824 1142 1858 et
1170 1816 1390 1872 praecipue
1415 1816 1496 1856 fide

149 1879 452 1934 praefectorum
487 1878 817 1934 principumque,
863 1893 967 1932 quae
1002 1879 1114 1919 fluxa
1156 1886 1196 1920 et
1236 1894 1344 1919 vana
1386 1878 1497 1933 apud

152 1941 311 1982 Oreum
335 1941 486 1990 fuerat,
520 1940 666 1982 stabile
691 1948 812 1994 atque
837 1940 1156 1995 inexpugnabile
1181 1940 1270 1982 fuit.
1329 1940 1372 1981 id
1399 1956 1497 1996 pru·
1525 1954 1562 1983 12

151 2003 306 2052 denter,
343 2010 388 2043 ut
417 2002 459 2043 in
490 2010 643 2044 temere
676 2009 869 2058 suscepta
896 2017 959 2052 re,
990 2003 1204 2044 Romanus
1235 2002 1349 2052 fecit,
1387 2002 1498 2056 quod

152 2065 458 2119 circumspectis
491 2065 822 2114 difficultatibus,
858 2079 910 2105 ne
946 2064 1099 2105 frustra
1135 2071 1297 2119 tempus
1334 2071 1495 2114 tereret,

152 2126 337 2167 celeriter
369 2126 526 2167 abstitit
550 2126 713 2182 incepto
739 2126 996 2179 classemque
1022 2127 1116 2167 inde
1142 2127 1195 2167 ad
1220 2125 1384 2181 Cynum
1409 2126 1497 2168 Lo-

152 2187 274 2228 cridis
293 2213 326 2217 —
345 2188 571 2243 emporium
589 2189 631 2229 id
650 2196 712 2229 est
732 2188 843 2230 urbis
865 2188 1144 2244 Opuntiorum
1162 2188 1272 2230 mille
1297 2203 1496 2244 passuum

152 2267 177 2291 a
200 2266 301 2291 marl
328 2258 429 2291 sitae
454 2276 487 2280 —
511 2251 679 2292 traiecit.

234 2313 335 2355 VII.
393 2313 633 2368 Philippum
665 2320 705 2355 et
733 2313 851 2368 ignes
885 2315 935 2355 ab
964 2313 1076 2355 Oreo
1110 2312 1208 2354 editi
1237 2318 1492 2362 monuerant,
1521 2327 1536 2356 1

152 2375 226 2416 sed
251 2375 380 2415 serius
398 2375 577 2416 Platoris
603 2376 747 2417 fraude
773 2391 825 2417 ex
850 2376 1017 2431 specula
1042 2376 1155 2426 elati3
1188 2384 1228 2417 et
1251 2375 1384 2431 inpari
1408 2391 1494 2416 ma-

149 2437 308 2478 ritumis
340 2437 495 2478 viribus
526 2437 637 2478 haud
667 2438 798 2479 facilis
830 2446 917 2479 crat
939 2438 981 2479 in
1005 2438 1183 2479 insulam
1208 2439 1331 2479 classi
1356 2452 1495 2479 acces-

152 2515 234 2540 sus.
306 2499 362 2540 ita
408 2514 481 2555 per
523 2500 823 2541 cunctationem
868 2499 947 2555 [re]
992 2500 1146 2542 omissa
1187 2500 1239 2541 ad
1282 2498 1493 2541 Chalcidis
1519 2514 1538 2543 2

151 2561 366 2610 auxilium,
403 2562 473 2602 ubi
504 2562 668 2617 signum
698 2562 873 2617 aceepit,
910 2562 1084 2618 impigre
1115 2570 1178 2604 est
1207 2569 1362 2612 motus;
1398 2577 1494 2603 nam

150 2631 192 2665 et
225 2623 316 2679 ipsa
353 2622 521 2665 Chalcis
565 2639 812 2678 quamquam
854 2625 1038 2666 eiusdem
1077 2625 1235 2666 insulae
1276 2625 1374 2666 urbs
1417 2631 1492 2674 est,

151 2692 288 2727 tamen
318 2686 420 2728 adeo
452 2693 539 2728 arto
570 2686 874 2729 interscinditur
897 2687 1021 2738 freto,
1051 2694 1096 2728 ut
1119 2694 1244 2743 ponte
1270 2686 1492 2729 continenti
