1815 3184
287 237 312 276 6
625 245 779 279 LJBER
803 245 916 288 xx1‚
943 248 973 279 (5.
993 247 1023 279 7.
1052 246 1290 289 [a.u.e.536]

283 349 326 388 in
350 347 538 388 Africam
569 347 784 387 traicerent
815 361 863 387 ac
894 347 1098 387 sociorum
1128 347 1269 400 populi
1300 347 1477 389 Romani
1506 351 1640 402 queri-

240 425 259 453 5
284 410 442 450 monias
469 408 686 456 deferrent,
714 433 768 437 ——
793 408 871 448 hac
896 407 1099 462 legatione
1122 409 1286 449 decreta
1303 409 1480 449 necdum
1499 411 1637 459 missa,

285 470 467 510 omnium
507 483 580 522 spe
616 469 788 509 celerius
823 468 1057 524 Saguntum
1093 470 1323 524 oppugnari
1354 471 1534 511 adlatum
1566 480 1639 513 est.

241 546 258 575 6
285 543 380 571 tunc
406 530 531 570 relata
557 530 607 570 de
631 530 792 585 integro
823 546 886 572 res
919 531 971 571 ad
1003 538 1218 581 senatum,
1248 540 1286 572 et
1317 532 1385 572 alii
1408 533 1640 586 provincias

284 591 521 632 consulibus
559 591 808 645 Hispaniam
845 600 966 645 atque
1004 592 1191 633 Africam
1234 594 1499 635 decernentes
1535 602 1642 635 terra

282 655 465 706 marique
484 668 569 694 rem
589 655 811 708 gerendam
833 654 1068 703 censebant,
1095 655 1163 695 alii
1184 664 1313 696 totum
1333 656 1374 695 in
1394 656 1641 710 Hispaniam

282 715 645 768 Hannibalemque
671 716 928 756 intenderant
953 715 1119 765 bellum,
1147 724 1261 757 erant
1288 718 1358 770 qui
1382 733 1464 758 non
1490 726 1641 758 temere

282 777 528 817 movendam
558 792 645 817 rem
677 786 832 818 tantam
865 779 1223 832 expectandosque
1262 793 1313 818 ex
1344 779 1549 833 Hispania
1585 780 1643 820 10-

237 854 256 883 s
282 850 400 894 gatos
426 851 650 880 censerent.
695 840 797 880 haec
823 840 1036 888 sententia,
1063 855 1168 893 quae
1188 841 1393 881 tutissima
1413 841 1641 889 videbatur,

282 902 396 949 vicit,
435 901 642 955 legatique
669 917 716 942 co
742 902 940 942 maturius
972 902 1088 942 missi
1112 902 1161 942 P.
1189 902 1378 943 Valerius
1403 903 1578 944 Flaccus
1605 911 1643 943 et

284 962 336 1015 Q.
364 963 546 1003 Baebius
580 963 824 1017 Tamphilus
859 962 1093 1018 Saguntum
1124 964 1175 1004 ad
1207 964 1485 1005 Hannibalem
1519 972 1641 1017 atque

282 1025 376 1065 inde
409 1024 722 1079 Carthaginem,
763 1025 795 1065 si
832 1041 913 1065 non
951 1025 1216 1066 absisteretur
1251 1025 1376 1075 bello,
1414 1027 1467 1066 ad
1496 1027 1642 1066 ducem

282 1087 418 1141 ipsum
444 1087 484 1126 111
510 1101 684 1141 poenam
709 1087 886 1128 foederis
914 1088 1023 1141 rupti
1049 1087 1368 1141 deposcendum.

242 1164 252 1191 1
368 1149 466 1190 VH.
515 1149 630 1189 Dum
657 1164 705 1190 ca
729 1149 907 1190 Romani
932 1158 1077 1204 parant
1103 1150 1429 1204 consultantque,
1455 1151 1537 1190 iam
1567 1149 1643 1191 Sa-

281 1218 455 1266 guntum
489 1226 651 1251 summa
682 1212 721 1251 11
754 1212 1085 1267 oppugnabatur.
1142 1212 1286 1252 civitas
1319 1227 1366 1252 ea
1396 1212 1518 1266 longe
1543 1227 1644 1266 opu-

281 1273 509 1313 lentissima
541 1273 645 1313 ultra
672 1273 876 1314 Hiberum
907 1274 1002 1322 fuit,
1036 1273 1113 1314 sita
1144 1288 1292 1327 passus
1325 1274 1434 1314 mille
1464 1274 1594 1314 ferme
1621 1289 1645 1314 a

281 1336 395 1376 mari.
440 1336 599 1376 oriundi
625 1352 648 1376 a
669 1335 881 1390 Zacyntho
906 1336 1041 1376 insula
1067 1337 1268 1384 (licuntur,
1298 1337 1495 1390 mixtique
1521 1337 1642 1377 etiam

238 1411 256 1440 3
282 1397 333 1438 ab
358 1398 500 1438 Ardea
526 1397 773 1438 Rutulorum
806 1398 972 1451 quidam
1005 1398 1188 1452 generis3
1226 1409 1407 1438 ceterum
1437 1399 1478 1438 in
1510 1405 1643 1438 tantas

282 1458 396 1499 111011
421 1469 631 1500 creverant
656 1474 755 1513 opes
782 1474 856 1500 seu
881 1460 1094 1501 maritimis
1122 1474 1195 1500 seu
1220 1459 1478 1501 terrestribus
1504 1460 1645 1500 fructi-

284 1520 360 1562 bus
388 1536 459 1561 seu
484 1522 755 1562 multitudinis
781 1522 1031 1562 incremento
1058 1536 1130 1562 seu
1156 1521 1395 1576 disciplinae
1417 1522 1642 1571 sanctitate,

283 1597 363 1635 qua
388 1583 511 1623 fidem
538 1583 731 1623 socialem
757 1599 887 1637 usque
914 1584 965 1624 ad
990 1584 1211 1638 pernicicm
1239 1599 1354 1624 suam
1381 1583 1608 1625 coluerunt.

237 1660 257 1687 4
368 1645 580 1685 Hannibal
612 1646 762 1686 infesto
801 1646 981 1686 exercitu
1018 1647 1232 1700 ingressus
1269 1646 1362 1686 finis
1398 1646 1644 1700 pervastatis

239 1722 257 1750 5
282 1707 439 1761 passim
471 1707 579 1761 agris
611 1707 756 1748 urbem
787 1708 987 1762 tripertito
1022 1708 1272 1762 adgreditur.
1328 1708 1503 1762 angulus
1540 1709 1645 1748 muri

282 1776 366 1809 erat
390 1769 432 1809 in
462 1769 691 1823 planiorem
721 1770 1075 1824 patentioremque
1107 1785 1232 1823 quam
1264 1777 1397 1810 cetera
1428 1770 1535 1810 circa
1560 1770 1646 1810 val-

282 1830 363 1871 lem
394 1845 582 1885 vergens.
639 1831 837 1872 adversus
875 1846 968 1872 eum
1006 1832 1147 1872 vineas
1185 1846 1307 1886 agere
1343 1832 1534 1880 instituit,
1572 1846 1646 1885 per

238 1906 255 1935 6
282 1908 384 1946 quas
411 1893 515 1934 aries
541 1893 756 1934 moenibus
783 1893 992 1934 admoveri
1011 1900 1164 1947 posset.
1209 1893 1282 1933 sed
1303 1900 1347 1933 ut
1365 1894 1480 1934 locus
1501 1893 1643 1947 procul

282 1970 398 1995 muro
431 1955 528 1995 satis
560 1969 716 2008 aequus
756 1955 926 2009 agendis
959 1955 1089 1995 1111015
1115 1955 1210 2002 suit,
1248 1955 1305 1994 ita
1334 1954 1644 2007 hautquaquam

282 2030 489 2069 prospere,
515 2024 735 2070 postquam
760 2018 812 2057 ad
832 2017 1024 2057 effectum
1045 2016 1178 2070 operis
1198 2023 1367 2056 1011111111
1387 2023 1460 2065 est,
1488 2017 1643 2070 coeptis

239 2092 254 2120 7
284 2077 541 2119 succedebat.
596 2087 635 2118 et
665 2079 786 2119 turris
817 2079 963 2133 ingens
1000 2077 1225 2118 inminebat
1256 2084 1295 2118 et
1331 2092 1490 2126 murus,
1527 2085 1573 2117 ut
1601 2079 1643 2118 in

283 2150 474 2193 suspecto
498 2139 608 2189 loco,
649 2155 773 2194 supra
798 2150 955 2180 ceterae
982 2140 1149 2180 modum
1181 2139 1406 2180 altitudinis
1438 2140 1643 2180 emunitus

282 2213 368 2242 erat
393 2209 432 2242 et
457 2202 647 2242 1111011105
674 2202 850 2250 delecta,
878 2201 949 2242 ubi
972 2201 1195 2256 plurimum
1220 2201 1389 2256 periculi
1415 2216 1462 2242 ac
1488 2201 1643 2242 timoris

237 2278 256 2305 ὅ
283 2263 594 2313 ostendebatur,
628 2263 684 2304 ibi
710 2264 751 2304 11
776 2264 928 2304 maiore
960 2263 1228 2304 obsistebant.
1278 2278 1325 2303 ac
1351 2263 1482 2317 primo
1507 2263 1644 2303 missi-

281 2325 389 2366 libus
422 2325 666 2366 submovere
697 2325 858 2366 hostem
889 2339 965 2365 nec
995 2325 1216 2378 quicquam
1255 2324 1354 2365 satis
1391 2332 1523 2364 tutum
1555 2339 1644 2364 mu-

282 2387 488 2428 nientibus
515 2388 617 2442 pati,
645 2387 792 2428 deinde
817 2388 899 2427 iam
924 2402 1006 2427 non
1030 2402 1104 2440 pro
1129 2386 1346 2427 moenibus
1372 2387 1495 2427 modo
1521 2396 1644 2439 atque

283 2450 381 2489 turri
408 2449 487 2490 tela
511 2450 682 2498 micare,
722 2450 795 2490 sed
820 2450 872 2489 ad
897 2449 1195 2503 erumpendum
1225 2449 1347 2489 etiam
1379 2449 1421 2488 111
1447 2448 1642 2490 stationes

239 2523 256 2552 9
284 2526 488 2565 operaque
513 2512 695 2552 hostium
719 2512 880 2552 animus
906 2519 1010 2560 erat,
1038 2511 1187 2564 quibus
1214 2511 1489 2552 tumultuariis
1516 2518 1644 2551 certa-

284 2573 462 2614 minibus
477 2574 589 2614 haud
606 2574 733 2614 ferme
755 2574 893 2628 plures
911 2572 1132 2627 Saguntini
1145 2572 1345 2613 cadebant
1360 2588 1483 2626 quam
1498 2573 1640 2613 Poeni.

220 2648 258 2676 10
284 2644 327 2675 ut
352 2651 448 2676 1010
474 2636 687 2677 Hannibal
717 2637 825 2691 ipse,
859 2638 958 2677 dum
984 2652 1147 2677 murum
1179 2637 1382 2677 incautius
1410 2636 1537 2685 subit,
1570 2636 1642 2676 ad-

284 2711 448 2737 versum
478 2698 612 2738 femur
642 2699 801 2753 tragula
831 2699 1010 2753 graviter
1046 2699 1151 2740 ictus
1189 2699 1352 2747 cecidit,
1391 2706 1503 2739 tanta
1533 2697 1640 2738 circa

240 732 255 759 ΙΝ1

237 1227 255 1255 Na
