1815 3184
462 248 615 284 LIBER
639 248 822 292 XXVuI,
846 247 878 282 4.
898 247 930 282 5.
959 249 1006 291 [a.
1022 246 1157 290 O.2o7]
1398 236 1478 278 387

144 355 272 396 berna
305 352 555 409 legionibus,
598 352 651 393 L.
685 350 877 407 Scipione
914 350 1038 392 fratre
1068 350 1245 391 Romam
1279 349 1406 390 misso
1442 355 1483 390 et

144 417 352 457 Hannone
382 415 562 456 hostium
589 414 835 469 imperatore
866 412 1092 466 ceterisque
1121 411 1326 453 nobilibus
1356 411 1483 466 capti-

145 479 206 519 vis
232 478 321 532 ipse
346 476 623 518 Tarraconem
648 475 865 517 concessit.

228 539 390 580 Eodem
414 553 521 580 anno
548 538 691 579 classis
711 538 901 579 Romana
922 551 1015 578 cum
1033 536 1094 578 M.
1108 536 1276 579 Valerio
1296 535 1484 576 Laevino

144 601 389 657 proconsule
420 616 471 641 ex
502 599 643 641 Sicilia
671 599 713 640 in
742 599 930 640 Africam
960 599 1203 640 transmissa
1230 598 1273 638 in
1294 596 1486 639 Uticensi

147 663 562 718 Carthaginiensique
588 677 686 717 agro
710 662 792 703 late
816 662 1102 717 populationes
1128 661 1238 702 fecit.
1291 660 1484 702 extremis

144 725 293 767 finibus
321 724 729 779 Carthaginiensium
754 724 861 765 circa
883 724 976 778 ipsa
1004 723 1167 764 moenia
1190 722 1339 764 Uticae
1368 737 1486 777 prae-

145 788 221 829 dae
258 795 373 828 actae
405 795 510 828 sunt.
569 786 849 841 repetentibus
883 784 1066 826 Siciliam
1096 784 1242 826 classis
1272 785 1431 825 Punica
1454 809 1487 813 —

146 849 409 904 septuaginta
450 855 565 889 erant
605 848 753 903 longae
788 863 916 889 naves
951 872 985 878 —
1020 848 1208 889 occurrit.
1268 847 1410 888 decem
1447 854 1488 897 et

146 920 304 966 septem
328 925 455 951 naves
482 925 533 951 ex
556 910 605 950 iis
631 918 774 964 captae
800 918 911 959 sunt,
939 917 1128 963 quattuor
1146 910 1188 950 in
1207 909 1288 950 alto
1313 924 1485 958 mersae,

146 982 281 1014 cetera
310 973 404 1013 fusa
434 986 481 1012 ac
511 972 655 1026 fugata
685 971 842 1012 elassis.
903 979 1010 1012 terra
1038 971 1223 1024 marique
1248 971 1378 1012 victor
1400 971 1487 1012 Ro-

145 1050 290 1075 manus
323 1049 416 1074 cum
445 1049 597 1088 magna
626 1033 758 1073 omnis
785 1034 947 1088 generis
972 1034 1127 1088 praeda
1150 1034 1400 1087 Lilybaeum
1423 1047 1487 1074 re-

143 1096 256 1150 petit.
310 1102 397 1136 tuto
421 1095 516 1135 inde
541 1095 643 1134 mari
666 1094 796 1149 pulsis
822 1094 1004 1135 hostium
1027 1095 1202 1136 navibus
1227 1094 1367 1150 magni
1392 1108 1488 1136 con-

143 1164 304 1198 meatus
330 1156 524 1197 frumenti
547 1156 726 1197 Romam
751 1156 950 1197 subvecti.

225 1220 278 1262 V.
338 1218 545 1273 Principio
579 1218 747 1259 aestatis
779 1218 886 1268 eius,
919 1233 1000 1272 qua
1023 1219 1126 1259 haec
1151 1226 1245 1259 sunt
1269 1225 1405 1273 gesta,
1436 1219 1486 1259 Ρ.

145 1280 352 1336 Sulpicius
388 1281 610 1336 proconsul
642 1288 682 1322 et
711 1281 879 1322 Attalus
910 1296 984 1322 rex
1016 1295 1109 1322 cum
1138 1281 1347 1336 Aeginae,
1386 1280 1491 1321 sicut

144 1352 237 1385 ante
263 1344 416 1384 dictum
441 1350 522 1392 est,
555 1343 862 1393 hibernassent,
889 1344 1097 1384 Lemnum
1121 1343 1217 1384 inde
1243 1343 1375 1384 classe
1399 1343 1490 1384 iun-

144 1413 227 1454 cta,
263 1405 476 1446 Romanae
513 1405 691 1458 quinque
728 1412 768 1446 et
804 1405 950 1461 viginti
980 1406 1314 1459 quinqueremes,
1350 1405 1489 1460 regiae

144 1468 322 1521 quinque
347 1474 387 1508 et
412 1467 579 1522 triginta
603 1468 930 1509 transmiserunt.
991 1475 1031 1508 et
1055 1468 1293 1523 Philippus,
1325 1474 1388 1516 ut,
1416 1482 1490 1508 seu

145 1537 270 1578 terra,
304 1544 376 1570 scu
400 1529 502 1569 mari
532 1529 696 1570 obviam
727 1530 907 1570 eundum
938 1530 1047 1571 hosti
1077 1530 1201 1579 foret,
1237 1538 1405 1584 paratus
1438 1530 1491 1570 ad

145 1591 277 1632 omnis
304 1598 473 1632 conatus
499 1598 628 1641 esset,
654 1591 744 1646 ipse
768 1592 1080 1632 Demetriadem
1105 1592 1157 1632 ad
1180 1606 1293 1632 mare
1319 1592 1490 1632 descen-

146 1653 222 1702 dit,
265 1652 458 1694 Larisam
498 1652 606 1694 diem
650 1653 702 1693 ad
743 1654 1071 1694 conveniendum
1111 1653 1308 1694 exercitui
1350 1653 1488 1694 edixit.

145 1715 324 1768 undique
355 1715 406 1755 ab
437 1715 558 1756 sociis
582 1714 810 1770 legationes
835 1715 1148 1756 Demetriadem
1173 1715 1226 1756 ad
1250 1715 1403 1756 famam
1427 1730 1490 1756 re-

145 1777 209 1831 gis
236 1784 525 1817 convenerunt.
570 1776 820 1818 sustulerant
844 1777 952 1818 enim
978 1777 1134 1818 animos
1156 1777 1297 1818 Aetoli
1321 1791 1413 1817 cum
1439 1777 1490 1817 ab

144 1839 334 1879 Romana
365 1838 580 1887 societate,
612 1846 699 1879 tum
722 1846 818 1893 post
840 1839 974 1879 Attali
1005 1839 1244 1887 adventum,
1276 1839 1491 1880 finitimos-

145 1915 223 1954 que
249 1900 615 1955 depopulabantur.
668 1914 745 1941 nec
768 1901 1011 1942 Acarnanes
1040 1901 1173 1942 solum
1195 1901 1425 1954 Boeotique
1451 1908 1491 1942 et

145 1962 216 2016 qui
238 1963 455 2004 Euboeam
479 1963 663 2004 incolunt
686 1962 728 2003 in
752 1978 903 2017 magno
928 1970 1041 2003 metu
1066 1970 1198 2012 erant,
1232 1963 1306 2004 sed
1329 1963 1491 2004 Achaei

146 2038 326 2077 quoquc,
352 2039 455 2078 quos
482 2040 604 2080 super
627 2025 865 2066 Aetolicum
889 2025 1042 2066 bellum
1067 2025 1341 2066 Machanidas
1368 2025 1491 2066 etiam

147 2086 503 2129 Lacedaemonius
548 2096 745 2142 tyrannus
789 2087 900 2128 haud
939 2088 1082 2142 procul
1116 2087 1370 2142 Argivorum
1410 2088 1490 2129 fine

147 2147 291 2203 positis
323 2149 467 2190 castris
500 2150 691 2190 terrebat.
751 2149 793 2189 hi
824 2164 967 2191 omncs
1001 2150 1084 2190 suis
1116 2149 1289 2203 quisque
1320 2149 1489 2190 urbibus

149 2225 252 2263 quae
281 2211 462 2264 pericula
492 2218 598 2252 terra
621 2212 805 2265 marique
829 2212 1178 2267 portendebantur
1201 2219 1489 2261 memorantes,

149 2272 299 2312 auxilia
321 2287 462 2327 regem
487 2274 671 2314 orabant.
730 2288 782 2314 ne
808 2289 859 2315 ex
883 2289 1010 2329 regno
1037 2274 1202 2327 quidem
1226 2273 1355 2328 ipsius
1381 2281 1491 2314 tran-

148 2334 297 2387 quillae
328 2336 621 2377 nuntiabantur
650 2352 735 2378 res:
768 2345 809 2378 et
834 2336 1145 2378 Scerdilaedum
1168 2337 1490 2390 Pleuratumque

147 2405 280 2438 motos
312 2412 403 2439 esse
434 2406 474 2439 et
497 2399 706 2439 Thracum
734 2399 912 2440 maxime
936 2399 1132 2448 hIaedos,
1167 2399 1200 2439 si
1225 2413 1304 2452 quo
1329 2399 1491 2454 longin-

147 2474 272 2513 quum
296 2460 449 2501 bellum
473 2476 614 2515 regem
639 2469 900 2517 occupasset,
926 2461 1114 2517 proxima
1131 2461 1405 2502 Macedoniae
1428 2461 1491 2501 in-

1514 1480 1533 1510 10

147 2536 351 2564 cursuros.
410 2523 573 2564 Boeotii
609 2523 773 2576 quidem
804 2531 844 2565 et
873 2523 1085 2564 interiores
1119 2522 1319 2564 Graeciae
1349 2523 1490 2578 populi
1513 2536 1533 2567 8

147 2583 519 2640 Thermopylarum
539 2586 680 2635 saltus,
706 2586 776 2626 ubi
797 2593 997 2641 angustae
1023 2586 1163 2626 fauces
1189 2592 1375 2626 coartant
1399 2585 1488 2635 iter,

147 2645 262 2688 fossa
286 2648 474 2701 valloque
498 2648 715 2689 intercludi
740 2649 791 2689 ab
805 2648 967 2689 Aetolis
993 2648 1254 2696 nuntiabant,
1280 2662 1332 2688 ne
1357 2655 1489 2689 trans-

147 2709 249 2751 itum
286 2710 338 2752 ad
374 2710 578 2753 sociorum
614 2711 737 2752 urbes
776 2711 949 2752 tuendas
980 2710 1174 2765 Philippo
1207 2710 1363 2751 darent.
1423 2710 1488 2752 vel

1514 2725 1532 2754 9
