1815 3184
254 1096 272 1124 6

255 1219 270 1247 *1

235 1711 275 1740 10

234 1773 271 1802 11

234 1958 272 1987 12

236 2081 275 2111 13

294 230 378 271 424
582 235 734 269 LIBER
758 210 944 268 XXVIII.
969 234 1023 267 36.
1042 233 1095 267 37.
1124 235 1172 278 [a.
1184 245 1220 267 u.
1235 244 1264 267 c.
1277 233 1359 277 548]

295 341 449 381 bellum
473 338 653 378 maximo
678 336 854 390 impetu,
887 336 1041 376 maiore
1068 336 1233 376 fortuna
1259 346 1452 390 coeptum
1483 337 1646 378 sineret.

298 402 349 442 ad
375 416 465 441 eam
489 414 577 440 rem
602 406 643 439 et
668 413 692 439 a
711 396 966 452 Carthagine
986 397 1161 452 pecunia
1178 397 1354 451 BIagoni
1375 398 1548 438 advecta
1572 406 1648 447 est,

297 471 335 503 et
371 462 459 516 ipse
497 468 694 513 quantam
724 459 859 514 potuit
891 475 913 500 a
945 459 1163 500 Gaditanis
1195 459 1341 513 exigit,
1379 475 1463 500 non
1494 460 1648 500 aerario

295 524 417 565 modo
455 537 615 571 eorum,
660 522 734 562 sed
770 521 894 562 etiam
930 522 1094 576 templis
1134 521 1338 576 spoliatis,
1382 528 1423 562 et
1457 521 1650 576 privatim

296 586 487 628 omnibus
525 584 677 625 coactis
716 598 861 624 aurum
899 592 1197 639 argentumque
1233 583 1276 623 in
1311 583 1524 637 publicum
1554 598 1651 624 con-

296 649 415 689 ferre.
477 661 571 686 cum
595 645 979 701 praeterveheretur
1004 645 1236 699 Hispaniae
1263 660 1395 692 oram,
1422 644 1533 685 haud
1556 660 1651 699 pro-

298 710 363 751 cul
390 708 644 762 Carthagine
675 722 785 748 nova.
817 707 1015 761 expositis
1048 707 1091 746 in
1116 714 1267 747 terram
1291 706 1488 747 militibus
1512 706 1652 761 proxi-

296 787 386 812 mos
420 770 694 825 depopulatur
725 784 868 822 agros,
899 768 995 809 inde
1021 769 1073 808 ad
1097 769 1243 809 urbem
1273 768 1450 808 classem
1481 768 1650 822 adpulit.

296 833 353 873 ibi
384 847 477 872 cum
508 831 687 872 interdiu
721 830 871 870 milites
909 830 951 870 in
986 830 1163 871 navibus
1200 830 1420 878 tenuisset,
1460 839 1581 870 nocte
1610 830 1653 870 in

296 896 392 936 litus
419 893 629 949 expositos
657 893 710 933 ad
734 899 894 947 partem
921 907 1012 933 eam
1036 892 1160 941 muri,
1188 907 1269 945 qua
1294 899 1414 946 capta
1439 890 1651 946 Carthago

298 958 349 998 ab
373 956 574 997 Romanis
606 955 760 1003 fuerat,
794 954 924 1002 ducit,
956 968 1032 994 nec
1056 954 1263 1008 praesidio
1290 954 1388 994 satis
1419 953 1555 994 valido
1585 968 1654 993 ur-

296 1020 393 1059 bem
417 1018 546 1059 teneri
569 1024 683 1057 ratus
705 1024 744 1057 et
764 1016 923 1068 aliquos
944 1016 1245 1070 oppidanorum
1265 1016 1317 1055 ad
1337 1030 1454 1070 spem
1472 1015 1653 1056 novandi

297 1096 362 1121 res
384 1079 538 1132 aliquid
558 1086 756 1119 moturos.
795 1086 976 1118 ceterum
1001 1078 1119 1117 nunti
1145 1093 1196 1118 ex
1221 1078 1330 1132 agris
1358 1077 1506 1131 trepidi
1531 1077 1652 1117 simul

297 1141 607 1197 populationem
639 1140 946 1194 agrestiumque
977 1139 1122 1193 fugam
1154 1146 1192 1180 et
1224 1139 1405 1180 hostium
1429 1139 1652 1179 adventum

299 1204 548 1252 adtulerant,
586 1210 625 1243 et
656 1202 746 1242 visa
776 1201 954 1241 interdiu
987 1201 1132 1241 classis
1164 1209 1268 1250 erat,
1305 1215 1381 1242 nec
1413 1201 1500 1242 sine
1527 1215 1653 1242 causa

299 1266 472 1307 electam
497 1272 590 1305 ante
615 1264 761 1304 urbem
782 1263 1000 1303 stationem
1022 1264 1258 1317 apparebat.
1307 1263 1445 1316 itaque
1464 1263 1653 1303 instructi

299 1327 526 1379 armatique
552 1326 658 1365 intra
683 1333 844 1379 portam
871 1325 923 1364 ad
949 1333 1142 1379 stagnum
1169 1339 1215 1365 ac
1239 1340 1351 1364 mare
1374 1340 1536 1365 versam
1556 1339 1653 1365 con-

299 1389 548 1429 tinebantur.
601 1386 674 1427 ubi
699 1386 821 1426 effusi
846 1385 1006 1433 hostes,
1032 1386 1163 1426 mixta
1188 1386 1293 1426 inter
1317 1386 1467 1426 milites
1492 1386 1651 1426 navalis

300 1451 436 1498 turba,
465 1449 516 1489 ad
535 1463 674 1489 muros
695 1447 873 1487 tumultu
891 1447 1045 1488 maiore
1067 1462 1191 1500 quam
1216 1448 1256 1487 vi
1283 1448 1513 1495 subierunt,
1538 1456 1654 1502 pate-

299 1513 410 1553 facta
439 1518 608 1565 repente
640 1516 757 1564 porta
783 1509 961 1549 Romani
993 1523 1086 1548 cum
1118 1509 1295 1549 clamore
1328 1517 1547 1563 erumpunt
1571 1517 1655 1549 tur-

299 1575 500 1625 batosque
539 1572 679 1612 hostes
718 1578 757 1611 et
795 1571 848 1610 ad
882 1570 1061 1625 primum
1095 1570 1307 1611 incursum
1343 1571 1654 1623 coniectumque

303 1636 475 1676 telorum
508 1649 677 1675 aversos
709 1647 842 1685 usque
875 1633 925 1672 ad
957 1633 1053 1673 litus
1087 1647 1181 1673 cum
1211 1634 1340 1673 multa
1365 1634 1490 1674 caede
1515 1648 1656 1687 perse-

300 1704 497 1750 quuntur3
524 1710 618 1744 nec,
645 1695 725 1735 nisi
749 1710 878 1735 naves
904 1695 1013 1735 litori
1039 1695 1238 1750 adpulsae
1263 1695 1445 1749 trepidos
1473 1695 1656 1749 accepis-

301 1767 409 1807 sent,
448 1758 722 1812 superfuisset
753 1757 877 1812 fugae
909 1764 979 1797 aut
1002 1772 1169 1812 pugnae
1196 1757 1426 1810 quisquam.
1486 1757 1528 1797 in
1553 1757 1654 1811 ipsis

301 1835 463 1873 quoque
489 1820 738 1874 trepidatum
763 1818 939 1859 navibus
961 1829 1042 1867 est,
1070 1819 1186 1867 dum,
1212 1834 1263 1859 ne
1283 1819 1424 1859 hostes
1450 1832 1543 1858 cum
1570 1818 1654 1857 suis

301 1883 423 1922 simul
453 1882 752 1936 inrumperent,
791 1881 960 1922 trahunt
991 1881 1143 1930 scalas,
1182 1896 1358 1934 orasque
1392 1888 1432 1921 et
1468 1895 1653 1928 ancoras,

300 1960 351 1985 ne
387 1945 430 1984 in
465 1944 672 1985 moliendo
708 1959 825 1984 mora
861 1950 990 1993 esset,
1032 1943 1288 1998 praecidunt.
1348 1942 1547 1995 multique
1585 1942 1656 1982 ad-

299 2013 446 2047 nantes
479 2006 675 2055 navibus,
707 2006 863 2046 incerto
888 2020 987 2059 prae
1013 2005 1214 2054 tenebris,
1247 2005 1345 2057 quid
1370 2012 1440 2044 aut
1468 2011 1657 2058 peterent

302 2076 371 2109 aut
402 2069 596 2117 vitarent,
634 2069 755 2109 foede
786 2068 1040 2109 interierunt.
1100 2074 1267 2122 postero
1301 2066 1365 2106 dic
1392 2081 1485 2106 cum
1511 2066 1655 2106 classis

300 2131 395 2171 inde
419 2138 528 2171 retro
555 2131 608 2170 ad
629 2130 866 2178 Oceanum,
892 2130 1001 2170 unde
1022 2136 1208 2177 venerat,
1234 2128 1430 2183 fugisset,
1457 2128 1510 2167 ad
1529 2127 1658 2168 octin-

301 2192 413 2246 genti
432 2192 621 2233 homines
644 2192 754 2232 caesi
778 2192 885 2232 inter
905 2206 1067 2231 murum
1090 2191 1271 2244 litusque
1297 2197 1336 2230 et
1362 2190 1415 2230 ad
1440 2189 1520 2230 duo
1546 2189 1658 2229 milia

302 2270 509 2295 armorum
533 2254 714 2295 inventa.

386 2316 634 2359 XXXVII.
695 2317 826 2370 Mago
871 2330 965 2356 cum
1003 2314 1134 2356 Gadis
1176 2314 1414 2369 repetisset,
1465 2312 1656 2354 exclusus

301 2378 410 2427 inde,
437 2379 570 2420 classe
596 2379 649 2419 ad
663 2377 850 2419 Cimbios
869 2402 902 2407 —
921 2377 1033 2418 haud
1057 2377 1201 2431 procul
1227 2392 1250 2416 a
1265 2375 1455 2417 Gadibus
1480 2375 1516 2416 is
1540 2375 1655 2415 locus

303 2440 419 2481 abest
444 2465 478 2470 —
503 2441 673 2494 (classe)
701 2440 892 2494 adpulsa,
929 2439 1140 2480 mittendis
1166 2438 1314 2493 legatis
1347 2437 1652 2491 querendoque,

303 2502 413 2554 quod
437 2513 579 2556 portae
606 2502 684 2543 sibi
711 2502 822 2543 socio
855 2508 977 2554 atque
1009 2501 1141 2542 amico
1173 2501 1337 2540 clausae
1368 2500 1522 2548 forent,
1560 2513 1657 2553 pur-

303 2563 496 2617 gantibus
540 2564 589 2604 iis
633 2563 907 2604 multitudinis
951 2577 1154 2604 concursu
1194 2562 1351 2602 factum
1392 2561 1567 2601 infestae
1603 2559 1655 2600 ob

305 2625 464 2678 direpta
499 2626 703 2678 quaedam
740 2626 814 2666 abs
852 2625 1226 2667 conscendentibus
1270 2638 1398 2664 naves
1441 2621 1652 2669 militibus,

306 2686 359 2725 ad
393 2687 656 2740 conloquium
692 2687 848 2728 sufetes
885 2702 1045 2736 eorum,
1084 2686 1154 2739 qui
1185 2700 1370 2726 summus
1401 2683 1554 2725 Poenis
1592 2688 1655 2721 est
