1815 3184
489 243 643 277 LIBER
668 244 839 289 XXIIII,
865 244 1021 277 32-34.
1051 246 1098 287 [a.
1114 243 1249 287 0214]
1461 234 1539 276 197

193 346 272 387 nisi
301 346 371 400 qui
400 346 504 386 inter
534 346 753 386 tumultum
789 347 1021 401 effugerunt
1056 361 1198 387 omnes
1234 346 1542 388 interficiuntur.

193 422 274 448 nox
311 407 504 448 caedibus
541 407 663 447 finem
694 407 802 448 fecit.
862 415 1026 462 postero
1057 409 1121 448 die
1153 408 1259 448 servi
1290 409 1342 449 ad
1376 408 1543 463 pilleum

193 469 327 508 vocati
363 476 401 509 et
438 483 596 509 carcere
632 469 758 509 vincti
794 469 950 518 emissi,
996 469 1248 522 confusaque
1280 469 1381 510 haec
1412 469 1543 510 omnis

193 529 408 570 multitudo
433 529 714 584 Hippocraten
751 537 872 583 atque
896 530 1114 584 Epicyden
1151 536 1288 570 creant
1323 538 1542 585 praetores,

195 591 526 645 Syracusaeque,
565 606 658 631 cum
683 591 805 632 breve
833 600 992 645 tempus
1023 591 1189 632 libertas
1215 591 1470 640 adfulsisset,
1502 592 1545 632 in

193 653 401 706 antiquam
428 653 663 693 servitutem
688 653 951 693 recciderant.

278 714 502 754 XXXIII.
562 713 682 754 Haec
717 715 902 754 nuntiata
939 729 1033 755 cum
1069 721 1207 755 essent
1236 714 1455 764 Romanis,
1494 729 1545 755 ex

190 775 408 816 Leontinis
434 781 544 815 mota
570 783 663 815 sunt
689 776 876 829 exemplo
901 783 1034 816 castra
1059 776 1111 816 ad
1138 775 1380 830 Syracusas.
1429 782 1468 816 et
1493 775 1543 816 ab

190 837 330 891 Appio
355 837 478 891 legati
503 851 575 890 per
600 843 761 890 portum
787 838 902 877 missi
926 838 1030 878 forte
1056 838 1097 877 in
1116 838 1399 891 quinqueremi
1418 846 1543 878 erant.

190 899 415 953 praemissa
440 899 709 951 quadriremis
735 913 828 938 cum
852 899 1044 939 intrasset
1069 899 1210 940 fauces
1236 907 1396 953 portus,
1434 900 1545 953 capi-

191 968 272 1009 tur3
304 959 427 1014 legati
453 973 574 1013 aegre
600 959 843 1013 effugerunt.
893 966 932 999 et
957 960 1038 1000 iam
1063 974 1145 1000 non
1170 961 1291 1000 modo
1311 961 1442 1014 pacis,
1472 960 1543 1000 sed

190 1036 239 1061 ne
266 1021 361 1062 belli
386 1021 551 1073 quidem
571 1021 658 1060 iura
683 1021 823 1060 relicta
843 1027 973 1069 erant,
1000 1035 1093 1061 cum
1108 1021 1320 1062 Romanus
1342 1022 1544 1062 exercitus

189 1083 240 1122 ad
255 1081 496 1135 Olympium
511 1082 668 1121 —Iovis
693 1082 736 1121 id
760 1082 958 1136 templum
984 1082 1214 1122 est—mille
1240 1090 1279 1122 et
1297 1083 1544 1137 quingentos

187 1158 334 1197 passus
360 1142 411 1183 ab
438 1142 537 1183 urbe
563 1149 696 1182 castra
720 1143 869 1196 posuit.
930 1143 1025 1183 inde
1050 1158 1214 1196 quoque
1244 1143 1402 1198 legatos
1427 1159 1545 1197 prae-

187 1204 292 1244 mitti
321 1204 492 1257 placuit,
531 1203 699 1256 quibus,
738 1219 789 1245 ne
819 1205 1016 1245 intrarent
1045 1205 1207 1253 urbem,
1246 1212 1361 1245 extra
1384 1212 1545 1259 portam

186 1265 460 1319 Hippocrates
481 1272 602 1318 atque
615 1265 826 1319 Epicydes
847 1265 1010 1306 obviam
1031 1280 1124 1306 curn
1146 1266 1230 1307 suis
1244 1274 1542 1320 processerunt.

186 1326 398 1367 Romanus
436 1333 570 1366 orator
604 1341 686 1367 non
722 1327 874 1367 bellum
913 1342 955 1367 se
985 1326 1276 1382 Syracusanis,
1321 1327 1393 1368 sed
1424 1342 1543 1382 opem

187 1388 466 1440 auxiliumque
492 1388 652 1428 adferre
671 1388 744 1437 ait,
772 1396 811 1429 et
831 1390 907 1437 eis,
935 1390 1004 1443 qui
1029 1404 1080 1430 ex
1105 1390 1240 1430 media
1265 1390 1389 1430 caede
1415 1390 1544 1444 elapsi

186 1449 439 1503 perfugerint
475 1450 527 1489 ad
563 1464 625 1498 se,
666 1456 706 1490 et
736 1451 812 1499 eis,
857 1451 927 1504 qui
957 1458 1069 1492 metu
1099 1452 1286 1506 oppressi
1317 1451 1543 1492 foediorem

186 1526 269 1551 non
300 1510 420 1550 exilio
459 1510 610 1559 solum,
649 1517 710 1551 set
740 1512 863 1552 etiam
893 1520 1021 1553 morte
1054 1514 1292 1553 servitutem
1324 1513 1541 1567 patiantur.

187 1586 261 1612 nec
297 1572 464 1612 caedem
502 1573 723 1613 nefandam
760 1574 963 1614 sociorum
1000 1574 1172 1614 inultam
1198 1575 1409 1615 Romanos
1449 1590 1543 1628 pas-

187 1648 322 1674 suros:
366 1633 503 1686 itaque
530 1634 565 1674 si
589 1634 666 1682 eis,
704 1635 773 1686 qui
798 1635 851 1674 ad
876 1650 918 1675 se
943 1635 1230 1690 perfugerunt,
1269 1643 1380 1676 tutus
1406 1636 1447 1676 in
1472 1651 1544 1690 pa-

186 1695 303 1734 triam
328 1695 482 1734 reditus
508 1701 682 1748 pateret,
710 1696 846 1735 caedis
872 1704 1059 1736 auctores
1085 1697 1287 1736 dedantur
1312 1704 1351 1737 et
1374 1697 1540 1737 libertas

184 1756 379 1810 legesque
407 1755 680 1810 Syracusanis
705 1757 987 1806 restituantur,
1025 1757 1125 1797 nihil
1150 1758 1272 1798 armis
1300 1773 1402 1812 opus
1429 1773 1540 1808 esse3

186 1818 220 1858 si
240 1833 287 1858 ea
307 1833 388 1858 non
407 1818 522 1867 fiant,
549 1819 796 1871 quicumque
820 1819 862 1859 in
881 1834 995 1859 mora
1014 1819 1081 1868 sit,
1108 1819 1215 1860 bello
1240 1827 1540 1874 persecuturos.

185 1881 237 1920 ad
262 1895 310 1920 ea
333 1880 562 1934 Epicyde&
597 1881 631 1921 si
655 1896 736 1934 qua
761 1882 812 1921 ad
838 1896 881 1922 se
907 1882 1099 1922 mandata
1123 1876 1338 1931 haberent,
1370 1897 1540 1937 respon-

186 1957 275 1982 sum
313 1942 371 1982 eis
408 1943 463 1982 ait
500 1958 543 1983 se
575 1943 742 1983 daturos
773 1942 921 1992 fuisse3
960 1958 1053 1983 cum
1084 1944 1125 1983 in
1158 1954 1315 1993 eorum,
1354 1945 1406 1985 ad
1436 1959 1540 1998 quos

183 2004 385 2053 venerint,
424 2020 547 2044 manu
573 2019 636 2046 res
666 2004 927 2059 Syracusana
952 2012 1077 2054 esset,
1110 2012 1197 2046 tum
1222 2014 1538 2056 reverterentur3

185 2066 219 2106 si
244 2065 350 2106 bello
372 2066 636 2116 lacesserent,
663 2068 754 2121 ipsa
773 2082 815 2107 re
835 2067 1124 2116 intellecturos,
1150 2082 1411 2120 nequaquam
1429 2069 1538 2109 idem

185 2141 275 2167 esse
303 2126 531 2181 Syracusas
569 2144 615 2169 ac
640 2129 869 2170 Leontinos
907 2143 1157 2183 oppugnare.
1219 2129 1275 2169 ita
1305 2129 1451 2184 legatis
1476 2144 1539 2170 re-

184 2188 288 2228 lictis
313 2196 451 2242 portas
477 2190 635 2231 clausit.

268 2250 369 2290 Inde
390 2257 495 2291 terra
515 2252 697 2305 marique
718 2252 837 2293 simul
857 2260 1025 2307 coeptae
1045 2253 1275 2307 oppugnari
1291 2252 1535 2307 Syracusae,

184 2320 289 2352 terra
314 2312 365 2353 ab
391 2313 613 2367 hexapylo,
640 2315 741 2355 mari
767 2315 817 2355 ab
831 2314 1087 2363 Achradina,
1115 2315 1230 2355 cuius
1251 2330 1392 2355 murus
1411 2315 1538 2356 fluctu

183 2373 371 2414 adluitur.
433 2383 472 2415 et
503 2376 615 2428 quia,
655 2376 758 2416 sicut
789 2377 1016 2417 Leontinos
1048 2383 1197 2417 terrore
1229 2390 1276 2417 ac
1301 2376 1432 2430 primo
1463 2376 1538 2417 im-

182 2442 278 2489 petu
299 2444 506 2490 ceperant,
532 2453 614 2478 non
633 2438 886 2487 diffidebant,
913 2445 1072 2479 vastam
1092 2439 1385 2491 disiectamque
1406 2439 1538 2493 spatio

182 2497 323 2538 urbem
347 2505 462 2552 parte
488 2499 624 2552 aliqua
656 2514 699 2540 se
730 2500 964 2549 invasuros,
1002 2515 1167 2541 omnem
1197 2506 1439 2554 apparatum
1465 2516 1537 2555 op-

180 2560 493 2614 pugnandarum
519 2561 680 2601 urbium
706 2562 832 2602 muris
858 2562 1138 2603 admoverunt.

262 2620 512 2663 XXXHH.
561 2623 618 2664 Et
641 2623 854 2665 habuisset
879 2630 990 2664 tanto
1015 2624 1171 2678 impetu
1197 2630 1341 2679 coepta
1363 2639 1428 2665 res
1454 2624 1536 2666 for-

178 2691 336 2734 tunam,
375 2685 454 2726 nisi
483 2701 589 2727 unus
621 2686 744 2728 homo
777 2686 995 2742 Syracusis
1027 2702 1076 2728 ea
1106 2693 1349 2742 tempestate
1373 2687 1532 2729 fuisset.

1570 421 1587 450 9

1572 973 1590 1001 3

1571 1165 1589 1191 4

1570 1340 1588 1368 5

1569 1595 1586 1623 6

1568 1900 1585 1928 7

1563 2084 1582 2113 8

1564 2640 1576 2668 1
