1815 3184
459 238 614 273 LIBER
637 239 784 282 XXVI,
808 239 864 273 4s.
883 238 938 271 49.
966 240 1013 281 [a.
1029 236 1068 271 e.
1083 237 1166 280 210]
1414 227 1497 268 319

143 343 331 383 advocati
349 356 473 395 quam
492 341 769 382 moderatores
791 341 1019 381 studiorum
1037 339 1218 389 fuerant,
1247 338 1296 380 C.
1310 339 1496 388 Laelius,

94 418 97 422 ·
142 404 282 445 relicto
314 404 483 445 consilio
515 410 608 444 ante
638 403 816 443 tribunal
846 403 898 443 ad
931 401 1168 456 Scipionem
1198 402 1356 442 accedit
1386 415 1499 441 eum-

143 480 222 519 que
249 466 385 515 docet,
410 480 498 506 rem
524 465 611 506 sine
635 465 760 505 modo
784 479 832 505 ac
856 464 1059 505 modestia
1083 463 1150 517 agi
1176 477 1223 504 ac
1246 477 1373 517 prope
1393 476 1497 511 esse,

144 535 189 567 ut
214 542 359 567 manus
385 527 490 567 inter
516 541 559 567 se
590 526 825 567 conferant:
874 533 1054 566 ceterum
1080 526 1203 565 etiam
1231 525 1266 565 si
1289 525 1351 565 vis
1379 524 1498 571 absit,

144 589 271 629 nihilo
308 589 444 629 minus
482 588 714 629 detestabili
756 587 944 641 exemplo
985 602 1073 628 rem
1108 587 1194 641 agi,
1242 586 1394 640 quippe
1430 585 1501 626 ubi

143 650 288 691 fraude
319 665 367 691 ac
391 650 568 704 periurio
600 650 725 690 decus
756 656 918 703 petatur
947 649 1121 690 virtutis.
1183 654 1290 689 stare
1319 648 1415 688 hinc
1444 647 1502 688 le-

143 712 350 767 gionarios
376 713 545 761 milites,
582 712 679 752 hinc
704 712 917 761 classicos,
949 726 1022 765 per
1046 711 1179 752 omnis
1206 711 1304 751 deos
1331 725 1502 765 appara—

144 780 206 814 tos
232 774 363 814 iurare
389 774 522 828 magis
554 788 659 827 quae
683 773 811 814 velint
841 788 965 826 quam
995 787 1100 825 quae
1133 773 1263 813 sciant
1287 786 1385 812 vera
1409 786 1500 812 esse

144 842 182 875 et
208 834 463 890 obstringere
487 835 663 889 periurio
688 849 772 875 non
797 849 840 875 se
866 835 999 875 solum
1026 848 1229 886 suumque
1254 840 1394 887 caput,
1429 833 1500 874 sed

143 897 262 951 signa
286 897 475 938 militaria
500 904 539 937 et
563 896 721 950 aquilas
748 896 1073 948 sacramentique
1097 895 1350 949 religionem.
1399 895 1501 935 haec

143 959 195 999 ad
220 973 313 999 eum
338 960 388 999 de
415 958 614 1000 sententia
638 957 686 998 P.
715 956 897 998 Cornelii
922 963 961 997 et
985 956 1046 996 M.
1069 955 1499 1010 Sempronii-deferre.

144 1019 285 1074 Scipio
322 1020 566 1061 conlaudato
603 1019 749 1059 Laelio
787 1018 839 1058 ad
875 1018 1109 1058 contionem
1150 1018 1367 1058 advocavit
1408 1031 1502 1070 pro-

141 1082 444 1133 nuntiavitque,
483 1096 527 1121 se
559 1081 657 1121 satis
695 1086 952 1133 compertum
988 1078 1140 1119 habere
1174 1078 1226 1130 Q.
1259 1078 1501 1119 Tiberilium

141 1149 181 1183 et
208 1141 305 1184 Sex.
331 1143 539 1197 Digitium
568 1142 719 1196 pariter
749 1141 792 1181 in
822 1156 986 1181 murum
1011 1140 1247 1181 escendisse
1279 1154 1404 1192 seque
1430 1154 1500 1180 cos

140 1205 300 1246 virtutis
337 1219 462 1246 causa
498 1204 657 1245 coronis
694 1203 920 1244 muralibus
958 1203 1122 1244 donare.
1184 1208 1272 1243 tum
1307 1202 1498 1256 reliquos,

140 1273 261 1320 prout
285 1267 431 1319 cuique
456 1266 647 1306 meritum
672 1265 884 1318 virtusque
910 1272 1007 1314 erat,
1036 1264 1203 1304 donavit
1212 1280 1222 1312 3
1249 1270 1342 1304 ante
1368 1264 1500 1304 omnis

144 1327 192 1368 C.
230 1328 423 1368 Laelium
463 1327 718 1382 praefectum
760 1327 904 1367 classis
948 1333 988 1367 et
1029 1326 1142 1367 omni
1176 1340 1327 1380 genere
1367 1325 1501 1366 laudis

144 1389 306 1430 sibimet
335 1390 425 1444 ipse
454 1390 644 1443 aequavit
675 1396 714 1429 et
745 1403 896 1430 corona
926 1403 1050 1429 aurea
1086 1402 1134 1429 ac
1164 1387 1330 1442 triginta
1364 1386 1500 1428 bubus

144 1451 322 1491 donavit.

227 1511 569 1553 XXXXVHH.
641 1512 751 1552 Tum
793 1511 959 1553 obsides
1003 1511 1229 1552 civitatium
1270 1511 1501 1564 Hispaniae

145 1574 280 1614 vocari
305 1574 442 1623 iussit3
480 1587 654 1626 quorum
685 1581 862 1626 quantus
894 1588 1089 1614 numerus
1116 1573 1238 1613 fuerit
1261 1573 1376 1627 piget
1402 1573 1501 1613 scri-

144 1635 258 1684 bere,
297 1635 448 1689 quippe
483 1634 555 1675 ubi
590 1634 687 1675 alibi
722 1641 923 1675 trecentos
960 1634 1108 1683 ferme,
1146 1633 1244 1674 alibi
1278 1634 1355 1674 tria
1390 1633 1503 1673 milia

146 1697 427 1751 septingentos
458 1696 604 1751 viginti
634 1702 827 1748 quattuor
856 1696 986 1737 fuisse
1017 1696 1236 1736 inveniam.
1297 1710 1426 1748 aeque
1463 1702 1502 1736 et

145 1759 224 1799 alia
248 1759 353 1799 inter
378 1764 564 1799 auctores
591 1758 837 1811 discrepant.
890 1758 1142 1812 praesidium
1167 1757 1372 1797 Punicum
1397 1757 1501 1798 alius

144 1821 305 1869 decem,
332 1820 435 1860 alius
462 1827 638 1874 septem,
665 1819 768 1860 alius
794 1819 894 1860 haut
917 1819 1010 1873 plus
1036 1833 1160 1872 quam
1191 1819 1319 1859 duum
1343 1819 1502 1859 milium

144 1882 273 1923 fuisse
300 1882 451 1923 scribit.
508 1888 627 1935 capta
657 1881 753 1921 alibi
780 1879 809 1935 [.
837 1879 866 1935 .]
894 1881 1006 1921 milia
1031 1881 1228 1935 capitum,
1256 1879 1353 1921 alibi
1379 1895 1503 1935 supra

144 1944 325 1997 quinque
351 1950 390 1984 et
414 1943 559 1998 viginti
582 1943 780 1983 invenias.
842 1943 1078 1997 scorpiones
1103 1942 1277 1983 maiores
1303 1942 1499 1983 minores-

145 2020 223 2059 que
250 2006 302 2046 ad
327 2006 541 2060 sexaginta
566 2011 707 2059 captos
736 2004 982 2058 scripserim,
1010 2004 1045 2045 si
1069 2011 1278 2045 auctorem
1293 2002 1501 2045 Graecum

147 2081 295 2119 sequar
327 2066 534 2116 Silenum3
578 2067 613 2107 si
646 2066 854 2107 Valerium
884 2065 1116 2113 Antiatem,
1153 2066 1355 2106 maiorum
1393 2079 1503 2106 scor-

146 2129 314 2183 pionum
339 2143 412 2170 sex
436 2129 565 2178 milia,
591 2129 794 2170 minorum
819 2128 962 2169 decem
987 2129 1064 2168 tria
1088 2128 1218 2168 milia:
1245 2128 1346 2168 adeo
1365 2127 1502 2168 nullus

146 2190 371 2230 mentiendi
401 2191 547 2231 modus
585 2200 658 2231 est.
719 2205 770 2231 ne
807 2190 856 2230 de
894 2189 1068 2230 ducibus
1100 2189 1267 2242 quidem
1298 2189 1502 2229 convenit.

147 2252 330 2306 plerique
360 2252 553 2293 Laelium
582 2251 811 2306 praefuisse
843 2251 984 2300 classi,
1022 2258 1117 2292 sunt
1148 2251 1218 2304 qui
1247 2250 1309 2291 M.
1335 2251 1503 2291 Iunium

149 2312 337 2354 Silanum
368 2313 523 2362 dicant3
565 2313 724 2354 Arinen
753 2312 981 2367 praefuisse
1006 2312 1166 2353 Punico
1197 2312 1402 2366 praesidio
1434 2312 1504 2353 de-

148 2375 360 2428 ditumque
391 2375 590 2416 Romanis
622 2375 772 2415 Antias
798 2374 1009 2423 Valerius,
1049 2373 1277 2429 Magonem
1306 2373 1375 2414 alii
1405 2373 1504 2414 scri-

147 2449 284 2491 ptores
316 2436 495 2478 tradunt.
555 2451 637 2477 non
673 2437 723 2476 de
754 2451 925 2477 numero
956 2435 1124 2476 navium
1155 2442 1385 2489 captarum,
1420 2449 1503 2475 non

147 2499 198 2539 de
222 2499 401 2552 pondere
432 2499 521 2539 auri
551 2505 672 2551 atque
704 2498 862 2553 argenti
892 2504 932 2538 et
962 2497 1152 2539 redactae
1181 2497 1381 2551 pecuniae
1407 2511 1504 2537 con-

147 2560 270 2600 venit.
332 2561 367 2601 si
402 2560 548 2614 aliquis
586 2560 781 2601 adsentiri
811 2574 982 2600 necesse
1012 2568 1093 2608 est,
1130 2559 1266 2600 media
1296 2558 1504 2599 simillima

1527 476 1564 505 11

1528 661 1567 690 12

1528 907 1568 936 13

1530 1215 1568 1243 14

145 2622 255 2662 veris
281 2628 387 2663 sunt.
447 2628 628 2664 ceterum
652 2621 808 2662 vocatis
840 2620 1053 2663 obsidibus
1084 2621 1262 2675 primum
1287 2620 1500 2661 universos
1528 2633 1545 2662 7

146 2683 301 2725 bonum
327 2683 507 2728 animum
538 2683 688 2725 habere
712 2683 849 2725 iussit:
885 2682 1048 2724 venisse
1080 2696 1149 2724 eos
1180 2682 1222 2723 in
1251 2681 1394 2737 populi
1417 2681 1502 2723 Ro-

1527 2693 1546 2723 8
