1815 3184
457 217 612 252 LIBER
638 218 790 262 xxm,
821 218 945 252 1011.
975 220 1023 261 [a.
1040 217 1076 252 e.
1092 217 1174 261 216]
1415 208 1494 248 123

141 328 342 376 peterent,
359 321 594 362 offendendi
615 320 692 361 sibi
713 321 807 361 novi
829 321 940 370 socii,
957 328 1026 362 aut
1049 320 1263 361 tribuendo
1283 319 1496 361 habendus

143 385 312 438 Capuae
339 390 446 425 esset
474 383 685 423 seditionis
712 398 758 424 ae
791 383 1000 424 turbarum
1027 391 1179 424 auctor.
1240 397 1386 423 navem
1414 382 1498 436 Cy-

141 461 259 486 renas
286 445 430 486 detulit
455 452 697 499 tempestas,
725 460 829 498 qnae
856 452 941 484 tum
967 445 1008 485 in
1028 445 1187 488 dicione
1206 459 1352 499 regum
1371 451 1495 484 erant.

140 507 197 547 ibi
222 522 315 547 cum
341 507 510 561 Magius
544 507 594 546 ad
626 514 802 547 statuam
828 507 1057 547 Ptolemaei
1086 507 1196 561 regis
1228 506 1496 560 confugisset,

141 570 378 623 deportatus
399 584 421 609 a
442 568 995 609 custodibusAlexandream
1016 569 1068 608 ad
1082 568 1378 615 Ptolemaeum,
1406 582 1497 608 eum

141 646 235 671 eum
266 631 474 671 docuisset
506 637 646 670 contra
677 631 739 671 ius
772 630 948 670 foederis
974 630 1156 670 vinctum
1189 645 1232 670 se
1263 630 1313 670 ab
1340 629 1501 669 Hanni-

141 692 232 732 bale
258 707 366 740 esse,
393 692 537 733 vinclis
563 692 775 740 liberatur,
803 692 1130 746 permissumque
1155 698 1199 731 ut
1223 691 1388 740 rediret,
1422 706 1494 731 seu

141 755 318 794 Romam
357 769 429 794 seu
457 753 645 807 Capuam
678 754 827 793 mallet.
900 768 975 793 nee
1006 753 1175 808 Magius
1204 752 1391 806 Capuam
1423 752 1501 793 sibi

143 823 271 855 tutam
303 816 437 855 dicere
464 823 502 856 et
527 816 703 856 Romam
729 831 776 856 eo
809 823 1009 868 tempore,
1049 830 1130 868 quo
1162 815 1265 855 inter
1290 815 1499 855 Romanos

144 878 463 931 Campanosque
490 877 642 917 bellum
669 878 733 926 sit,
761 877 998 931 transfugae
1025 877 1156 931 magis
1178 891 1301 929 quam
1327 877 1499 930 hospitis

143 939 229 979 sore
256 939 525 979 domicilium:
569 953 772 991 nusquam
798 938 917 978 malle
950 953 1073 990 quam
1104 939 1146 977 in
1177 952 1303 991 regno
1330 938 1416 977 eius
1442 938 1502 977 vi-

143 1015 254 1048 vere,
292 1015 413 1052 quem
440 1000 643 1039 vindicem
670 1006 791 1052 atque
817 1006 1024 1039 auctorem
1051 998 1198 1039 habeat
1224 999 1436 1039 libertatis.

228 1061 310 1101 XI.
362 1061 474 1100 Dum
501 1061 601 1100 haec
627 1070 841 1115 geruntur,
871 1060 922 1112 Q.
943 1060 1099 1101 Fabius
1124 1060 1265 1100 Pictor
1289 1060 1450 1114 legatus
1478 1076 1501 1100 a

142 1123 319 1176 Delphis
345 1122 520 1162 Romam
547 1123 650 1162 redit
680 1137 1007 1176 responsumque
1040 1137 1089 1162 ex
1122 1122 1272 1176 scripto
1303 1122 1500 1162 recitavit.

142 1185 225 1225 divi
251 1185 450 1237 divaeque
476 1184 518 1224 in
545 1199 592 1225 eo
618 1191 750 1233 erant,
784 1184 932 1238 quibus
959 1200 1122 1238 quoquc
1149 1185 1271 1225 modo
1298 1185 1503 1238 supplica-

142 1253 264 1287 retur.
325 1254 411 1286 tum
445 1246 497 1286 ‘si
524 1246 579 1286 ita
604 1246 764 1295 faxitis,
802 1247 998 1296 Romani,
1036 1254 1197 1287 vestrae
1222 1262 1287 1287 res
1314 1246 1501 1286 meliores

142 1308 427 1360 laeilioresque
465 1315 606 1357 erunt,
656 1308 871 1362 magisque
910 1323 961 1349 ex
997 1309 1201 1349 sententia
1236 1324 1300 1348 res
1338 1307 1504 1362 publica

142 1376 279 1410 vestra
314 1370 432 1410 robis
469 1370 664 1424 procedet
700 1371 950 1423 victoriaque
988 1370 1113 1410 duelli
1148 1371 1289 1424 populi
1325 1370 1503 1410 Romani

144 1433 229 1472 erit.
289 1432 440 1486 Pythio
466 1432 649 1486 Apollini
675 1448 716 1473 re
742 1433 906 1487 publica
931 1440 1067 1474 vestra
1092 1433 1197 1473 bene
1222 1440 1340 1488 gesta
1367 1448 1503 1474 serva·
1530 1446 1545 1458 ⁰

144 1502 284 1547 taque,
321 1494 443 1534 lucris
470 1495 623 1535 meritis
651 1495 802 1535 donum
829 1495 1019 1537 mittitote
1051 1496 1183 1549 deque
1209 1496 1378 1550 praeda,
1417 1511 1504 1535 ma-

144 1557 279 1597 nubiis
301 1557 523 1610 spoliisque
544 1557 739 1598 honorem
761 1558 969 1608 habetote,
997 1559 1208 1599 lasciviam
1229 1575 1251 1599 a
1271 1558 1388 1599 vobis
1410 1573 1503 1612 pro-

144 1618 353 1659 hibetote’.
415 1619 515 1659 haec
542 1619 611 1659 ubi
642 1634 691 1659 ex
720 1618 880 1661 Graeco
907 1621 1085 1661 carmine
1110 1621 1376 1675 interpretata
1400 1621 1501 1660 reci-

145 1680 262 1728 tavit,
291 1687 375 1720 tum
403 1681 502 1720 dixit
524 1696 566 1721 se
588 1682 751 1722 oraculo
772 1697 983 1736 egressum
1005 1683 1210 1737 extemplo
1236 1683 1284 1723 iis
1311 1682 1502 1723 omnibus

145 1742 250 1782 divis
271 1757 356 1782 rem
376 1742 555 1782 divinam
577 1750 663 1783 ture
686 1758 732 1783 ae
753 1743 847 1784 vino
866 1744 1034 1792 fecisse,
1060 1744 1300 1797 iussumque
1321 1760 1344 1784 a
1363 1743 1503 1797 templi

145 1804 343 1852 antistite,
371 1805 475 1844 sieut
495 1812 712 1846 coronatus
733 1805 870 1846 laurea
891 1820 1040 1845 corona
1060 1812 1099 1846 et
1119 1806 1330 1846 oraculum
1350 1806 1501 1846 adisset

146 1874 185 1906 et
209 1881 293 1906 rem
321 1867 501 1906 divinam
527 1867 711 1917 fecisset,
749 1868 805 1908 ita
836 1875 1075 1908 coronatum
1106 1884 1253 1909 navem
1280 1868 1501 1909 ascendere

146 1945 222 1970 nee
258 1936 352 1969 ante
389 1930 592 1983 deponere
630 1945 720 1970 eam
752 1945 876 1983 quam
906 1931 1083 1971 Romam
1119 1931 1398 1984 pervenisset:
1460 1944 1503 1970 se

146 2006 427 2044 quaecumque
458 1993 657 2046 imperata
689 1993 766 2033 sint
799 2008 892 2033 eum
925 2008 1085 2033 summa
1115 1994 1311 2048 religione
1343 2008 1390 2033 ae
1415 1993 1505 2032 dili-

147 2053 283 2107 gentia
315 2061 556 2094 exsecutum
587 2069 779 2095 eoronam
804 2055 961 2095 Romae
993 2055 1033 2094 in
1065 2071 1176 2095 aram
1202 2054 1408 2109 Apollinis
1435 2055 1505 2093 de-

147 2114 348 2168 posuisse.
410 2123 575 2156 senatus
602 2117 799 2164 docrevit,
838 2123 882 2156 ut
913 2132 983 2157 eae
1015 2131 1079 2157 res
1106 2117 1268 2156 divinae
1301 2115 1505 2169 supplica-

148 2177 360 2228 tionesque
385 2177 515 2230 primo
542 2193 704 2230 quoque
731 2186 912 2232 tempore
938 2193 1030 2217 cum
1058 2193 1154 2218 eura
1179 2178 1332 2218 fierent.

233 2238 348 2277 Dum
386 2238 486 2278 haee
511 2239 669 2279 Romae
706 2248 828 2292 atque
860 2240 899 2280 in
932 2240 1051 2280 Italia
1081 2247 1296 2294 geruntur,
1336 2240 1501 2280 nuntius

150 2300 342 2339 victoriae
379 2301 431 2340 ad
457 2299 623 2341 Cannas
653 2300 949 2356 Carthaginem
985 2310 1151 2342 x‘enerat
1188 2302 1317 2356 Mago
1343 2302 1506 2342 Hamil-

150 2361 253 2401 caris
279 2361 406 2409 filius,
433 2377 515 2402 non
539 2378 590 2403 ex
615 2363 705 2416 ipsa
730 2364 815 2403 acie
837 2380 858 2403 a
879 2364 1002 2404 fratre
1028 2364 1198 2412 missus,
1227 2364 1299 2405 sed
1323 2370 1503 2404 retentus

149 2423 304 2475 aliquot
328 2423 414 2464 dies
441 2423 483 2463 in
507 2424 750 2478 recipiendis
778 2425 1010 2466 civitatibus
1036 2426 1290 2466 Bruttiorum
1317 2440 1504 2478 quaeque

1527 396 1561 424 ll

1532 765 1568 794 13

1529 1254 1546 1281 2

149 2485 404 2525 deficiebant.
454 2486 507 2534 is,
535 2501 628 2526 eum
654 2487 690 2526 ei
717 2494 881 2528 senatus
898 2488 1028 2533 >datus
1055 2495 1180 2537 esset,
1207 2502 1272 2528 res
1298 2495 1436 2542 gestas
1463 2488 1504 2528 in
1530 2501 1549 2530 8

148 2546 268 2587 Italia
293 2562 314 2587 a
341 2547 465 2588 fratre
491 2548 674 2601 exponit:
708 2563 801 2588 eum
828 2564 900 2589 sex
926 2549 1239 2604 imperatoribus
1266 2564 1372 2598 eum,
1405 2564 1505 2602 quo-

147 2624 237 2648 rum
263 2616 455 2662 quattuor
481 2610 688 2658 consules,
722 2611 803 2651 duo
830 2611 1002 2651 dictator
1027 2626 1074 2652 ae
1100 2612 1297 2666 magister
1321 2612 1503 2664 equitum

149 2670 315 2720 fuerint,
343 2686 437 2712 eum
464 2687 534 2713 sex
562 2672 846 2714 consularibus
873 2674 1118 2715 exercitibus
1145 2675 1230 2715 aeie
1257 2674 1500 2723 conflixisse,
