<?xml version="1.0" encoding="UTF-8"?>
<!DOCTYPE html PUBLIC "-//W3C//DTD XHTML 1.0 Transitional//EN"
    "http://www.w3.org/TR/xhtml1/DTD/xhtml1-transitional.dtd">
<html xmlns="http://www.w3.org/1999/xhtml" xml:lang="en" lang="en">
 <head>
  <title>
</title>
<meta http-equiv="Content-Type" content="text/html;charset=utf-8" />
  <meta name='ocr-system' content='tesseract 3.04.00' />
  <meta name='ocr-capabilities' content='ocr_page ocr_carea ocr_par ocr_line ocrx_word'/>
</head>
<body>
  <div class='ocr_page' id='page_1' title='image "./aburbeconditalib02livyuoft_0468.png"; bbox 0 0 1815 3184; ppageno 0'>
   <div class='ocr_carea' id='block_1_1' title="bbox 318 252 1372 304">
    <p class='ocr_par' dir='ltr' id='par_1_1' title="bbox 318 252 1372 304">
     <span class='ocr_line' id='line_1_1' title="bbox 318 252 1372 304; baseline 0 -10"><span class='ocrx_word' id='word_1_1' title='bbox 318 252 402 294; x_wconf 80' lang='lat'>364</span> <span class='ocrx_word' id='word_1_2' title='bbox 611 260 765 293; x_wconf 81' lang='lat' dir='ltr'>LIBER</span> <span class='ocrx_word' id='word_1_3' title='bbox 788 258 956 302; x_wconf 81' lang='lat' dir='ltr'>XXVH,</span> <span class='ocrx_word' id='word_1_4' title='bbox 982 259 1037 292; x_wconf 73' lang='lat'><strong>34.</strong></span> <span class='ocrx_word' id='word_1_5' title='bbox 1052 258 1106 292; x_wconf 82' lang='lat'><strong>35.</strong></span> <span class='ocrx_word' id='word_1_6' title='bbox 1135 261 1230 301; x_wconf 78' lang='lat' dir='ltr'>[a.u.</span> <span class='ocrx_word' id='word_1_7' title='bbox 1248 260 1372 304; x_wconf 78' lang='lat'><strong>0.546]</strong></span> 
     </span>
    </p>
   </div>
   <div class='ocr_carea' id='block_1_2' title="bbox 254 360 1673 2747">
    <p class='ocr_par' dir='ltr' id='par_1_2' title="bbox 317 360 1672 600">
     <span class='ocr_line' id='line_1_2' title="bbox 320 360 1671 416; baseline 0.004 -14"><span class='ocrx_word' id='word_1_8' title='bbox 320 363 448 403; x_wconf 86' lang='lat' dir='ltr'>ferme</span> <span class='ocrx_word' id='word_1_9' title='bbox 474 370 569 416; x_wconf 90' lang='lat' dir='ltr'>post</span> <span class='ocrx_word' id='word_1_10' title='bbox 594 361 900 402; x_wconf 83' lang='lat' dir='ltr'>damnationem</span> <span class='ocrx_word' id='word_1_11' title='bbox 926 376 1033 402; x_wconf 85' lang='lat' dir='ltr'>anno</span> <span class='ocrx_word' id='word_1_12' title='bbox 1058 361 1119 401; x_wconf 87' lang='lat' dir='ltr'><strong>M.</strong></span> <span class='ocrx_word' id='word_1_13' title='bbox 1148 360 1349 402; x_wconf 85' lang='lat' dir='ltr'>Claudius</span> <span class='ocrx_word' id='word_1_14' title='bbox 1375 361 1599 406; x_wconf 82' lang='lat' dir='ltr'>Marcellus</span> <span class='ocrx_word' id='word_1_15' title='bbox 1631 374 1671 407; x_wconf 89' lang='lat' dir='ltr'>et</span> 
     </span>
     <span class='ocr_line' id='line_1_3' title="bbox 317 423 1671 467; baseline 0.002 -4"><span class='ocrx_word' id='word_1_16' title='bbox 317 424 379 463; x_wconf 88' lang='lat' dir='ltr'><strong>M.</strong></span> <span class='ocrx_word' id='word_1_17' title='bbox 405 423 598 465; x_wconf 83' lang='lat' dir='ltr'>Valerius</span> <span class='ocrx_word' id='word_1_18' title='bbox 631 423 845 463; x_wconf 88' lang='lat' dir='ltr'>Laevinus</span> <span class='ocrx_word' id='word_1_19' title='bbox 877 424 1068 464; x_wconf 90' lang='lat' dir='ltr'>consules</span> <span class='ocrx_word' id='word_1_20' title='bbox 1099 424 1377 464; x_wconf 81' lang='lat' dir='ltr'>redduxerant</span> <span class='ocrx_word' id='word_1_21' title='bbox 1409 439 1503 464; x_wconf 89' lang='lat' dir='ltr'>eum</span> <span class='ocrx_word' id='word_1_22' title='bbox 1532 425 1575 465; x_wconf 90' lang='lat' dir='ltr'>in</span> <span class='ocrx_word' id='word_1_23' title='bbox 1603 441 1671 467; x_wconf 92' lang='lat' dir='ltr'>ur-</span> 
     </span>
     <span class='ocr_line' id='line_1_4' title="bbox 317 485 1671 546; baseline 0.002 -22"><span class='ocrx_word' id='word_1_24' title='bbox 317 485 431 533; x_wconf 90' lang='lat' dir='ltr'>bem;</span> <span class='ocrx_word' id='word_1_25' title='bbox 470 485 544 525; x_wconf 89' lang='lat' dir='ltr'>sed</span> <span class='ocrx_word' id='word_1_26' title='bbox 581 492 668 524; x_wconf 85' lang='lat' dir='ltr'>erat</span> <span class='ocrx_word' id='word_1_27' title='bbox 705 492 819 524; x_wconf 83' lang='lat' dir='ltr'>veste</span> <span class='ocrx_word' id='word_1_28' title='bbox 857 485 1045 525; x_wconf 88' lang='lat' dir='ltr'>obsoleta</span> <span class='ocrx_word' id='word_1_29' title='bbox 1081 485 1311 546; x_wconf 67' lang='lat' dir='ltr'>capilloque</span> <span class='ocrx_word' id='word_1_30' title='bbox 1343 492 1383 525; x_wconf 88' lang='lat' dir='ltr'>et</span> <span class='ocrx_word' id='word_1_31' title='bbox 1419 485 1547 526; x_wconf 86' lang='lat' dir='ltr'>barba</span> <span class='ocrx_word' id='word_1_32' title='bbox 1577 502 1671 540; x_wconf 89' lang='lat' dir='ltr'>pro-</span> 
     </span>
     <span class='ocr_line' id='line_1_5' title="bbox 318 546 1672 600; baseline 0.001 -14"><span class='ocrx_word' id='word_1_33' title='bbox 318 546 463 595; x_wconf 85' lang='lat' dir='ltr'>missa,</span> <span class='ocrx_word' id='word_1_34' title='bbox 489 561 587 600; x_wconf 88' lang='lat' dir='ltr'>prae</span> <span class='ocrx_word' id='word_1_35' title='bbox 615 561 658 586; x_wconf 91' lang='lat' dir='ltr'>se</span> <span class='ocrx_word' id='word_1_36' title='bbox 684 546 820 586; x_wconf 88' lang='lat' dir='ltr'>ferens</span> <span class='ocrx_word' id='word_1_37' title='bbox 846 546 889 585; x_wconf 90' lang='lat' dir='ltr'>in</span> <span class='ocrx_word' id='word_1_38' title='bbox 907 546 1022 586; x_wconf 79' lang='lat' dir='ltr'>vultu</span> <span class='ocrx_word' id='word_1_39' title='bbox 1043 546 1266 599; x_wconf 88' lang='lat' dir='ltr'>habituque</span> <span class='ocrx_word' id='word_1_40' title='bbox 1287 547 1493 600; x_wconf 81' lang='lat' dir='ltr'>insignem</span> <span class='ocrx_word' id='word_1_41' title='bbox 1516 562 1672 589; x_wconf 92' lang='lat' dir='ltr'>memo-</span> 
     </span>
    </p>

    <p class='ocr_par' dir='ltr' id='par_1_3' title="bbox 275 607 1672 786">
     <span class='ocr_line' id='line_1_6' title="bbox 275 607 1670 661; baseline 0.001 -14"><span class='ocrx_word' id='word_1_42' title='bbox 275 622 293 651; x_wconf 91' lang='lat'><strong>6</strong></span> <span class='ocrx_word' id='word_1_43' title='bbox 318 607 421 647; x_wconf 82' lang='lat' dir='ltr'>riam</span> <span class='ocrx_word' id='word_1_44' title='bbox 456 607 707 661; x_wconf 82' lang='lat' dir='ltr'>ignominiae</span> <span class='ocrx_word' id='word_1_45' title='bbox 739 615 945 661; x_wconf 78' lang='lat' dir='ltr'>acceptae.</span> <span class='ocrx_word' id='word_1_46' title='bbox 1006 608 1059 647; x_wconf 89' lang='lat' dir='ltr'>L.</span> <span class='ocrx_word' id='word_1_47' title='bbox 1091 608 1288 649; x_wconf 85' lang='lat' dir='ltr'>Veturius</span> <span class='ocrx_word' id='word_1_48' title='bbox 1327 616 1367 648; x_wconf 88' lang='lat' dir='ltr'>et</span> <span class='ocrx_word' id='word_1_49' title='bbox 1401 608 1450 648; x_wconf 87' lang='lat' dir='ltr'><strong>P.</strong></span> <span class='ocrx_word' id='word_1_50' title='bbox 1483 608 1670 650; x_wconf 88' lang='lat' dir='ltr'>Licinius</span> 
     </span>
     <span class='ocr_line' id='line_1_7' title="bbox 318 669 1672 723; baseline 0.001 -14"><span class='ocrx_word' id='word_1_51' title='bbox 318 683 510 709; x_wconf 81' lang='lat' dir='ltr'>censores</span> <span class='ocrx_word' id='word_1_52' title='bbox 538 684 633 709; x_wconf 88' lang='lat' dir='ltr'>eum</span> <span class='ocrx_word' id='word_1_53' title='bbox 663 669 823 709; x_wconf 90' lang='lat' dir='ltr'>tonderi</span> <span class='ocrx_word' id='word_1_54' title='bbox 855 677 893 709; x_wconf 91' lang='lat' dir='ltr'>et</span> <span class='ocrx_word' id='word_1_55' title='bbox 926 669 1158 722; x_wconf 84' lang='lat' dir='ltr'>squalorem</span> <span class='ocrx_word' id='word_1_56' title='bbox 1185 670 1389 723; x_wconf 86' lang='lat' dir='ltr'>deponere</span> <span class='ocrx_word' id='word_1_57' title='bbox 1422 677 1461 710; x_wconf 82' lang='lat' dir='ltr'>et</span> <span class='ocrx_word' id='word_1_58' title='bbox 1484 670 1527 709; x_wconf 91' lang='lat' dir='ltr'>in</span> <span class='ocrx_word' id='word_1_59' title='bbox 1554 685 1672 711; x_wconf 89' lang='lat' dir='ltr'>sena-</span> 
     </span>
     <span class='ocr_line' id='line_1_8' title="bbox 319 730 1669 786; baseline 0.001 -16"><span class='ocrx_word' id='word_1_60' title='bbox 319 738 405 770; x_wconf 87' lang='lat' dir='ltr'>tum</span> <span class='ocrx_word' id='word_1_61' title='bbox 434 730 574 771; x_wconf 79' lang='lat' dir='ltr'>venire</span> <span class='ocrx_word' id='word_1_62' title='bbox 606 731 805 784; x_wconf 85' lang='lat' dir='ltr'>fungique</span> <span class='ocrx_word' id='word_1_63' title='bbox 837 731 926 771; x_wconf 90' lang='lat' dir='ltr'>aliis</span> <span class='ocrx_word' id='word_1_64' title='bbox 958 731 1133 785; x_wconf 85' lang='lat' dir='ltr'>publicis</span> <span class='ocrx_word' id='word_1_65' title='bbox 1164 731 1403 771; x_wconf 90' lang='lat' dir='ltr'>muneribus</span> <span class='ocrx_word' id='word_1_66' title='bbox 1435 739 1669 786; x_wconf 86' lang='lat' dir='ltr'>coegerunt.</span> 
     </span>
    </p>

    <p class='ocr_par' dir='ltr' id='par_1_4' title="bbox 276 792 1673 970">
     <span class='ocr_line' id='line_1_9' title="bbox 276 792 1672 846; baseline 0 -14"><span class='ocrx_word' id='word_1_67' title='bbox 276 808 291 836; x_wconf 83' lang='lat'>7</span> <span class='ocrx_word' id='word_1_68' title='bbox 321 792 394 832; x_wconf 88' lang='lat' dir='ltr'>sed</span> <span class='ocrx_word' id='word_1_69' title='bbox 419 798 506 831; x_wconf 89' lang='lat' dir='ltr'>tum</span> <span class='ocrx_word' id='word_1_70' title='bbox 533 806 695 844; x_wconf 89' lang='lat' dir='ltr'>quoque</span> <span class='ocrx_word' id='word_1_71' title='bbox 728 801 797 832; x_wconf 88' lang='lat' dir='ltr'>aut</span> <span class='ocrx_word' id='word_1_72' title='bbox 828 792 954 832; x_wconf 74' lang='lat' dir='ltr'>verbo</span> <span class='ocrx_word' id='word_1_73' title='bbox 986 792 1294 832; x_wconf 79' lang='lat' dir='ltr'>adsentiebatur</span> <span class='ocrx_word' id='word_1_74' title='bbox 1325 800 1395 832; x_wconf 88' lang='lat' dir='ltr'>aut</span> <span class='ocrx_word' id='word_1_75' title='bbox 1424 793 1598 846; x_wconf 89' lang='lat' dir='ltr'>pedibus</span> <span class='ocrx_word' id='word_1_76' title='bbox 1629 793 1672 832; x_wconf 91' lang='lat' dir='ltr'>in</span> 
     </span>
     <span class='ocr_line' id='line_1_10' title="bbox 320 853 1671 907; baseline 0.001 -15"><span class='ocrx_word' id='word_1_77' title='bbox 320 853 565 893; x_wconf 82' lang='lat' dir='ltr'>sententiam</span> <span class='ocrx_word' id='word_1_78' title='bbox 589 853 693 902; x_wconf 86' lang='lat' dir='ltr'>ibat,</span> <span class='ocrx_word' id='word_1_79' title='bbox 722 854 852 893; x_wconf 92' lang='lat' dir='ltr'>donec</span> <span class='ocrx_word' id='word_1_80' title='bbox 879 853 1044 907; x_wconf 80' lang='lat' dir='ltr'>cognati</span> <span class='ocrx_word' id='word_1_81' title='bbox 1069 853 1247 894; x_wconf 91' lang='lat' dir='ltr'>hominis</span> <span class='ocrx_word' id='word_1_82' title='bbox 1274 869 1367 894; x_wconf 90' lang='lat' dir='ltr'>eum</span> <span class='ocrx_word' id='word_1_83' title='bbox 1393 868 1518 894; x_wconf 86' lang='lat' dir='ltr'>causa</span> <span class='ocrx_word' id='word_1_84' title='bbox 1537 854 1671 894; x_wconf 60' lang='lat' dir='ltr'>BIarci</span> 
     </span>
     <span class='ocr_line' id='line_1_11' title="bbox 318 914 1673 970; baseline 0.001 -17"><span class='ocrx_word' id='word_1_85' title='bbox 318 914 432 954; x_wconf 83' lang='lat' dir='ltr'>Livii</span> <span class='ocrx_word' id='word_1_86' title='bbox 455 914 632 963; x_wconf 61' lang='lat' dir='ltr'>Blacati,</span> <span class='ocrx_word' id='word_1_87' title='bbox 670 929 762 954; x_wconf 89' lang='lat' dir='ltr'>cum</span> <span class='ocrx_word' id='word_1_88' title='bbox 788 916 900 955; x_wconf 85' lang='lat' dir='ltr'>fama</span> <span class='ocrx_word' id='word_1_89' title='bbox 925 915 1012 955; x_wconf 91' lang='lat' dir='ltr'>eius</span> <span class='ocrx_word' id='word_1_90' title='bbox 1045 922 1254 969; x_wconf 85' lang='lat' dir='ltr'>ageretur,</span> <span class='ocrx_word' id='word_1_91' title='bbox 1293 923 1470 956; x_wconf 90' lang='lat' dir='ltr'>stantem</span> <span class='ocrx_word' id='word_1_92' title='bbox 1497 916 1606 970; x_wconf 84' lang='lat' dir='ltr'>cogit</span> <span class='ocrx_word' id='word_1_93' title='bbox 1630 916 1673 955; x_wconf 87' lang='lat' dir='ltr'>in</span> 
     </span>
    </p>

    <p class='ocr_par' dir='ltr' id='par_1_5' title="bbox 274 977 1673 1215">
     <span class='ocr_line' id='line_1_12' title="bbox 274 977 1673 1018; baseline -0.001 0"><span class='ocrx_word' id='word_1_94' title='bbox 274 991 293 1018; x_wconf 75' lang='lat'>8</span> <span class='ocrx_word' id='word_1_95' title='bbox 321 983 466 1015; x_wconf 89' lang='lat' dir='ltr'>senatu</span> <span class='ocrx_word' id='word_1_96' title='bbox 492 977 738 1016; x_wconf 86' lang='lat' dir='ltr'>sententiam</span> <span class='ocrx_word' id='word_1_97' title='bbox 765 977 911 1017; x_wconf 88' lang='lat' dir='ltr'>dicere.</span> <span class='ocrx_word' id='word_1_98' title='bbox 973 984 1070 1016; x_wconf 83' lang='lat' dir='ltr'>tunc</span> <span class='ocrx_word' id='word_1_99' title='bbox 1095 992 1145 1017; x_wconf 81' lang='lat' dir='ltr'>cx</span> <span class='ocrx_word' id='word_1_100' title='bbox 1172 984 1285 1017; x_wconf 88' lang='lat' dir='ltr'>tanto</span> <span class='ocrx_word' id='word_1_101' title='bbox 1315 977 1530 1018; x_wconf 80' lang='lat' dir='ltr'>intervallo</span> <span class='ocrx_word' id='word_1_102' title='bbox 1558 977 1673 1017; x_wconf 90' lang='lat' dir='ltr'>audi-</span> 
     </span>
     <span class='ocr_line' id='line_1_13' title="bbox 320 1037 1670 1090; baseline 0.002 -15"><span class='ocrx_word' id='word_1_103' title='bbox 320 1044 385 1076; x_wconf 92' lang='lat' dir='ltr'>tus</span> <span class='ocrx_word' id='word_1_104' title='bbox 412 1037 613 1077; x_wconf 75' lang='lat' dir='ltr'>convertit</span> <span class='ocrx_word' id='word_1_105' title='bbox 639 1052 711 1077; x_wconf 85' lang='lat' dir='ltr'>ora</span> <span class='ocrx_word' id='word_1_106' title='bbox 735 1038 948 1078; x_wconf 89' lang='lat' dir='ltr'>hominum</span> <span class='ocrx_word' id='word_1_107' title='bbox 972 1038 1014 1077; x_wconf 91' lang='lat' dir='ltr'>in</span> <span class='ocrx_word' id='word_1_108' title='bbox 1041 1053 1104 1086; x_wconf 90' lang='lat' dir='ltr'>se,</span> <span class='ocrx_word' id='word_1_109' title='bbox 1138 1052 1387 1090; x_wconf 84' lang='lat' dir='ltr'>causamque</span> <span class='ocrx_word' id='word_1_110' title='bbox 1414 1038 1670 1079; x_wconf 87' lang='lat' dir='ltr'>sermonibus</span> 
     </span>
     <span class='ocr_line' id='line_1_14' title="bbox 318 1097 1672 1154; baseline 0.001 -18"><span class='ocrx_word' id='word_1_111' title='bbox 318 1097 524 1151; x_wconf 88' lang='lat' dir='ltr'>praebuit,</span> <span class='ocrx_word' id='word_1_112' title='bbox 556 1098 726 1153; x_wconf 88' lang='lat' dir='ltr'>indigno</span> <span class='ocrx_word' id='word_1_113' title='bbox 750 1099 941 1139; x_wconf 88' lang='lat' dir='ltr'>iniuriam</span> <span class='ocrx_word' id='word_1_114' title='bbox 969 1115 991 1139; x_wconf 89' lang='lat' dir='ltr'>a</span> <span class='ocrx_word' id='word_1_115' title='bbox 1016 1100 1169 1153; x_wconf 85' lang='lat' dir='ltr'>populo</span> <span class='ocrx_word' id='word_1_116' title='bbox 1194 1100 1347 1139; x_wconf 90' lang='lat' dir='ltr'>factam</span> <span class='ocrx_word' id='word_1_117' title='bbox 1371 1114 1604 1154; x_wconf 92' lang='lat' dir='ltr'>magnoque</span> <span class='ocrx_word' id='word_1_118' title='bbox 1630 1099 1672 1138; x_wconf 88' lang='lat' dir='ltr'>id</span> 
     </span>
     <span class='ocr_line' id='line_1_15' title="bbox 320 1158 1671 1215; baseline 0.001 -18"><span class='ocrx_word' id='word_1_119' title='bbox 320 1158 469 1199; x_wconf 89' lang='lat' dir='ltr'>damno</span> <span class='ocrx_word' id='word_1_120' title='bbox 496 1159 644 1208; x_wconf 84' lang='lat' dir='ltr'>fuisse,</span> <span class='ocrx_word' id='word_1_121' title='bbox 682 1160 794 1212; x_wconf 88' lang='lat' dir='ltr'>quod</span> <span class='ocrx_word' id='word_1_122' title='bbox 824 1168 907 1200; x_wconf 90' lang='lat' dir='ltr'>tam</span> <span class='ocrx_word' id='word_1_123' title='bbox 939 1161 1056 1214; x_wconf 73' lang='lat' dir='ltr'>gravi</span> <span class='ocrx_word' id='word_1_124' title='bbox 1088 1161 1194 1201; x_wconf 87' lang='lat' dir='ltr'>bello</span> <span class='ocrx_word' id='word_1_125' title='bbox 1224 1175 1300 1201; x_wconf 89' lang='lat' dir='ltr'>nec</span> <span class='ocrx_word' id='word_1_126' title='bbox 1326 1175 1451 1215; x_wconf 82' lang='lat' dir='ltr'>opera</span> <span class='ocrx_word' id='word_1_127' title='bbox 1474 1175 1550 1200; x_wconf 90' lang='lat' dir='ltr'>nec</span> <span class='ocrx_word' id='word_1_128' title='bbox 1575 1174 1671 1201; x_wconf 93' lang='lat' dir='ltr'>con-</span> 
     </span>
    </p>

    <p class='ocr_par' dir='ltr' id='par_1_6' title="bbox 275 1219 1670 1337">
     <span class='ocr_line' id='line_1_16' title="bbox 275 1219 1669 1275; baseline 0.001 -17"><span class='ocrx_word' id='word_1_129' title='bbox 275 1236 293 1264; x_wconf 68' lang='grc'><strong>9</strong></span> <span class='ocrx_word' id='word_1_130' title='bbox 320 1219 410 1259; x_wconf 91' lang='lat' dir='ltr'>silio</span> <span class='ocrx_word' id='word_1_131' title='bbox 437 1220 528 1259; x_wconf 86' lang='lat' dir='ltr'>talis</span> <span class='ocrx_word' id='word_1_132' title='bbox 555 1220 630 1259; x_wconf 67' lang='lat' dir='ltr'>viri</span> <span class='ocrx_word' id='word_1_133' title='bbox 655 1235 731 1260; x_wconf 87' lang='lat' dir='ltr'>usa</span> <span class='ocrx_word' id='word_1_134' title='bbox 754 1236 820 1261; x_wconf 90' lang='lat' dir='ltr'>res</span> <span class='ocrx_word' id='word_1_135' title='bbox 846 1221 1011 1275; x_wconf 86' lang='lat' dir='ltr'>publica</span> <span class='ocrx_word' id='word_1_136' title='bbox 1036 1230 1165 1261; x_wconf 83' lang='lat' dir='ltr'>esset:</span> <span class='ocrx_word' id='word_1_137' title='bbox 1204 1220 1252 1261; x_wconf 87' lang='lat' dir='ltr'><strong>C.</strong></span> <span class='ocrx_word' id='word_1_138' title='bbox 1278 1222 1433 1262; x_wconf 87' lang='lat' dir='ltr'>Neroni</span> <span class='ocrx_word' id='word_1_139' title='bbox 1457 1236 1589 1274; x_wconf 89' lang='lat' dir='ltr'>neque</span> <span class='ocrx_word' id='word_1_140' title='bbox 1617 1221 1669 1272; x_wconf 85' lang='lat' dir='ltr'><strong>Q.</strong></span> 
     </span>
     <span class='ocr_line' id='line_1_17' title="bbox 319 1280 1670 1337; baseline 0.003 -18"><span class='ocrx_word' id='word_1_141' title='bbox 319 1280 496 1320; x_wconf 89' lang='lat' dir='ltr'>Fabium</span> <span class='ocrx_word' id='word_1_142' title='bbox 538 1296 671 1334; x_wconf 86' lang='lat' dir='ltr'>neque</span> <span class='ocrx_word' id='word_1_143' title='bbox 714 1282 775 1322; x_wconf 85' lang='lat' dir='ltr'><strong>M.</strong></span> <span class='ocrx_word' id='word_1_144' title='bbox 813 1283 1028 1324; x_wconf 83' lang='lat' dir='ltr'>Valerium</span> <span class='ocrx_word' id='word_1_145' title='bbox 1063 1283 1298 1323; x_wconf 81' lang='lat' dir='ltr'>Laevinum</span> <span class='ocrx_word' id='word_1_146' title='bbox 1346 1283 1434 1323; x_wconf 86' lang='lat' dir='ltr'>dari</span> <span class='ocrx_word' id='word_1_147' title='bbox 1476 1283 1670 1337; x_wconf 89' lang='lat' dir='ltr'>conlegas</span> 
     </span>
    </p>

    <p class='ocr_par' dir='ltr' id='par_1_7' title="bbox 255 1345 1672 1581">
     <span class='ocr_line' id='line_1_18' title="bbox 255 1345 1671 1398; baseline -0.002 -11"><span class='ocrx_word' id='word_1_148' title='bbox 255 1358 295 1387; x_wconf 88' lang='lat'>10</span> <span class='ocrx_word' id='word_1_149' title='bbox 319 1358 462 1398; x_wconf 88' lang='lat' dir='ltr'>posse,</span> <span class='ocrx_word' id='word_1_150' title='bbox 500 1345 596 1396; x_wconf 84' lang='lat' dir='ltr'>quia</span> <span class='ocrx_word' id='word_1_151' title='bbox 628 1345 730 1385; x_wconf 87' lang='lat' dir='ltr'>duos</span> <span class='ocrx_word' id='word_1_152' title='bbox 762 1345 956 1398; x_wconf 86' lang='lat' dir='ltr'>patricios</span> <span class='ocrx_word' id='word_1_153' title='bbox 994 1345 1123 1385; x_wconf 86' lang='lat' dir='ltr'>creari</span> <span class='ocrx_word' id='word_1_154' title='bbox 1154 1360 1237 1385; x_wconf 91' lang='lat' dir='ltr'>non</span> <span class='ocrx_word' id='word_1_155' title='bbox 1272 1345 1424 1384; x_wconf 89' lang='lat' dir='ltr'>liceret.</span> <span class='ocrx_word' id='word_1_156' title='bbox 1497 1345 1671 1384; x_wconf 88' lang='lat' dir='ltr'>eandem</span> 
     </span>
     <span class='ocr_line' id='line_1_19' title="bbox 321 1405 1672 1460; baseline 0.001 -16"><span class='ocrx_word' id='word_1_157' title='bbox 321 1419 487 1445; x_wconf 86' lang='lat' dir='ltr'>causam</span> <span class='ocrx_word' id='word_1_158' title='bbox 512 1405 554 1444; x_wconf 93' lang='lat' dir='ltr'>in</span> <span class='ocrx_word' id='word_1_159' title='bbox 579 1406 627 1445; x_wconf 89' lang='lat' dir='ltr'>T.</span> <span class='ocrx_word' id='word_1_160' title='bbox 653 1406 814 1446; x_wconf 84' lang='lat' dir='ltr'>Manlio</span> <span class='ocrx_word' id='word_1_161' title='bbox 842 1421 952 1454; x_wconf 84' lang='lat' dir='ltr'>csse,</span> <span class='ocrx_word' id='word_1_162' title='bbox 990 1414 1279 1460; x_wconf 84' lang='lat' dir='ltr'>praeterquam</span> <span class='ocrx_word' id='word_1_163' title='bbox 1304 1406 1414 1457; x_wconf 87' lang='lat' dir='ltr'>quod</span> <span class='ocrx_word' id='word_1_164' title='bbox 1438 1412 1672 1445; x_wconf 81' lang='lat' dir='ltr'>recusasset</span> 
     </span>
     <span class='ocr_line' id='line_1_20' title="bbox 321 1466 1671 1520; baseline 0 -14"><span class='ocrx_word' id='word_1_165' title='bbox 321 1466 502 1507; x_wconf 89' lang='lat' dir='ltr'>delatum</span> <span class='ocrx_word' id='word_1_166' title='bbox 527 1468 788 1507; x_wconf 86' lang='lat' dir='ltr'>consulatum</span> <span class='ocrx_word' id='word_1_167' title='bbox 811 1475 1159 1519; x_wconf 87' lang='lat' dir='ltr'>recusaturusque</span> <span class='ocrx_word' id='word_1_168' title='bbox 1186 1473 1308 1506; x_wconf 90' lang='lat' dir='ltr'>esset.</span> <span class='ocrx_word' id='word_1_169' title='bbox 1359 1466 1574 1520; x_wconf 90' lang='lat' dir='ltr'>egregium</span> <span class='ocrx_word' id='word_1_170' title='bbox 1597 1481 1671 1520; x_wconf 88' lang='lat' dir='ltr'>par</span> 
     </span>
     <span class='ocr_line' id='line_1_21' title="bbox 321 1526 1672 1581; baseline -0.001 -14"><span class='ocrx_word' id='word_1_171' title='bbox 321 1528 535 1567; x_wconf 88' lang='lat' dir='ltr'>consulum</span> <span class='ocrx_word' id='word_1_172' title='bbox 566 1529 672 1576; x_wconf 88' lang='lat' dir='ltr'>fore,</span> <span class='ocrx_word' id='word_1_173' title='bbox 712 1529 745 1567; x_wconf 78' lang='lat' dir='ltr'>si</span> <span class='ocrx_word' id='word_1_174' title='bbox 776 1528 838 1568; x_wconf 89' lang='lat' dir='ltr'><strong>M.</strong></span> <span class='ocrx_word' id='word_1_175' title='bbox 871 1528 1041 1567; x_wconf 89' lang='lat' dir='ltr'>Livium</span> <span class='ocrx_word' id='word_1_176' title='bbox 1068 1526 1117 1568; x_wconf 91' lang='lat' dir='ltr'><strong>C.</strong></span> <span class='ocrx_word' id='word_1_177' title='bbox 1146 1526 1321 1568; x_wconf 88' lang='lat' dir='ltr'>Claudio</span> <span class='ocrx_word' id='word_1_178' title='bbox 1353 1527 1569 1581; x_wconf 91' lang='lat' dir='ltr'>conlegam</span> <span class='ocrx_word' id='word_1_179' title='bbox 1601 1528 1672 1567; x_wconf 85' lang='lat' dir='ltr'>ad-</span> 
     </span>
    </p>

    <p class='ocr_par' dir='ltr' id='par_1_8' title="bbox 255 1589 1670 1644">
     <span class='ocr_line' id='line_1_22' title="bbox 255 1589 1670 1644; baseline -0.001 -14"><span class='ocrx_word' id='word_1_180' title='bbox 255 1603 291 1630; x_wconf 89' lang='lat'>11</span> <span class='ocrx_word' id='word_1_181' title='bbox 320 1589 562 1629; x_wconf 81' lang='lat' dir='ltr'>iunxissent.</span> <span class='ocrx_word' id='word_1_182' title='bbox 612 1604 687 1629; x_wconf 83' lang='lat' dir='ltr'>nec</span> <span class='ocrx_word' id='word_1_183' title='bbox 707 1590 884 1644; x_wconf 87' lang='lat' dir='ltr'>populus</span> <span class='ocrx_word' id='word_1_184' title='bbox 904 1590 1156 1629; x_wconf 87' lang='lat' dir='ltr'>mentionem</span> <span class='ocrx_word' id='word_1_185' title='bbox 1176 1589 1263 1629; x_wconf 91' lang='lat' dir='ltr'>eius</span> <span class='ocrx_word' id='word_1_186' title='bbox 1278 1589 1337 1629; x_wconf 86' lang='lat' dir='ltr'>rei</span> <span class='ocrx_word' id='word_1_187' title='bbox 1357 1597 1489 1630; x_wconf 90' lang='lat' dir='ltr'>ortam</span> <span class='ocrx_word' id='word_1_188' title='bbox 1504 1605 1527 1628; x_wconf 88' lang='lat' dir='ltr'>a</span> <span class='ocrx_word' id='word_1_189' title='bbox 1545 1589 1670 1643; x_wconf 90' lang='lat' dir='ltr'>patri-</span> 
     </span>
    </p>

    <p class='ocr_par' dir='ltr' id='par_1_9' title="bbox 256 1650 1671 1828">
     <span class='ocr_line' id='line_1_23' title="bbox 256 1650 1671 1704; baseline -0.001 -13"><span class='ocrx_word' id='word_1_190' title='bbox 256 1663 294 1691; x_wconf 78' lang='lat'>12</span> <span class='ocrx_word' id='word_1_191' title='bbox 321 1651 396 1690; x_wconf 87' lang='lat' dir='ltr'>bus</span> <span class='ocrx_word' id='word_1_192' title='bbox 413 1658 474 1690; x_wconf 86' lang='lat' dir='ltr'>est</span> <span class='ocrx_word' id='word_1_193' title='bbox 489 1661 746 1704; x_wconf 80' lang='lat' dir='ltr'>aspernatus.</span> <span class='ocrx_word' id='word_1_194' title='bbox 785 1666 890 1691; x_wconf 92' lang='lat' dir='ltr'>unus</span> <span class='ocrx_word' id='word_1_195' title='bbox 906 1666 997 1691; x_wconf 93' lang='lat' dir='ltr'>eam</span> <span class='ocrx_word' id='word_1_196' title='bbox 1011 1666 1097 1691; x_wconf 91' lang='lat' dir='ltr'>rem</span> <span class='ocrx_word' id='word_1_197' title='bbox 1117 1651 1158 1691; x_wconf 92' lang='lat' dir='ltr'>in</span> <span class='ocrx_word' id='word_1_198' title='bbox 1174 1651 1338 1691; x_wconf 85' lang='lat' dir='ltr'>civitate</span> <span class='ocrx_word' id='word_1_199' title='bbox 1356 1650 1405 1700; x_wconf 89' lang='lat' dir='ltr'>is,</span> <span class='ocrx_word' id='word_1_200' title='bbox 1427 1650 1492 1690; x_wconf 91' lang='lat' dir='ltr'>cui</span> <span class='ocrx_word' id='word_1_201' title='bbox 1512 1651 1671 1691; x_wconf 88' lang='lat' dir='ltr'>defere-</span> 
     </span>
     <span class='ocr_line' id='line_1_24' title="bbox 321 1712 1671 1761; baseline 0.001 -10"><span class='ocrx_word' id='word_1_202' title='bbox 321 1712 438 1751; x_wconf 88' lang='lat' dir='ltr'>batur</span> <span class='ocrx_word' id='word_1_203' title='bbox 463 1712 613 1761; x_wconf 78' lang='lat' dir='ltr'>honos,</span> <span class='ocrx_word' id='word_1_204' title='bbox 642 1713 867 1761; x_wconf 85' lang='lat' dir='ltr'>abnuebat,</span> <span class='ocrx_word' id='word_1_205' title='bbox 893 1713 1103 1753; x_wconf 79' lang='lat' dir='ltr'>levitatem</span> <span class='ocrx_word' id='word_1_206' title='bbox 1129 1712 1304 1752; x_wconf 76' lang='lat' dir='ltr'>civitatis</span> <span class='ocrx_word' id='word_1_207' title='bbox 1332 1726 1551 1752; x_wconf 83' lang='lat' dir='ltr'>accusans:</span> <span class='ocrx_word' id='word_1_208' title='bbox 1584 1728 1671 1753; x_wconf 92' lang='lat' dir='ltr'>sor-</span> 
     </span>
     <span class='ocr_line' id='line_1_25' title="bbox 319 1772 1668 1828; baseline 0.001 -17"><span class='ocrx_word' id='word_1_209' title='bbox 319 1772 447 1812; x_wconf 87' lang='lat' dir='ltr'>didati</span> <span class='ocrx_word' id='word_1_210' title='bbox 476 1773 535 1813; x_wconf 90' lang='lat' dir='ltr'>rei</span> <span class='ocrx_word' id='word_1_211' title='bbox 571 1789 654 1814; x_wconf 91' lang='lat' dir='ltr'>non</span> <span class='ocrx_word' id='word_1_212' title='bbox 685 1774 889 1814; x_wconf 87' lang='lat' dir='ltr'>miseritos</span> <span class='ocrx_word' id='word_1_213' title='bbox 922 1774 1139 1813; x_wconf 87' lang='lat' dir='ltr'>candidam</span> <span class='ocrx_word' id='word_1_214' title='bbox 1171 1781 1311 1828; x_wconf 89' lang='lat' dir='ltr'>togam</span> <span class='ocrx_word' id='word_1_215' title='bbox 1340 1773 1469 1814; x_wconf 82' lang='lat' dir='ltr'>invito</span> <span class='ocrx_word' id='word_1_216' title='bbox 1501 1774 1668 1822; x_wconf 86' lang='lat' dir='ltr'>offerre3</span> 
     </span>
    </p>

    <p class='ocr_par' dir='ltr' id='par_1_10' title="bbox 254 1834 1670 2012">
     <span class='ocr_line' id='line_1_26' title="bbox 254 1834 1668 1889; baseline -0.002 -12"><span class='ocrx_word' id='word_1_217' title='bbox 254 1848 292 1877; x_wconf 88' lang='lat'>13</span> <span class='ocrx_word' id='word_1_218' title='bbox 319 1834 464 1874; x_wconf 86' lang='lat' dir='ltr'>codem</span> <span class='ocrx_word' id='word_1_219' title='bbox 496 1834 673 1875; x_wconf 86' lang='lat' dir='ltr'>honores</span> <span class='ocrx_word' id='word_1_220' title='bbox 705 1850 943 1889; x_wconf 88' lang='lat' dir='ltr'>poenasque</span> <span class='ocrx_word' id='word_1_221' title='bbox 974 1835 1154 1889; x_wconf 87' lang='lat' dir='ltr'>congeri.</span> <span class='ocrx_word' id='word_1_222' title='bbox 1216 1835 1250 1875; x_wconf 86' lang='lat' dir='ltr'>si</span> <span class='ocrx_word' id='word_1_223' title='bbox 1281 1836 1435 1875; x_wconf 88' lang='lat' dir='ltr'>bonum</span> <span class='ocrx_word' id='word_1_224' title='bbox 1461 1834 1668 1883; x_wconf 84' lang='lat' dir='ltr'>ducerent,</span> 
     </span>
     <span class='ocr_line' id='line_1_27' title="bbox 318 1895 1669 1950; baseline 0 -16"><span class='ocrx_word' id='word_1_225' title='bbox 318 1895 417 1947; x_wconf 84' lang='lat' dir='ltr'>quid</span> <span class='ocrx_word' id='word_1_226' title='bbox 442 1896 498 1935; x_wconf 84' lang='lat' dir='ltr'>ita</span> <span class='ocrx_word' id='word_1_227' title='bbox 522 1911 596 1950; x_wconf 90' lang='lat' dir='ltr'>pro</span> <span class='ocrx_word' id='word_1_228' title='bbox 622 1897 746 1937; x_wconf 81' lang='lat' dir='ltr'>noxio</span> <span class='ocrx_word' id='word_1_229' title='bbox 773 1897 1064 1937; x_wconf 84' lang='lat' dir='ltr'>damnassent?</span> <span class='ocrx_word' id='word_1_230' title='bbox 1108 1897 1141 1936; x_wconf 90' lang='lat' dir='ltr'>si</span> <span class='ocrx_word' id='word_1_231' title='bbox 1165 1896 1334 1936; x_wconf 79' lang='lat' dir='ltr'>noxium</span> <span class='ocrx_word' id='word_1_232' title='bbox 1360 1895 1669 1949; x_wconf 87' lang='lat' dir='ltr'>comperissent,</span> 
     </span>
     <span class='ocr_line' id='line_1_28' title="bbox 318 1957 1670 2012; baseline -0.001 -15"><span class='ocrx_word' id='word_1_233' title='bbox 318 1957 416 2009; x_wconf 90' lang='lat' dir='ltr'>quid</span> <span class='ocrx_word' id='word_1_234' title='bbox 439 1958 496 1997; x_wconf 85' lang='lat' dir='ltr'>ita</span> <span class='ocrx_word' id='word_1_235' title='bbox 521 1959 627 1998; x_wconf 88' lang='lat' dir='ltr'>male</span> <span class='ocrx_word' id='word_1_236' title='bbox 654 1959 808 1999; x_wconf 88' lang='lat' dir='ltr'>credito</span> <span class='ocrx_word' id='word_1_237' title='bbox 834 1959 968 2012; x_wconf 88' lang='lat' dir='ltr'>priore</span> <span class='ocrx_word' id='word_1_238' title='bbox 995 1958 1209 1999; x_wconf 83' lang='lat' dir='ltr'>consulatu</span> <span class='ocrx_word' id='word_1_239' title='bbox 1235 1958 1407 1997; x_wconf 87' lang='lat' dir='ltr'>alterum</span> <span class='ocrx_word' id='word_1_240' title='bbox 1433 1957 1670 1997; x_wconf 85' lang='lat' dir='ltr'>crederent?</span> 
     </span>
    </p>

    <p class='ocr_par' dir='ltr' id='par_1_11' title="bbox 254 2019 1671 2196">
     <span class='ocr_line' id='line_1_29' title="bbox 254 2019 1668 2074; baseline 0 -16"><span class='ocrx_word' id='word_1_241' title='bbox 254 2030 294 2059; x_wconf 82' lang='lat'>14</span> <span class='ocrx_word' id='word_1_242' title='bbox 319 2019 421 2059; x_wconf 90' lang='lat' dir='ltr'>haec</span> <span class='ocrx_word' id='word_1_243' title='bbox 447 2020 625 2072; x_wconf 88' lang='lat' dir='ltr'>taliaque</span> <span class='ocrx_word' id='word_1_244' title='bbox 652 2030 895 2074; x_wconf 87' lang='lat' dir='ltr'>arguentem</span> <span class='ocrx_word' id='word_1_245' title='bbox 920 2029 959 2061; x_wconf 91' lang='lat' dir='ltr'>et</span> <span class='ocrx_word' id='word_1_246' title='bbox 979 2029 1216 2073; x_wconf 86' lang='lat' dir='ltr'>querentem</span> <span class='ocrx_word' id='word_1_247' title='bbox 1239 2019 1497 2072; x_wconf 89' lang='lat' dir='ltr'>castigabant</span> <span class='ocrx_word' id='word_1_248' title='bbox 1517 2026 1668 2072; x_wconf 88' lang='lat' dir='ltr'>patres,</span> 
     </span>
     <span class='ocr_line' id='line_1_30' title="bbox 318 2079 1671 2133; baseline -0.001 -13"><span class='ocrx_word' id='word_1_249' title='bbox 318 2088 358 2120; x_wconf 87' lang='lat' dir='ltr'>et</span> <span class='ocrx_word' id='word_1_250' title='bbox 383 2081 444 2121; x_wconf 88' lang='lat' dir='ltr'><strong>M.</strong></span> <span class='ocrx_word' id='word_1_251' title='bbox 470 2081 642 2121; x_wconf 82' lang='lat' dir='ltr'>Furium</span> <span class='ocrx_word' id='word_1_252' title='bbox 679 2090 955 2122; x_wconf 88' lang='lat' dir='ltr'>memorantes</span> <span class='ocrx_word' id='word_1_253' title='bbox 986 2089 1223 2122; x_wconf 81' lang='lat' dir='ltr'>revocatum</span> <span class='ocrx_word' id='word_1_254' title='bbox 1255 2081 1305 2120; x_wconf 90' lang='lat' dir='ltr'>de</span> <span class='ocrx_word' id='word_1_255' title='bbox 1338 2080 1459 2120; x_wconf 78' lang='lat' dir='ltr'>exilio</span> <span class='ocrx_word' id='word_1_256' title='bbox 1496 2079 1671 2133; x_wconf 89' lang='lat' dir='ltr'>patriam</span> 
     </span>
     <span class='ocr_line' id='line_1_31' title="bbox 317 2141 1671 2196; baseline -0.001 -14"><span class='ocrx_word' id='word_1_257' title='bbox 317 2142 480 2196; x_wconf 89' lang='lat' dir='ltr'>pulsam</span> <span class='ocrx_word' id='word_1_258' title='bbox 507 2143 603 2183; x_wconf 89' lang='lat' dir='ltr'>sede</span> <span class='ocrx_word' id='word_1_259' title='bbox 631 2159 705 2183; x_wconf 88' lang='lat' dir='ltr'>sua</span> <span class='ocrx_word' id='word_1_260' title='bbox 729 2143 978 2184; x_wconf 85' lang='lat' dir='ltr'>restituisse:</span> <span class='ocrx_word' id='word_1_261' title='bbox 1022 2151 1066 2183; x_wconf 83' lang='lat' dir='ltr'>ut</span> <span class='ocrx_word' id='word_1_262' title='bbox 1089 2142 1321 2196; x_wconf 84' lang='lat' dir='ltr'>parentium</span> <span class='ocrx_word' id='word_1_263' title='bbox 1347 2141 1579 2189; x_wconf 75' lang='lat' dir='ltr'>saevitiam,</span> <span class='ocrx_word' id='word_1_264' title='bbox 1613 2141 1671 2181; x_wconf 88' lang='lat' dir='ltr'>sic</span> 
     </span>
    </p>

    <p class='ocr_par' dir='ltr' id='par_1_12' title="bbox 254 2202 1668 2306">
     <span class='ocr_line' id='line_1_32' title="bbox 254 2202 1668 2258; baseline -0.001 -14"><span class='ocrx_word' id='word_1_265' title='bbox 254 2216 293 2244; x_wconf 78' lang='lat'>15</span> <span class='ocrx_word' id='word_1_266' title='bbox 317 2204 474 2257; x_wconf 87' lang='lat' dir='ltr'>patriae</span> <span class='ocrx_word' id='word_1_267' title='bbox 500 2205 694 2258; x_wconf 85' lang='lat' dir='ltr'>patiendo</span> <span class='ocrx_word' id='word_1_268' title='bbox 721 2219 767 2245; x_wconf 91' lang='lat' dir='ltr'>ac</span> <span class='ocrx_word' id='word_1_269' title='bbox 787 2205 956 2245; x_wconf 89' lang='lat' dir='ltr'>ferendo</span> <span class='ocrx_word' id='word_1_270' title='bbox 977 2204 1210 2244; x_wconf 88' lang='lat' dir='ltr'>leniendam</span> <span class='ocrx_word' id='word_1_271' title='bbox 1230 2218 1335 2244; x_wconf 91' lang='lat' dir='ltr'>esse.</span> <span class='ocrx_word' id='word_1_272' title='bbox 1374 2202 1507 2243; x_wconf 88' lang='lat' dir='ltr'>adnisi</span> <span class='ocrx_word' id='word_1_273' title='bbox 1527 2217 1668 2243; x_wconf 89' lang='lat' dir='ltr'>omnes</span> 
     </span>
     <span class='ocr_line' id='line_1_33' title="bbox 318 2265 1438 2306; baseline 0 -2"><span class='ocrx_word' id='word_1_274' title='bbox 318 2279 412 2305; x_wconf 85' lang='lat' dir='ltr'>cum</span> <span class='ocrx_word' id='word_1_275' title='bbox 438 2265 486 2306; x_wconf 85' lang='lat' dir='ltr'><strong>C.</strong></span> <span class='ocrx_word' id='word_1_276' title='bbox 516 2266 692 2306; x_wconf 86' lang='lat' dir='ltr'>Claudio</span> <span class='ocrx_word' id='word_1_277' title='bbox 717 2267 779 2306; x_wconf 86' lang='lat' dir='ltr'><strong>M.</strong></span> <span class='ocrx_word' id='word_1_278' title='bbox 807 2266 976 2306; x_wconf 79' lang='lat' dir='ltr'>Livium</span> <span class='ocrx_word' id='word_1_279' title='bbox 1002 2266 1213 2306; x_wconf 87' lang='lat' dir='ltr'>consulem</span> <span class='ocrx_word' id='word_1_280' title='bbox 1239 2266 1438 2305; x_wconf 88' lang='lat' dir='ltr'>fecerunt.</span> 
     </span>
    </p>

    <p class='ocr_par' dir='ltr' id='par_1_13' title="bbox 276 2327 1670 2565">
     <span class='ocr_line' id='line_1_34' title="bbox 276 2327 1670 2380; baseline -0.001 -13"><span class='ocrx_word' id='word_1_281' title='bbox 276 2339 291 2367; x_wconf 94' lang='lat'>1</span> <span class='ocrx_word' id='word_1_282' title='bbox 401 2327 602 2369; x_wconf 85' lang='lat' dir='ltr'><strong>XXXV.</strong></span> <span class='ocrx_word' id='word_1_283' title='bbox 661 2327 767 2367; x_wconf 88' lang='lat' dir='ltr'>Post</span> <span class='ocrx_word' id='word_1_284' title='bbox 793 2327 901 2367; x_wconf 89' lang='lat' dir='ltr'>diem</span> <span class='ocrx_word' id='word_1_285' title='bbox 926 2327 1091 2367; x_wconf 87' lang='lat' dir='ltr'>tertium</span> <span class='ocrx_word' id='word_1_286' title='bbox 1117 2327 1203 2366; x_wconf 90' lang='lat' dir='ltr'>eius</span> <span class='ocrx_word' id='word_1_287' title='bbox 1231 2327 1309 2366; x_wconf 87' lang='lat' dir='ltr'>diei</span> <span class='ocrx_word' id='word_1_288' title='bbox 1341 2332 1577 2380; x_wconf 84' lang='lat' dir='ltr'>praetorum</span> <span class='ocrx_word' id='word_1_289' title='bbox 1603 2339 1670 2366; x_wconf 90' lang='lat' dir='ltr'>co-</span> 
     </span>
     <span class='ocr_line' id='line_1_35' title="bbox 318 2384 1669 2442; baseline -0.001 -15"><span class='ocrx_word' id='word_1_290' title='bbox 318 2388 432 2428; x_wconf 78' lang='lat' dir='ltr'>mitia.</span> <span class='ocrx_word' id='word_1_291' title='bbox 467 2388 620 2429; x_wconf 85' lang='lat' dir='ltr'>habita.</span> <span class='ocrx_word' id='word_1_292' title='bbox 680 2396 891 2442; x_wconf 86' lang='lat' dir='ltr'>praetores</span> <span class='ocrx_word' id='word_1_293' title='bbox 930 2388 1055 2428; x_wconf 89' lang='lat' dir='ltr'>creati</span> <span class='ocrx_word' id='word_1_294' title='bbox 1091 2388 1143 2428; x_wconf 92' lang='lat' dir='ltr'><strong>L.</strong></span> <span class='ocrx_word' id='word_1_295' title='bbox 1175 2388 1349 2428; x_wconf 89' lang='lat' dir='ltr'>Porcius</span> <span class='ocrx_word' id='word_1_296' title='bbox 1387 2387 1580 2434; x_wconf 90' lang='lat' dir='ltr'>Licinus,</span> <span class='ocrx_word' id='word_1_297' title='bbox 1619 2384 1669 2426; x_wconf 90' lang='lat' dir='ltr'><strong>C.</strong></span> 
     </span>
     <span class='ocr_line' id='line_1_36' title="bbox 317 2446 1669 2502; baseline -0.001 -14"><span class='ocrx_word' id='word_1_298' title='bbox 317 2449 551 2498; x_wconf 87' lang='lat' dir='ltr'>Mamilius,</span> <span class='ocrx_word' id='word_1_299' title='bbox 591 2449 640 2490; x_wconf 86' lang='lat' dir='ltr'><strong>C.</strong></span> <span class='ocrx_word' id='word_1_300' title='bbox 669 2458 709 2490; x_wconf 88' lang='lat' dir='ltr'>et</span> <span class='ocrx_word' id='word_1_301' title='bbox 732 2450 787 2490; x_wconf 94' lang='lat' dir='ltr'><strong>A.</strong></span> <span class='ocrx_word' id='word_1_302' title='bbox 814 2450 985 2490; x_wconf 86' lang='lat' dir='ltr'>Hostilii</span> <span class='ocrx_word' id='word_1_303' title='bbox 1013 2448 1208 2490; x_wconf 85' lang='lat' dir='ltr'>Catones.</span> <span class='ocrx_word' id='word_1_304' title='bbox 1270 2448 1444 2489; x_wconf 89' lang='lat' dir='ltr'>comitiis</span> <span class='ocrx_word' id='word_1_305' title='bbox 1475 2446 1669 2502; x_wconf 87' lang='lat' dir='ltr'>perfectis</span> 
     </span>
     <span class='ocr_line' id='line_1_37' title="bbox 318 2509 1670 2565; baseline -0.001 -16"><span class='ocrx_word' id='word_1_306' title='bbox 318 2510 506 2563; x_wconf 84' lang='lat' dir='ltr'>ludisque</span> <span class='ocrx_word' id='word_1_307' title='bbox 538 2512 657 2552; x_wconf 88' lang='lat' dir='ltr'>factis</span> <span class='ocrx_word' id='word_1_308' title='bbox 691 2512 864 2551; x_wconf 86' lang='lat' dir='ltr'>dictator</span> <span class='ocrx_word' id='word_1_309' title='bbox 901 2519 940 2552; x_wconf 90' lang='lat' dir='ltr'>et</span> <span class='ocrx_word' id='word_1_310' title='bbox 975 2511 1172 2565; x_wconf 88' lang='lat' dir='ltr'>magister</span> <span class='ocrx_word' id='word_1_311' title='bbox 1208 2510 1391 2562; x_wconf 89' lang='lat' dir='ltr'>equitum</span> <span class='ocrx_word' id='word_1_312' title='bbox 1426 2509 1670 2563; x_wconf 85' lang='lat' dir='ltr'>magistratu</span> 
     </span>
    </p>

    <p class='ocr_par' dir='ltr' id='par_1_14' title="bbox 275 2572 1669 2747">
     <span class='ocr_line' id='line_1_38' title="bbox 275 2572 1669 2625; baseline -0.002 -14"><span class='ocrx_word' id='word_1_313' title='bbox 275 2587 292 2616; x_wconf 86' lang='lat'><strong>2</strong></span> <span class='ocrx_word' id='word_1_314' title='bbox 320 2572 518 2613; x_wconf 85' lang='lat' dir='ltr'>abierunt.</span> <span class='ocrx_word' id='word_1_315' title='bbox 581 2573 630 2614; x_wconf 91' lang='lat' dir='ltr'><strong>C.</strong></span> <span class='ocrx_word' id='word_1_316' title='bbox 657 2573 877 2613; x_wconf 89' lang='lat' dir='ltr'>Terentius</span> <span class='ocrx_word' id='word_1_317' title='bbox 902 2574 1036 2615; x_wconf 88' lang='lat' dir='ltr'>Varro</span> <span class='ocrx_word' id='word_1_318' title='bbox 1066 2573 1109 2612; x_wconf 90' lang='lat' dir='ltr'>in</span> <span class='ocrx_word' id='word_1_319' title='bbox 1137 2572 1349 2612; x_wconf 85' lang='lat' dir='ltr'>Etruriam</span> <span class='ocrx_word' id='word_1_320' title='bbox 1377 2586 1452 2625; x_wconf 84' lang='lat' dir='ltr'>pro</span> <span class='ocrx_word' id='word_1_321' title='bbox 1482 2577 1669 2624; x_wconf 86' lang='lat' dir='ltr'>praetore</span> 
     </span>
     <span class='ocr_line' id='line_1_39' title="bbox 319 2628 1669 2688; baseline -0.004 -16"><span class='ocrx_word' id='word_1_322' title='bbox 319 2634 493 2683; x_wconf 87' lang='lat' dir='ltr'>missus,</span> <span class='ocrx_word' id='word_1_323' title='bbox 531 2642 576 2674; x_wconf 86' lang='lat' dir='ltr'>ut</span> <span class='ocrx_word' id='word_1_324' title='bbox 613 2650 664 2675; x_wconf 80' lang='lat' dir='ltr'>ex</span> <span class='ocrx_word' id='word_1_325' title='bbox 701 2649 750 2675; x_wconf 80' lang='lat' dir='ltr'>ea.</span> <span class='ocrx_word' id='word_1_326' title='bbox 785 2634 997 2688; x_wconf 80' lang='lat' dir='ltr'>provincia</span> <span class='ocrx_word' id='word_1_327' title='bbox 1035 2633 1084 2674; x_wconf 89' lang='lat' dir='ltr'><strong>C.</strong></span> <span class='ocrx_word' id='word_1_328' title='bbox 1115 2633 1323 2674; x_wconf 83' lang='lat' dir='ltr'>Hostilius</span> <span class='ocrx_word' id='word_1_329' title='bbox 1355 2632 1580 2672; x_wconf 86' lang='lat' dir='ltr'>Tarentum</span> <span class='ocrx_word' id='word_1_330' title='bbox 1617 2628 1669 2667; x_wconf 87' lang='lat' dir='ltr'>ad</span> 
     </span>
     <span class='ocr_line' id='line_1_40' title="bbox 320 2691 1666 2747; baseline -0.005 -12"><span class='ocrx_word' id='word_1_331' title='bbox 320 2709 415 2735; x_wconf 87' lang='lat' dir='ltr'>eum</span> <span class='ocrx_word' id='word_1_332' title='bbox 440 2695 665 2735; x_wconf 75' lang='lat' dir='ltr'>exercitum</span> <span class='ocrx_word' id='word_1_333' title='bbox 688 2695 784 2743; x_wconf 85' lang='lat' dir='ltr'>iret,</span> <span class='ocrx_word' id='word_1_334' title='bbox 815 2709 938 2747; x_wconf 89' lang='lat' dir='ltr'>quem</span> <span class='ocrx_word' id='word_1_335' title='bbox 963 2695 1013 2735; x_wconf 87' lang='lat' dir='ltr'><strong>T.</strong></span> <span class='ocrx_word' id='word_1_336' title='bbox 1040 2694 1260 2745; x_wconf 83' lang='lat' dir='ltr'>Quinctius</span> <span class='ocrx_word' id='word_1_337' title='bbox 1286 2692 1431 2733; x_wconf 88' lang='lat' dir='ltr'>consul</span> <span class='ocrx_word' id='word_1_338' title='bbox 1454 2691 1666 2730; x_wconf 86' lang='lat' dir='ltr'>habuerat.</span> 
     </span>
    </p>
   </div>
  </div>
 </body>
</html>
