1815 3184
287 245 370 286 222
627 250 782 284 LIBER
806 250 935 293 XXV,
962 251 992 284 τ.
1012 251 1044 284 s,
1072 251 1309 295 [a.u.c.542]

287 354 488 408 quaedam
515 352 660 394 Cumis
697 367 779 393 non
814 353 918 393 ictae
954 352 1077 393 modo
1113 352 1374 402 fulminibus,
1413 355 1486 394 sed
1521 355 1642 396 etiam

287 418 498 457 decussae.
536 415 665 455 Reate
693 429 838 455 saxum
863 415 1009 469 ingens
1035 415 1170 455 visum
1195 415 1383 464 volitare,
1412 415 1474 456 sol
1497 416 1641 457 rubere

242 492 259 522 9
287 479 404 519 solito
441 477 574 532 magis
612 477 921 532 sanguineoque
960 477 1116 518 similis.
1182 477 1327 518 horum
1364 477 1644 532 prodigiorum

286 554 411 581 causa
435 540 543 580 diem
568 554 695 579 unum
722 539 965 593 supplicatio
996 539 1073 579 fuit
1099 546 1138 580 et
1161 554 1234 594 per
1258 540 1413 593 aliquot
1437 540 1524 580 dies
1550 554 1645 580 con-

286 601 395 642 sules
426 601 549 641 rebus
581 601 730 641 divinis
763 616 931 655 operam
963 602 1160 642 dederunt
1193 608 1231 642 et
1262 616 1336 656 per
1366 601 1533 643 eosdem
1558 601 1645 642 dies

286 678 447 704 sacrum
472 662 729 703 novemdiale
755 662 845 703 fuit.

222 739 261 768 10
372 723 479 765 Cum
507 724 823 765 Tarentinorum
850 724 1026 766 defectio
1051 725 1133 765 iam
1158 725 1229 766 diu
1254 732 1293 765 et
1317 725 1360 765 in
1386 739 1458 779 spe
1484 724 1646 765 Hanni-

285 786 366 827 bali
398 793 437 827 et
467 787 509 826 in
540 787 772 840 suspicione
804 787 1002 828 Romanis
1035 794 1161 836 esset,
1205 801 1331 828 causa
1362 787 1465 827 forte
1496 787 1647 828 extrin-

219 864 256 891 11
286 863 404 890 secus
430 849 698 889 maturandae
724 849 812 889 eius
838 849 1067 889 intervenit.
1117 849 1285 890 Phileas
1301 849 1548 890 Tarentinus
1575 849 1646 889 ‹liu

284 910 365 950 iam
390 925 464 964 per
489 911 669 964 speciem
694 910 910 965 legationis
930 911 1089 952 Romae
1114 925 1208 952 eum
1234 917 1362 961 esset,
1389 911 1451 951 vir
1475 911 1646 964 inquieti

285 972 410 1012 animi
435 979 473 1012 et
498 972 665 1013 minime
691 973 836 1021 otium,
874 987 955 1025 quo
987 980 1073 1013 tum
1104 973 1262 1014 diutino
1295 987 1507 1014 senescere
1532 973 1646 1013 vide-

284 1034 420 1083 batur,
447 1035 657 1089 pafientis,
690 1035 846 1075 aditum
873 1034 951 1075 sibi
976 1035 1028 1075 ad
1053 1035 1218 1076 obsides
1245 1035 1451 1076 Thurinos
1478 1034 1644 1074 invenit.

220 1110 259 1138 12
287 1096 622 1136 custodiebantur
650 1096 691 1136 in
723 1097 825 1136 atrio
850 1096 1076 1137 Libertatis
1108 1097 1263 1138 minore
1294 1111 1408 1145 cura,
1447 1096 1542 1149 quia
1570 1110 1646 1135 nec

220 1174 259 1201 13
285 1158 385 1212 ipsis
411 1172 486 1198 nec
512 1158 665 1199 civitati
691 1173 830 1199 eorum
857 1158 997 1199 fallere
1023 1159 1235 1200 Romanos
1262 1157 1516 1212 expediebat.
1566 1157 1642 1198 hos

285 1219 437 1261 crebris
474 1220 701 1273 conloquiis
745 1220 982 1262 sollicitatos
1027 1221 1226 1274 corruptis
1264 1220 1437 1261 aedituis
1481 1219 1643 1260 duobus

286 1296 380 1322 cum
415 1282 557 1336 primis
591 1281 768 1323 tenebris
808 1283 993 1323 custodia
1023 1283 1251 1331 eduxisset,
1289 1283 1378 1336 ipse
1409 1296 1546 1323 comes
1578 1296 1645 1323 oc-

220 1358 261 1386 14
286 1343 383 1384 culti
407 1343 561 1384 itineris
588 1343 722 1384 factus
747 1343 942 1399 profugit.
1003 1344 1093 1384 luce
1124 1344 1257 1398 prima
1286 1344 1453 1398 volgata
1482 1358 1555 1397 per
1579 1358 1646 1383 ur-

285 1405 379 1446 bem
416 1404 517 1459 fuga
554 1412 633 1454 est,
682 1405 880 1458 missique
917 1406 987 1458 qui
1025 1413 1291 1458 sequerentur
1333 1405 1384 1445 ab
1422 1405 1646 1445 Tarracina

286 1481 550 1521 comprensos
577 1467 709 1507 omnis
734 1474 1000 1507 retraxerunt.
1050 1467 1216 1507 deducti
1244 1467 1285 1506 in
1311 1466 1474 1507 comitio
1499 1466 1647 1520 virgis-

285 1543 364 1582 que
390 1528 642 1582 adprobante
666 1528 819 1582 populo
845 1528 954 1569 caesi
980 1528 1029 1568 de
1056 1543 1155 1568 saxo
1181 1528 1424 1569 deiciuntur.

244 1605 258 1632 1
371 1589 494 1630 VIII.
544 1589 682 1630 Huius
709 1589 900 1630 atrocitas
926 1604 1081 1643 poenae
1103 1590 1277 1631 duarum
1298 1589 1646 1631 nobilissimarum

285 1652 327 1691 in
356 1651 475 1691 Italia
502 1649 755 1692 Graecarum
787 1651 1014 1692 civitatium
1046 1652 1203 1693 animos
1234 1652 1413 1693 inritavit
1447 1666 1541 1693 cum
1571 1667 1646 1706 pu-

241 1726 258 1754 ‘2
286 1713 408 1760 blice‚
436 1719 523 1753 tum
549 1713 671 1753 etiam
697 1713 881 1767 singulos
907 1714 1115 1768 privatim,
1148 1721 1191 1754 ut
1217 1714 1390 1768 quisque
1416 1721 1500 1755 tam
1525 1714 1645 1755 foede

283 1774 549 1829 interemptos
587 1782 656 1815 aut
698 1775 1003 1829 propinquitate
1047 1783 1116 1817 aut
1153 1776 1331 1817 amicitia
1368 1776 1643 1831 contingebat.

241 1851 259 1880 3
285 1851 335 1877 ex
370 1837 420 1877 iis
457 1837 652 1878 tredecim
689 1837 775 1878 fere
811 1837 969 1879 nobiles
1006 1839 1176 1879 iuvenes
1214 1838 1424 1879 Tarentini
1461 1839 1646 1879 coniura-

240 1914 260 1941 4
285 1906 448 1948 verunt,
486 1913 661 1952 quorum
691 1900 897 1954 principes
922 1899 1025 1941 Nico
1057 1907 1096 1940 et
1120 1900 1387 1941 Philemenus
1414 1907 1540 1940 erant.
1602 1900 1643 1940 hi

284 1961 523 2014 priusquam
555 1961 709 2014 aliquid
739 1969 969 2011 moverent,
1002 1961 1332 2015 conloquendum
1366 1976 1459 2003 cum
1484 1961 1646 2002 Hanni-

285 2022 376 2063 bale
401 2024 495 2072 rati,
522 2033 641 2064 nocte
666 2038 739 2078 per
765 2024 944 2078 speciem
969 2024 1146 2065 venandi
1171 2023 1270 2064 urbe
1297 2024 1454 2078 egressi
1479 2023 1531 2064 ad
1551 2038 1645 2064 eum

242 2098 260 2127 5
285 2084 611 2138 proficiscuntur.
672 2093 711 2126 et
743 2100 836 2126 cum
860 2086 972 2127 haud
996 2086 1139 2140 procul
1164 2086 1307 2126 castris
1334 2085 1544 2134 abessent,
1582 2100 1647 2126 ce-

285 2147 359 2187 teri
385 2147 487 2188 silva
506 2162 632 2202 prope
651 2148 761 2188 viam
781 2162 873 2189 sese
893 2148 1176 2197 occuluerunt,
1203 2148 1306 2189 Nico
1326 2155 1365 2188 et
1377 2147 1644 2188 Philemenus

285 2210 492 2263 progressi
517 2210 569 2250 ad
596 2210 790 2251 stationes
818 2210 1204 2264 comprehensique,
1243 2210 1350 2250 ultro
1380 2209 1423 2250 id
1447 2215 1645 2263 petentes,

243 2282 260 2311 6
287 2271 338 2311 ad
362 2271 642 2313 Hannibalem
673 2271 838 2313 deducti
870 2279 978 2313 sunt.
1038 2273 1109 2326 qui
1139 2287 1233 2313 cum
1265 2279 1304 2312 et
1329 2286 1476 2312 causas
1502 2271 1647 2312 consili

287 2333 350 2374 sui
381 2340 419 2374 et
451 2335 549 2387 quid
579 2342 770 2389 pararent
802 2335 1109 2389 exposuissent,
1147 2334 1381 2376 conlaudati
1410 2333 1647 2386 oneratique

285 2396 498 2449 promissis
524 2396 733 2446 iubentur,
771 2403 815 2437 ut
846 2397 969 2437 fidem
1000 2397 1267 2451 popularibus
1292 2397 1494 2444 facerent,
1530 2409 1648 2450 prae-

287 2457 410 2497 dandi
441 2472 567 2498 causa
599 2473 641 2499 se
672 2458 773 2499 urbe
805 2473 1014 2513 egressos,
1051 2473 1201 2513 pecora
1227 2457 1645 2513 Carthaginiensium,

244 2530 260 2558 7
287 2532 390 2570 quae
421 2526 586 2573 pastum
614 2519 812 2574 propulsa
843 2527 998 2569 essent,
1036 2520 1088 2561 ad
1118 2519 1261 2561 urbem
1293 2534 1413 2575 agere
1423 2535 1433 2569 ;
1481 2526 1568 2560 tuto
1599 2533 1646 2558 ac

289 2580 374 2620 sine
401 2582 621 2622 certamine
651 2582 693 2622 id
726 2581 907 2623 facturos
939 2583 1188 2637 promissum
1219 2589 1292 2623 est.
1355 2587 1574 2636 conspecta
1598 2594 1646 2620 ea

286 2643 438 2694 praeda
462 2643 658 2684 iuvenum
684 2652 763 2693 est,
801 2645 1019 2698 minusque
1049 2645 1197 2685 iterum
1227 2659 1274 2685 ac
1307 2644 1471 2697 saepius
1502 2643 1544 2683 id
1574 2655 1643 2682 eos

243 2712 262 2742 8
287 2703 436 2743 audere
472 2705 667 2746 miraculo
704 2705 792 2746 fuit.
854 2707 1065 2760 congressi
1101 2721 1194 2746 cum
1231 2704 1466 2745 Hannibale
1502 2717 1642 2743 rursus
