1815 3184
299 794 316 822 Ν)

299 916 317 945 09

279 2397 317 2426 10

344 241 428 281 460
616 248 769 282 LIBER
792 248 1002 292 XXVIIII,
1027 248 1081 282 17.
1102 248 1154 282 18.
1184 250 1231 290 [a.
1245 259 1279 283 u.
1293 259 1322 283 e.
1336 249 1417 292 550]

345 351 465 391 urbes
502 350 728 403 patiuntur,
766 350 879 403 passi
916 364 1057 390 sumus
1095 356 1133 390 et
1169 364 1262 390 cum
1294 350 1470 390 maxime
1505 353 1691 404 patimur,

343 419 479 466 patres
505 410 744 464 conscripti,
781 411 935 460 onmia,
973 426 1078 464 quae
1109 411 1380 452 crudelissimi
1411 418 1531 464 atque
1560 413 1696 466 inpor-

344 473 549 514 tunissimi
573 472 735 526 tyranni
761 473 915 513 scelera
938 473 980 513 in
1005 488 1223 527 oppressos
1249 473 1349 513 civis
1376 474 1518 523 edunt,
1545 473 1697 514 Plemi-

343 535 434 575 nius
460 535 501 574 in
525 549 599 574 nos
625 534 859 586 liberosque
884 541 1045 575 nostros
1073 543 1112 575 et
1137 535 1333 589 coniuges
1360 535 1496 575 edidit.

429 595 599 636 XVIII.
660 595 803 636 Unum
836 602 914 645 est,
952 597 1003 636 de
1032 611 1113 649 quo
1143 597 1383 637 nominatim
1415 603 1455 636 et
1483 611 1558 637 nos
1584 597 1699 649 queri

343 657 488 711 religio
512 657 639 698 infixa
665 657 790 697 animi
822 664 943 712 cogat
973 665 1012 698 et
1043 673 1116 698 vos
1143 658 1283 698 audire
1314 664 1353 698 et
1378 658 1588 698 exsolvere
1611 672 1698 698 rem

343 719 551 773 publicam
571 726 750 760 vestram
769 719 978 773 religione,
1006 719 1040 760 si
1059 720 1116 760 ita
1134 720 1252 760 vobis
1272 719 1487 769 videbitur,
1509 720 1695 768 velimus,

342 787 479 835 patres
505 781 735 835 conscripti.
796 781 974 822 vidimus
1000 781 1126 830 enim,
1161 795 1253 821 cum
1279 788 1431 834 quanta
1454 781 1698 822 caerimonia

342 858 425 883 non
450 850 608 884 vestros
635 842 767 883 solum
799 842 940 884 colatis
972 843 1088 892 deos,
1128 843 1201 884 scd
1232 843 1353 884 etiam
1380 851 1569 884 externos
1594 843 1698 883 aeci-

342 905 477 959 piatis.
524 905 668 945 fanum
693 912 754 945 est
780 906 889 959 apud
913 920 988 946 nos
1014 905 1305 960 Proserpinae,
1333 906 1382 946 de
1408 906 1524 946 cuius
1551 906 1699 946 sancti-

344 973 425 1007 tate
451 967 590 1020 templi
617 967 737 1007 credo
763 967 941 1019 aliquam
960 967 1114 1008 famam
1134 968 1183 1008 ad
1205 982 1278 1008 vos
1298 967 1535 1022 pervenisse
1548 967 1699 1021 Pyrrhi

345 1028 469 1078 bello,
507 1029 594 1081 qui,
628 1044 721 1069 cum
748 1043 798 1069 ex
825 1027 967 1070 Sicilia
990 1029 1152 1070 rediens
1177 1029 1337 1070 Locros
1364 1029 1495 1070 classe
1520 1037 1699 1083 praeter-

343 1089 577 1139 veheretur,
615 1090 719 1130 inter
749 1090 827 1130 alia
858 1090 981 1130 foeda
1017 1105 1121 1143 quae
1152 1098 1318 1145 propter
1346 1091 1471 1131 fidem
1502 1105 1599 1144 erga
1623 1105 1696 1130 vos

343 1151 385 1191 in
416 1151 621 1192 civitatem
651 1158 833 1192 nostram
862 1152 1046 1193 facinora
1076 1152 1219 1201 edidit,
1257 1153 1498 1193 thensauros
1535 1165 1697 1204 quoque

342 1212 615 1267 Proserpinae
652 1214 825 1254 intactos
864 1214 915 1254 ad
952 1229 1042 1254 eam
1079 1213 1187 1254 diem
1219 1214 1426 1267 spoliavit3
1475 1220 1597 1266 atque
1626 1214 1695 1261 ita,

342 1275 516 1328 pecunia
540 1275 581 1315 in
605 1290 731 1315 naves
756 1275 965 1329 imposita,
992 1276 1080 1329 ipse
1106 1283 1212 1316 terra
1237 1282 1299 1316 est
1323 1275 1542 1329 profectus.
1599 1275 1698 1328 quid

343 1351 441 1391 ergo
467 1337 619 1385 evenit,
646 1344 781 1391 patres
808 1337 1051 1391 conscripti?
1098 1337 1240 1377 classis
1266 1345 1429 1390 postero
1455 1337 1520 1377 die
1544 1336 1697 1377 foedis-

345 1398 448 1438 sima
479 1405 720 1452 tempestate
751 1399 928 1440 lacerata
964 1414 1188 1451 omnesque
1218 1414 1365 1447 naves,
1403 1413 1507 1452 quae
1539 1413 1696 1439 sacram

343 1460 558 1513 pecuniam
585 1460 832 1509 habuerunt,
869 1461 911 1500 in
941 1460 1059 1500 litora.
1089 1467 1228 1500 nostra
1260 1460 1412 1500 eiectae
1445 1466 1551 1500 sunt.
1616 1474 1697 1512 qua

344 1528 455 1562 tanta
486 1521 600 1562 clade
632 1522 800 1562 edoctus
833 1523 996 1562 tandem
1028 1522 1126 1562 deos
1159 1536 1250 1562 csse
1282 1521 1600 1575 superbissimus
1625 1537 1698 1562 rex

342 1584 558 1637 pecuniam
595 1598 758 1623 omnem
795 1584 1067 1636 conquisitam
1103 1584 1144 1623 in
1181 1583 1394 1624 thesauros
1425 1582 1697 1636 Proserpinae

341 1645 482 1685 referri
501 1645 631 1685 iussit.
679 1660 755 1685 nec
775 1654 909 1685 tamen
930 1646 986 1696 illi
1006 1660 1201 1698 umquam
1221 1655 1363 1700 postea
1384 1645 1566 1699 prosperi
1585 1645 1698 1698 quic-

342 1722 465 1759 quam
481 1707 626 1755 evenit,
642 1707 867 1760 pulsusque
882 1707 1001 1747 Italia
1014 1707 1183 1762 ignobili
1200 1716 1320 1760 atque
1340 1707 1555 1748 inhonesta
1570 1712 1697 1747 morte

342 1777 492 1809 temere
513 1776 630 1809 nocte
651 1769 861 1823 ingressus
882 1769 1020 1824 Argos
1042 1769 1244 1810 occubuit.
1283 1769 1383 1809 hacc
1404 1784 1496 1809 cum
1516 1768 1698 1808 audisset

341 1830 502 1884 legatus
528 1838 663 1870 vester
688 1830 920 1883 tribunique
951 1831 1125 1871 militum
1152 1838 1191 1871 et
1215 1831 1324 1870 mille
1351 1830 1447 1879 alia,
1485 1844 1590 1883 quae
1615 1844 1698 1870 non

342 1892 556 1946 augendae
592 1892 800 1947 religionis
839 1908 986 1941 causa,
1037 1893 1109 1933 sed
1150 1892 1355 1947 praesenti
1396 1892 1495 1932 deae
1530 1891 1697 1931 numine

343 1967 465 2007 saepe
497 1964 689 2007 conperta
726 1954 844 1995 nobis
882 1955 1186 2007 maioribusque
1222 1954 1372 1995 nostris
1403 1953 1695 2001 referebantur,

342 2015 432 2054 ausi
457 2022 551 2054 sunt
576 2015 702 2056 nihilo
728 2016 862 2055 minus
890 2016 1110 2071 sacrilegas
1132 2017 1350 2056 admovere
1370 2030 1515 2056 manus
1534 2015 1696 2055 intactis

341 2075 420 2116 illis
447 2076 677 2117 thensauris
705 2084 743 2118 et
768 2078 947 2118 nefanda
971 2078 1123 2132 praeda
1149 2093 1192 2118 se
1217 2078 1328 2131 ipsos
1355 2092 1402 2117 ac
1433 2077 1576 2117 domos
1603 2091 1698 2117 con-

343 2137 539 2178 taminare
566 2153 661 2179 suas
688 2146 727 2179 et
757 2139 906 2179 milites
933 2147 1105 2180 vestros.
1155 2139 1323 2192 quibus,
1361 2153 1434 2192 per
1458 2153 1530 2179 vos
1556 2138 1698 2178 fidem-

341 2213 420 2252 que
446 2206 642 2249 vestram,
680 2208 816 2254 patres
848 2201 1084 2255 conscripti,
1122 2202 1361 2255 priusquam
1392 2215 1532 2241 eorum
1564 2199 1696 2240 scelus

343 2261 532 2314 expietis,
570 2277 702 2315 neque
737 2263 779 2303 in
810 2263 930 2304 Italia
965 2278 1098 2316 neque
1133 2264 1174 2303 in
1205 2263 1350 2304 Africa
1385 2263 1604 2316 quicquam
1639 2261 1697 2302 rei

340 2324 569 2376 gesseritis,
602 2339 671 2372 ne,
704 2325 815 2377 quod
839 2325 989 2379 piaculi
1015 2326 1324 2374 commiserunt,
1356 2340 1439 2365 non
1464 2339 1538 2365 suo
1565 2323 1695 2364 solum

343 2385 560 2439 sanguine,
600 2386 672 2426 sed
698 2387 819 2426 etiam
850 2387 1015 2441 publica
1041 2387 1155 2428 clade
1186 2388 1312 2428 luant.
1372 2400 1620 2439 quamquam
1645 2399 1696 2426 ne

341 2460 449 2486 nunc
485 2447 668 2499 quidem,
706 2456 842 2501 patres
879 2449 1115 2502 conscripti,
1159 2457 1230 2489 aut
1263 2449 1305 2489 in
1341 2447 1514 2488 ducibus
1551 2453 1620 2487 aut
1654 2446 1695 2487 in

342 2507 540 2548 militibus
566 2510 712 2550 vestris
738 2517 874 2550 cessat
897 2510 957 2550 ira
987 2511 1106 2551 deae:
1143 2510 1386 2563 aliquotiens
1417 2510 1499 2549 iam
1523 2509 1627 2549 inter
1652 2522 1695 2548 se

343 2569 471 2623 signis
498 2570 668 2611 conlatis
695 2579 1035 2612 concucurrerunt
1045 2588 1055 2621 3
1093 2572 1177 2612 dux
1201 2572 1366 2612 alterius
1392 2571 1518 2625 partis
1542 2569 1695 2612 Plemi-

342 2631 452 2679 nius,
480 2631 644 2673 alterius
670 2633 750 2674 duo
776 2633 927 2674 tribuni
951 2634 1129 2674 militum
1154 2640 1279 2674 erant.
1334 2648 1417 2673 non
1442 2631 1574 2673 acrius
1600 2646 1691 2671 cum

346 2689 755 2746 Carthaginiensibus
786 2708 911 2747 quam
940 2695 1045 2735 inter
1075 2709 1118 2735 se
1143 2695 1223 2749 ipsi
1253 2695 1360 2735 ferro
1386 2693 1690 2739 dimicaverunt,
