1815 3184
487 246 639 280 LIBER
663 246 832 291 ΧΧΠΠ,
859 246 912 280 24.
934 247 988 280 25.
1018 249 1066 290 [a.
1083 248 1216 291 C.214]
1451 238 1532 279 189

175 349 373 391 tumultus
406 349 457 391 ab
487 363 530 390 re
560 349 601 389 in
634 350 812 403 speciem
843 350 1058 399 atrociore,
1097 364 1264 391 causam
1295 351 1384 392 aliis
1414 350 1532 405 igno-

174 411 377 460 rantibus,
423 417 534 452 ortus
571 417 699 461 esset,
744 411 904 453 silentio
941 412 1107 452 tandem
1142 412 1252 453 facto
1282 412 1457 453 indicem
1489 412 1531 452 in

174 473 329 513 curiam
354 473 678 513 introduxerunt.
739 473 809 526 qui
835 488 928 514 cum
953 474 1093 514 ordine
1119 474 1256 514 omnia
1286 473 1529 522 edocuisset,
1557 486 1575 515 6

175 542 213 575 et
238 534 483 588 principium
509 534 798 575 coniurationis
824 535 979 575 factum
1004 534 1055 576 ab
1081 534 1334 576 Harmoniae
1360 533 1530 576 Gelonis

174 596 280 636 filiae
317 596 488 649 nuptiis,
539 596 688 648 quibus
726 596 941 637 Themisto
978 597 1116 637 iuncta
1153 602 1279 645 esset,
1328 595 1526 637 Afrorum

173 657 539 711 Hispanorumque
581 657 799 698 auxiliares
841 658 1061 698 instructos
1104 658 1156 698 ad
1197 658 1365 698 caedem
1411 672 1528 711 prae-

173 725 307 759 torum
332 719 644 772 principumque
677 719 849 759 aliorum
880 719 1069 772 bonaque
1095 734 1234 760 eorum
1266 719 1441 773 praedae
1466 719 1531 759 fu-

173 788 264 820 tura
300 779 628 820 interfectoribus
665 781 990 833 pronuntiatum,
1039 781 1121 821 iam
1157 781 1529 821 mercennariorum
1555 795 1574 824 S

172 857 339 881 manum
371 841 585 882 adsuetam
609 841 789 895 imperiis
820 841 1084 882 Adranodori
1107 849 1293 896 paratam
1324 843 1453 883 fuisse
1479 843 1531 882 ad

171 902 348 943 insulam
383 918 524 943 rursus
564 903 869 956 occupandam,
920 904 1082 957 singula
1123 904 1269 944 deinde
1312 918 1416 956 quae
1458 918 1531 957 per

172 978 360 1017 quosque
397 970 615 1018 agerentur
656 970 865 1016 totamque
907 964 1004 1004 viris
1047 965 1253 1017 armisque
1288 965 1530 1005 instructam

171 1025 491 1065 coniurationem
516 1031 609 1065 ante
635 1025 775 1065 oculos
800 1025 949 1078 posuit.
1000 1032 1038 1065 et
1064 1026 1224 1066 senatui
1255 1026 1420 1078 quidem
1446 1033 1529 1066 tam

170 1086 256 1126 iure
276 1086 385 1126 caesi
405 1100 528 1138 quam
537 1085 818 1139 Hieronymus
834 1085 1089 1134 videbantur,
1111 1093 1205 1126 ante
1225 1087 1379 1126 curiam
1392 1087 1528 1126 variae
1556 1103 1572 1131 9

169 1154 290 1199 atque
316 1146 493 1186 incertae
517 1161 654 1186 rerum
680 1146 951 1188 multitudinis
978 1147 1132 1187 clamor
1156 1154 1254 1188 erat.
1314 1162 1439 1200 quam
1470 1147 1531 1188 fe-

168 1207 316 1247 rociter
340 1207 596 1247 minitantem
627 1207 670 1247 in
700 1207 903 1248 vestibulo
935 1208 1071 1249 curiae
1103 1223 1275 1263 corpora
1299 1209 1530 1249 coniurato-

166 1283 258 1308 rum
283 1283 329 1309 eo
354 1274 467 1309 metu
492 1276 842 1322 compresserunt,
876 1276 920 1309 ut
946 1269 1112 1311 silentes
1137 1270 1340 1325 integram
1365 1270 1528 1325 plebem

166 1331 209 1371 in
234 1330 464 1371 contionem
490 1338 768 1384 sequerentur.
831 1330 1008 1386 Sopatro
1041 1333 1280 1374 mandatum
1305 1333 1356 1374 ab
1383 1339 1529 1374 senatu
1556 1348 1596 1377 10

168 1399 207 1433 et
232 1408 256 1432 a
281 1392 468 1447 collegis,
495 1399 540 1432 ut
565 1392 691 1433 verba
716 1393 881 1434 faceret.

251 1453 401 1494 XXV.
461 1453 523 1502 Is,
562 1460 771 1507 tamquam
802 1470 894 1496 reos
926 1462 1083 1511 ageret,
1122 1456 1173 1498 ab
1199 1463 1292 1498 ante
1324 1463 1414 1498 acta
1443 1457 1528 1497 vita
1554 1472 1570 1500 1

168 1530 305 1564 orsus,
344 1529 625 1568 quaecumque
656 1523 750 1570 post
775 1516 970 1558 Hieronis
1001 1524 1175 1559 mortem
1207 1518 1378 1559 sceleste
1404 1525 1526 1572 atque

168 1577 291 1631 impie
327 1576 436 1618 facta
472 1584 628 1626 essent,
666 1577 985 1619 Adranodorum
1022 1594 1070 1620 ac
1095 1580 1357 1620 Themistum
1392 1581 1527 1635 arguit

168 1638 336 1679 fecisse:
378 1638 477 1691 quid
502 1639 611 1679 enim
636 1654 710 1679 sua
737 1647 882 1693 sponte
907 1640 1057 1681 fecisse
1082 1641 1399 1695 Hieronymum,
1425 1657 1526 1696 pue-
1551 1656 1569 1685 2

168 1715 258 1739 rum
283 1714 331 1740 ao
355 1700 526 1740 vixdum
550 1700 846 1754 pubescentem
877 1700 1013 1741 facere
1042 1702 1253 1755 potuisse?
1299 1709 1452 1744 tutores
1479 1717 1527 1744 ac

168 1761 385 1815 magistros
423 1761 509 1801 eius
547 1761 623 1802 sub
662 1762 794 1802 aliena
830 1762 983 1803 invidia
1018 1777 1233 1817 regnasse3
1282 1764 1419 1817 itaque
1456 1771 1526 1805 aut

168 1830 260 1863 ante
291 1822 594 1876 Hieronymum
631 1829 700 1863 aut
736 1830 844 1864 certe
881 1838 974 1864 cum
1005 1823 1260 1879 Hieronymo
1290 1826 1422 1879 perire
1454 1840 1524 1866 eos

168 1884 372 1925 debuisse.
444 1891 485 1925 at
521 1885 611 1925 illos
649 1884 808 1926 debitos
839 1885 920 1925 iam
952 1885 1072 1926 morti
1102 1886 1408 1940 destinatosque
1446 1887 1525 1928 alia
1551 1902 1569 1931 3

169 1962 273 1987 nova
299 1946 454 1987 scelera
483 1954 577 2001 post
601 1953 773 1987 mortem
805 1947 965 2002 tyranni
997 1947 1177 1997 molitos,
1214 1948 1350 2002 palam
1379 1949 1523 2003 primo,

168 2023 261 2049 cum
287 2008 437 2049 clausis
457 2008 755 2049 Adranodorus
782 2009 940 2049 insulae
963 2009 1091 2063 portis
1116 2009 1384 2050 hereditatem
1408 2012 1524 2065 regni

168 2070 339 2109 creverit
357 2077 396 2110 et
416 2085 520 2122 quae
538 2077 777 2124 procurator
796 2077 980 2111 tenuerat
998 2085 1071 2125 pro
1092 2071 1257 2111 domino
1276 2072 1522 2125 possederit3

168 2131 351 2184 proditus
377 2131 524 2171 deinde
550 2131 600 2172 ab
628 2132 705 2181 eis,
738 2132 808 2184 qui
832 2132 874 2171 in
898 2132 1033 2173 insula
1057 2139 1188 2181 erant,
1227 2133 1522 2173 circumsessus
1548 2148 1569 2176 4

169 2192 219 2232 ab
250 2192 443 2232 universa
473 2193 654 2241 civitate,
697 2207 802 2245 quae
833 2192 1117 2234 Achradinam
1148 2194 1338 2243 tenuerit,
1382 2194 1524 2247 nequi-
1549 2210 1567 2239 5

168 2268 291 2306 quam
328 2253 464 2307 palam
496 2260 618 2306 atque
649 2262 786 2308 aperte
817 2255 990 2308 petitum
1019 2270 1193 2309 regnum
1224 2255 1329 2295 clam
1360 2261 1400 2295 et
1429 2255 1523 2296 dolo

169 2315 373 2355 adfectare
399 2322 569 2355 conatus
597 2315 649 2356 sit
675 2322 714 2355 et
738 2330 788 2356 ne
815 2316 1013 2357 beneficio
1039 2316 1204 2370 quidem
1230 2323 1350 2369 atque
1370 2316 1522 2358 honore

169 2376 345 2429 potuerit
363 2377 488 2425 vinci,
515 2392 609 2417 cum
634 2377 738 2418 inter
762 2377 999 2419 liberatores
1024 2379 1179 2433 patriae
1199 2379 1411 2419 insidiator
1434 2379 1522 2433 ipse

168 2437 364 2478 libertatis
391 2444 550 2479 creatus
577 2445 686 2480 esset
710 2446 883 2493 praetor.
934 2440 1006 2481 sed
1031 2440 1189 2481 animos
1215 2440 1273 2480 eis
1299 2440 1435 2495 regios
1459 2455 1522 2481 re-
1548 2456 1566 2485 6

167 2500 256 2554 gias
283 2499 477 2554 coniuges
502 2500 671 2550 secisse,
698 2501 814 2542 alteri
838 2501 1052 2551 Hieronis,
1079 2501 1195 2542 alteri
1221 2500 1392 2543 Gelonis
1417 2502 1521 2544 filias

167 2568 329 2615 nuptas.
1420 2610 1425 2612 ,

255 2622 343 2664 Sub
363 2623 468 2664 hane
486 2638 630 2665 vocem
656 2639 707 2665 ex
730 2625 920 2666 omnibus
941 2625 1126 2680 partibus
1149 2625 1349 2667 contionis
1369 2626 1521 2667 clamor
1547 2641 1563 2669 7

167 2684 310 2733 oritur,
337 2685 491 2726 nullam
512 2700 651 2726 earum
671 2686 808 2727 vivere
833 2686 982 2728 debere
1006 2701 1082 2729 neo
1106 2701 1355 2740 quemquam
1379 2702 1520 2742 super—

1556 611 1571 638 λ]
