1815 3184
314 226 397 266 442
630 229 788 264 'LIBER
812 216 1016 272 wam,
1042 230 1072 262 1.
1100 231 1148 271 [a.
1164 241 1197 262 u.
1213 230 1337 273 0.549]

251 353 287 380 11
317 342 418 383 erat,
451 335 587 387 ipsum
617 331 902 379 militaturum,
935 330 1005 383 qui
1034 331 1091 370 ita
1114 345 1196 370 non
1221 330 1399 371 fecisset.
1460 333 1666 387 egregiam

315 397 419 436 hanc
438 394 544 434 alam
571 392 755 445 equitum
781 391 962 432 evasisse
988 391 1124 431 ferunt
1148 391 1369 444 multisque
1394 393 1557 446 proeliis
1581 408 1667 433 rem

252 474 289 502 1⁵.)
316 456 522 510 publicam
547 453 768 493 adiuvisse.
828 453 1011 508 legiones
1036 453 1130 493 inde
1156 467 1249 493 cum
1273 453 1510 507 inspiceret,
1544 454 1668 507 pluri-

315 532 473 558 morum
511 515 807 569 stipendiorum
844 529 895 554 ex
924 514 973 554 iis
1005 514 1153 554 milites
1186 514 1355 569 delegit,
1391 515 1569 555 maxime
1600 515 1669 568 qui

251 597 290 625 13
318 579 393 620 sub
425 579 528 618 duce
553 577 753 617 Marcello
783 576 1075 625 militaverant3
1110 590 1213 628 quos
1245 591 1339 616 cum
1371 577 1524 630 optima
1549 576 1670 616 disci-

314 641 425 695 plina
449 640 657 680 institutos
679 638 882 687 credebat,
909 644 996 678 tum
1016 638 1138 678 etiam
1158 638 1208 678 ab
1230 638 1355 692 longa
1371 637 1670 692 Syracusarum

316 702 528 743 obsidione
553 701 822 755 peritissimos
849 714 939 740 esse
967 700 1538 755 urbiumoppugnandarum:
1570 700 1670 741 nihil

317 764 425 805 enim
445 778 635 817 parvum,
663 763 736 803 sed
757 762 1020 816 Carthaginis
1040 762 1122 802 iam
1142 763 1301 802 excidia
1320 762 1501 816 agitabat
1520 763 1667 802 animo.

251 841 291 869 14
316 820 410 866 inde
431 825 653 865 exercitum
676 839 748 878 pcr
768 824 917 878 oppida
937 824 1142 877 dispertit3
1169 824 1418 863 frumentum
1437 822 1670 864 Siculorum

317 887 550 927 civitatibus
575 887 767 940 imperat,
796 901 845 926 ex
866 886 983 926 Italia
1002 886 1173 925 advecto
1193 886 1340 939 parcit3
1366 892 1524 926 veteres
1544 900 1670 926 naves

315 949 444 989 reficit
469 955 508 989 et
533 963 626 988 cum
651 951 685 988 is
710 947 758 989 C.
780 948 971 988 Laelium
996 947 1038 987 in
1057 947 1244 987 Africam
1269 947 1510 1000 praedatum
1535 947 1669 995 mittit,

316 1026 443 1051 novas
469 1010 693 1051 Panhormi
725 1010 935 1058 subducit,
974 1010 1070 1063 quia
1100 1024 1152 1050 ex
1181 1010 1301 1050 viridi
1331 1010 1501 1051 materia
1523 1010 1671 1064 raptim

316 1072 449 1112 factae
476 1080 606 1120 crant,
632 1079 677 1111 ut
702 1072 743 1112 in
770 1072 877 1112 sicco
903 1071 1176 1111 hibernarent.
1534 1122 1535 1125 Ἰ

251 1148 292 1177 15
401 1133 662 1187 Praeparatis
699 1133 888 1173 omnibus
926 1133 979 1173 ad
1009 1132 1181 1181 bellum,
1222 1131 1451 1185 Syracusas
1487 1132 1669 1172 nondum

252 1210 291 1239 16
318 1210 369 1236 ex
399 1195 560 1248 magnis
593 1194 687 1235 belli
718 1194 897 1234 motibus
930 1194 1028 1234 satis
1061 1194 1299 1246 tranquillas
1336 1194 1459 1233 venit.
1521 1192 1671 1234 Graeci

317 1271 381 1297 res
408 1272 431 1296 a
456 1255 702 1308 quibusdam
723 1256 855 1295 Italici
873 1255 1055 1310 generis,
1083 1256 1226 1295 eadem
1251 1255 1291 1294 vi
1317 1269 1397 1307 qua
1423 1270 1493 1309 per
1517 1255 1669 1296 bellum

318 1324 508 1371 ceperant
544 1317 832 1365 retinentibus,
877 1323 1094 1357 cencessas
1132 1317 1208 1357 sibi
1246 1316 1297 1356 ab
1335 1324 1480 1356 senatu
1514 1323 1671 1371 repete-

252 1394 290 1422 17
316 1379 428 1420 bant.
488 1379 669 1419 omnium
699 1379 876 1431 primum
906 1385 1019 1417 ratus
1045 1378 1148 1418 tueri
1173 1378 1380 1431 publicam
1405 1379 1546 1426 fidem,
1578 1393 1671 1432 par—

317 1441 389 1480 tim
421 1440 571 1487 edicto,
607 1440 755 1492 partim
786 1439 946 1478 iudiciis
979 1439 1102 1478 etiam
1137 1439 1179 1478 in
1215 1439 1443 1491 pertinaces
1480 1439 1533 1478 ad
1568 1439 1672 1479 obti—

316 1501 493 1541 nendam
529 1501 717 1540 iniuriam
752 1501 921 1540 redditis
954 1515 1049 1540 suas
1079 1514 1145 1540 res
1179 1498 1452 1553 Syracusanis
1482 1501 1670 1540 restituit.

252 1575 290 1604 18
316 1577 398 1603 non
433 1562 534 1615 ipsis
572 1569 728 1602 tantum
766 1577 813 1601 ea
848 1576 931 1609 res,
977 1563 1049 1602 sed
1086 1561 1275 1601 omnibus
1308 1560 1474 1602 Siciliae
1509 1562 1671 1616 populis

316 1630 433 1678 grata
458 1624 552 1672 suit,
581 1638 710 1676 eoque
737 1624 896 1664 enixius
923 1624 975 1664 ad
999 1623 1152 1663 bellum
1178 1624 1433 1664 adiuverunt.

252 1698 290 1726 19
400 1684 561 1725 Eadem
599 1692 753 1725 aestate
790 1685 831 1725 in
868 1684 1074 1738 Hispania
1110 1692 1294 1725 coortum
1329 1685 1475 1739 ingens
1518 1684 1671 1725 bellum

320 1747 529 1787 conciente
554 1746 739 1796 Indibili,
773 1747 885 1787 nulla
910 1747 989 1787 alia
1014 1748 1064 1787 de
1090 1762 1214 1787 causa
1239 1761 1361 1799 quam
1394 1761 1466 1800 per
1497 1747 1672 1787 admira-

317 1808 468 1848 tionem
506 1807 710 1862 Scipionis
754 1816 992 1862 eontemptu
1033 1809 1324 1863 imperatorum
1361 1809 1532 1849 aliorum
1568 1815 1668 1848 orto.

250 1883 292 1911 ‘20
318 1884 411 1909 cum
444 1885 660 1923 superesse
693 1886 818 1910 unum
850 1871 998 1911 <lucem
1028 1871 1227 1911 Romanis
1259 1870 1403 1910 ceteris
1435 1870 1486 1910 ab
1511 1869 1672 1910 Hanni-

318 1931 409 1972 bale
441 1932 665 1972 interfcetis
696 1932 908 1973 rebantur:
946 1947 994 1972 eo
1024 1948 1100 1973 nec
1124 1933 1166 1972 in
1192 1932 1398 1986 Hispania
1423 1931 1553 1972 caesis
1581 1930 1672 1972 Sci-

316 1993 506 2046 pionibus
539 1993 662 2033 alium
695 2008 817 2047 quem
847 1994 1053 2034 mitterent
1076 1994 1290 2042 habuisse,
1323 2000 1362 2034 et
1386 2000 1604 2047 postquam
1630 1993 1671 2032 in

319 2054 436 2094 Italia
455 2055 622 2108 gravius
642 2055 796 2095 bellum
815 2064 1025 2110 urgueret,
1053 2057 1251 2096 adversus
1272 2054 1552 2095 Hannibalem
1577 2069 1671 2094 eum

252 2128 289 2156 21
321 2116 574 2156 arcessitum.
635 2125 920 2170 praeterquam
946 2118 1056 2170 quod
1080 2117 1246 2157 nomina
1272 2124 1428 2157 tantum
1454 2116 1605 2156 ducum
1629 2115 1672 2154 in

318 2177 524 2231 Hispania
548 2178 725 2218 Romani
755 2179 951 2228 habeant,
989 2179 1213 2219 exercitum
1243 2192 1406 2231 quoque
1435 2178 1530 2217 inde
1561 2183 1672 2217 vete-

251 2249 292 2279 22
318 2252 404 2278 rem
429 2239 670 2280 deductum:
703 2241 860 2294 trepida
885 2241 1021 2281 onmia
1045 2249 1090 2280 ut
1113 2240 1365 2280 inconditam
1390 2238 1552 2279 turbam
1577 2238 1673 2278 tiro-

318 2314 417 2340 num
454 2315 557 2342 esse.
617 2316 843 2354 numquam
879 2302 1002 2342 talem
1039 2302 1297 2342 occasionem
1328 2301 1563 2341 liberandae
1593 2299 1673 2339 Hi-

252 2372 292 2401 23
319 2362 485 2414 spaniae
505 2362 605 2403 fore.
644 2364 840 2404 servitum
859 2364 911 2404 ad
930 2378 1020 2404 eam
1041 2364 1149 2404 diem
1175 2370 1244 2404 aut
1259 2361 1670 2417 Carthaginiensibus

318 2429 387 2462 aut
417 2422 616 2464 Romanis
653 2439 729 2465 nec
764 2425 807 2465 in
842 2425 976 2466 vicem
1011 2425 1074 2466 his
1112 2431 1182 2465 aut
1217 2425 1315 2472 illis,
1359 2425 1433 2464 sed
1467 2423 1671 2463 interdum

252 2495 294 2523 ‘24
319 2483 501 2536 utrisque
534 2486 667 2526 simul.
726 2486 867 2540 pulsos
899 2486 950 2527 ab
981 2487 1182 2527 Romanis
1209 2485 1582 2540 Carthaginiensis3
1619 2482 1670 2524 ab

318 2543 537 2597 Hispanis,
577 2547 612 2587 si
642 2548 948 2597 consentirent,
979 2549 1077 2602 pelli
1106 2548 1318 2589 Romanos
1354 2561 1497 2601 posse,
1539 2552 1584 2585 ut
1618 2543 1670 2585 ab

320 2606 429 2645 omni
464 2606 635 2660 imperio
672 2616 840 2651 externo
877 2610 1011 2650 soluta
1046 2610 1088 2650 in
1120 2615 1364 2663 perpetuum
1394 2606 1600 2661 Hispania
1628 2606 1669 2645 in

254 2676 295 2705 25
320 2666 471 2717 patrios
495 2669 645 2709 rediret
669 2685 803 2712 mores
828 2672 1024 2724 ritusque.
1079 2671 1181 2711 haec
1205 2670 1365 2722 aliaque
1390 2668 1563 2709 dicendo
1587 2681 1669 2706 non
