1815 3184
275 241 358 283 262
615 247 771 280 LIBER
795 248 919 290 xxv,
945 249 1000 282 40.
1028 251 1076 291 [a.
1092 260 1124 282 u.
1142 260 1171 282 c.
1197 249 1280 293 542]

231 367 249 395 3
275 368 297 392 a
321 350 518 391 Marcello
545 349 691 389 eximie
722 356 909 390 ornatum
941 357 1020 400 est,
1057 351 1188 391 vertit.
1249 352 1485 393 visebantur
1516 356 1621 395 enim

227 613 245 639 4

202 2027 240 2056 10

201 2213 236 2241 11

203 2582 240 2610 12

274 414 325 454 ab
351 414 528 454 externis
560 414 612 454 ad
641 419 801 468 portam
829 411 1040 466 Capenam
1071 413 1259 453 dedicata
1290 429 1313 453 a
1337 413 1397 454 M.
1424 413 1622 456 Marcello

272 475 424 529 templa
451 483 618 530 propter
647 474 886 515 excellentia
917 474 1002 514 eius
1034 474 1195 528 generis
1227 482 1481 524 ornamenta,
1525 490 1624 528 quo-

271 553 360 578 rum
386 537 609 591 perexigua
634 551 729 590 pars
756 542 974 589 comparet.

355 599 607 653 Legationes
633 598 814 639 omnium
841 598 969 638 ferme
1001 597 1226 638 civitatium
1253 596 1417 639 Siciliae
1449 598 1500 638 ad
1531 613 1623 638 eum

271 659 579 701 conveniebant.
639 660 778 713 dispar
807 666 851 699 ut
883 673 1009 699 causa
1040 673 1196 708 earum,
1234 659 1290 699 ita
1315 659 1500 699 condicio
1526 666 1622 699 erat.

270 722 339 775 qui
376 730 469 762 ante
506 729 645 775 captas
680 721 908 775 Syracusas
945 727 1015 761 aut
1050 735 1132 761 non
1168 721 1423 761 desciverant
1459 728 1527 761 aut
1562 735 1624 761 rc—

270 784 426 824 dierant
463 784 504 823 in
540 783 779 832 amicitiam,
829 789 872 822 ut
910 783 1009 823 socii
1044 782 1185 823 fideles
1228 783 1384 836 accepti
1426 782 1624 835 cultique;

270 860 371 898 quos
408 852 541 885 metus
578 853 671 899 post
708 852 848 899 captas
888 842 1117 899 Syracusas
1161 844 1395 893 dediderat,
1444 851 1488 884 ut
1528 844 1625 884 vieti

270 922 294 947 a
329 907 481 947 victore
517 907 629 961 leges
666 912 922 961 acceperunt.
995 913 1109 946 erant
1150 913 1286 947 tamen
1328 906 1438 946 haud
1473 920 1624 960 parvae

270 969 463 1023 reliquiae
499 969 595 1010 belli
632 970 739 1010 circa
769 969 1047 1024 Agrigentum
1078 968 1296 1017 Romanis,
1338 968 1548 1022 Epicydes
1586 974 1625 1008 et

271 1031 424 1071 Hanno
466 1032 591 1072 duces
632 1031 778 1084 reliqui
819 1031 963 1084 prioris
1006 1029 1104 1071 belli
1145 1036 1184 1070 et
1225 1029 1367 1070 tertius
1404 1044 1535 1070 novus
1572 1029 1624 1070 ab

270 1092 504 1133 Hannibale
545 1093 587 1133 in
628 1093 762 1134 locum
798 1091 1064 1146 Hippocratis
1107 1092 1282 1140 missus,
1342 1091 1624 1145 Libyphoeni-

270 1169 364 1194 cum
399 1155 561 1209 generis
599 1154 923 1208 Hippacritanus
949 1178 981 1181 —
1006 1152 1212 1193 Muttinen
1248 1153 1465 1207 populares
1503 1166 1624 1192 voca-

269 1217 367 1255 bant
391 1240 442 1264 -,
491 1216 552 1255 vir
594 1216 754 1270 inpiger
791 1222 827 1255 et
866 1214 942 1255 sub
979 1214 1215 1254 Hannibale
1257 1214 1454 1268 magistro
1491 1214 1622 1254 omnis

269 1276 362 1317 belli
401 1284 507 1318 artes
544 1277 727 1318 edoctus.
787 1276 882 1317 huic
920 1276 970 1317 ab
1001 1275 1189 1329 Epicyde
1226 1283 1271 1316 et·
1295 1275 1501 1316 Hannone
1537 1275 1624 1315 Nu-

269 1339 402 1379 midae
439 1339 523 1380 dati
558 1339 799 1388 auxiliares,
849 1353 942 1379 cum
984 1337 1131 1390 quibus
1175 1338 1231 1377 ita
1271 1344 1518 1391 pervagatus
1561 1344 1623 1376 est

268 1400 448 1443 hostium
485 1415 625 1454 agros,
663 1400 719 1440 ita
755 1400 887 1440 socios
926 1399 978 1439 ad
1013 1399 1245 1439 retinendos
1282 1399 1322 1438 in
1354 1398 1432 1438 fide
1465 1398 1622 1438 animos

270 1476 409 1501 eorum
440 1461 691 1514 serendoque
727 1461 770 1501 in
800 1467 982 1514 tempore
1019 1460 1165 1512 cuique
1202 1459 1398 1499 auxilium
1435 1459 1536 1508 adit,
1578 1466 1622 1498 ut

269 1522 382 1566 brevi
418 1531 598 1576 tempore
636 1529 763 1564 totam
796 1520 979 1562 Siciliam
1016 1521 1202 1574 impleret
1237 1520 1413 1560 nominis
1451 1520 1514 1560 sui
1549 1534 1625 1560 nec

269 1599 363 1637 spes
405 1584 484 1624 alia
526 1583 654 1624 maior
696 1590 793 1637 aput
836 1582 1011 1622 faventis
1054 1581 1177 1622 rebus
1221 1580 1624 1636 Carthaginiensium

269 1654 389 1685 esset.
460 1646 596 1698 itaque
645 1645 793 1685 inclusi
841 1644 892 1685 ad
941 1655 1103 1698 tempus
1152 1643 1366 1684 moenibus
1404 1643 1624 1698 Agrigenti

268 1707 351 1746 dux
376 1706 544 1747 Poenus
573 1705 943 1762 Syracusanusque
973 1721 1056 1746 non
1087 1705 1256 1746 consilio
1282 1705 1474 1746 Muttinis
1499 1720 1625 1758 quam

267 1768 417 1808 fiducia
464 1768 597 1822 magis
647 1768 736 1809 ausi
785 1768 924 1823 egredi
972 1775 1087 1808 extra
1133 1782 1272 1807 muros
1321 1767 1373 1807 ad
1408 1767 1623 1808 Himeram

269 1844 429 1869 amnem
466 1837 691 1883 posuerunt
729 1838 873 1870 castra.
935 1829 1044 1882 quod
1079 1829 1150 1869 ubi
1185 1828 1386 1882 perlatum
1423 1829 1475 1869 ad
1510 1828 1625 1869 Mar-

268 1891 413 1931 cellum
447 1899 526 1940 est,
565 1891 771 1946 extemplo
803 1892 942 1946 copias
974 1891 1101 1931 movit
1126 1890 1172 1931 'et
1202 1891 1253 1931 ab
1285 1890 1403 1931 hoste
1433 1898 1624 1943 quattuor

266 1952 393 1993 ferme
436 1953 593 1993 milium
634 1953 846 1994 intervallo
890 1953 1097 2001 consedit,
1147 1952 1244 2005 quid
1294 1959 1461 2007 agerent
1506 1967 1625 2006 para·

265 2022 405 2056 rentve
449 2023 750 2070 expectaturus.
824 2016 895 2057 sed
937 2015 1095 2056 nullum
1137 2022 1268 2067 neque
1310 2015 1444 2055 locum
1491 2029 1623 2067 neque

266 2084 427 2131 tempus
478 2078 725 2119 cunctationi
774 2078 995 2118 consiliove
1049 2077 1161 2117 dedit
1208 2076 1433 2125 Muttines,
1493 2084 1624 2116 trans-

265 2153 434 2193 gressus
472 2155 635 2180 amnem
672 2154 719 2180 ac
752 2139 995 2180 stationibus
1027 2139 1206 2179 hostium
1237 2153 1331 2178 cum
1360 2138 1516 2193 ingenti
1546 2146 1624 2178 ter-

266 2215 353 2240 rore
379 2215 426 2241 ac
457 2201 634 2243 tumultu
665 2202 864 2242 invectus.
925 2208 1089 2255 postero
1120 2201 1185 2240 die
1216 2215 1343 2254 prope
1373 2200 1481 2240 iusto
1506 2215 1624 2254 proe-

265 2262 318 2302 lio
361 2263 555 2317 compulit
598 2263 727 2305 hostis
772 2264 875 2303 intra
918 2263 1182 2304 munimenta.
1266 2262 1360 2303 inde
1407 2269 1622 2302 revocatus

267 2324 464 2365 seditione
490 2325 761 2367 Numidarum
787 2326 828 2365 in
854 2325 997 2365 castris
1024 2318 1151 2373 facta,
1184 2339 1276 2364 cum
1302 2324 1470 2364 trecenti
1496 2324 1624 2364 ferme

267 2400 406 2426 eorum
432 2386 679 2427 Heracleam
711 2386 897 2427 Minoam
930 2386 1248 2435 concessissent,
1286 2386 1338 2426 ad
1374 2386 1622 2440 mitigandos

265 2448 598 2502 revocandosque
654 2464 724 2490 eos
778 2449 986 2503 profectus
1040 2463 1190 2503 magno
1245 2463 1366 2502 opere
1415 2449 1622 2489 monuisse

267 2508 391 2549 duces
428 2509 591 2560 dicitur,
640 2526 691 2551 ne
728 2510 896 2552 absente
935 2525 977 2551 se
1015 2525 1108 2551 cum
1144 2510 1260 2551 hoste
1298 2525 1442 2550 manus
1481 2524 1623 2550 conse-

266 2578 410 2610 rerent.
469 2571 511 2611 id
543 2572 664 2613 ambo
696 2588 817 2627 aegre
847 2573 960 2627 passi
991 2573 1135 2621 duces,
1174 2573 1306 2627 magis
1331 2572 1502 2620 Hanno,
1539 2571 1619 2610 iam

267 2637 359 2671 ante
397 2633 541 2674 anxius
578 2634 707 2687 gloria
744 2635 849 2675 eius:
895 2634 1117 2674 Muttinem
1156 2634 1234 2674 sibi
1271 2634 1439 2674 modum
1470 2632 1616 2679 facere,
