1815 3184
247 950 287 980 10

247 1014 284 1042 11

246 1444 283 1472 13

245 1627 284 1655 14

245 1873 283 1901 15

244 2056 282 2085 16

243 2242 281 2269 17

264 2670 282 2699 2

313 214 395 256 360
603 222 756 257 LIBER
779 221 946 265 XXVu,
972 222 1025 256 30.
1045 223 1098 256 31.
1128 225 1176 265 [a.
1192 235 1226 259 u.
1243 225 1368 268 0546]

312 340 385 380 per
410 323 671 364 Thessaliam
699 323 998 377 Boeotiamque
1031 322 1274 364 Chalcidem
1303 325 1501 366 Euboeae
1533 328 1655 376 venit,

312 394 357 426 ut
384 384 593 432 Attalum,
632 398 754 436 quem
785 384 918 425 classe
947 385 1164 426 Euboeam
1200 385 1423 439 petiturum
1461 388 1655 437 audierat,

311 446 497 500 portibus
524 452 562 485 et
588 445 753 486 litorum
778 445 954 499 adpulsu
975 453 1142 487 arceret.
1178 446 1273 487 inde
1292 447 1497 501 praesidio
1516 448 1656 490 relicto

312 507 510 547 adversus
535 506 745 555 Attalum,
785 506 819 546 si
849 507 953 547 forte
983 507 1147 547 interim
1171 508 1416 557 traiecisset,
1447 508 1656 562 profectus

311 570 400 623 ipse
426 582 518 608 eum
542 568 685 622 paucis
712 567 894 620 equitum
918 568 1103 621 levisque
1124 577 1352 610 armaturae
1372 570 1512 623 Argos
1533 570 1656 611 venit.

311 631 368 670 ibi
399 629 606 670 curatione
631 631 891 670 Heraeorum
915 630 1247 683 Nemeorumque
1279 631 1486 686 suffragiis
1517 632 1657 686 populi

312 692 364 731 ad
389 706 483 731 eum
508 691 662 739 delata,
696 691 790 743 quia
816 706 859 731 se
884 691 1166 732 Macedonum
1195 707 1315 746 reges
1343 707 1394 733 ex
1420 708 1468 733 ea
1493 693 1656 733 civitate

311 753 505 793 oriundos
536 752 738 801 referunt,
776 752 954 793 Heraeis
985 753 1162 807 peractis
1196 754 1246 793 ab
1277 754 1367 808 ipso
1399 754 1556 796 ludicro
1587 770 1658 795 ex-

312 814 464 868 templo
500 814 683 868 Aegium
724 814 934 868 profectus
973 822 1036 855 est
1072 815 1124 855 ad
1158 815 1357 856 indictum
1398 816 1526 857 multo
1564 824 1656 857 ante

312 876 516 917 sociorum
542 876 772 918 concilium.

395 937 460 978 Ibi
497 938 547 978 de
577 938 769 979 Aetolico
805 939 985 980 finiendo
1017 940 1125 980 bello
1158 947 1311 988 actum,
1350 955 1401 981 ne
1434 955 1559 981 causa
1590 948 1659 980 aut

311 1000 511 1041 Romanis
550 1008 619 1042 aut
653 1001 798 1041 Attalo
834 1001 1013 1042 intrandi
1051 1002 1270 1042 Graeciam
1313 1011 1434 1043 esset.
1497 1003 1569 1043 sed
1611 1018 1659 1043 ea

311 1061 448 1102 omnia
473 1061 642 1101 vixdum
666 1062 916 1102 indutiarum
941 1071 1124 1117 tempore
1151 1064 1395 1104 circumacto
1415 1064 1555 1104 Aetoli
1574 1071 1657 1103 tur-

310 1124 479 1171 bavere,
506 1132 726 1177 postquam
751 1132 791 1164 et
809 1125 998 1164 Attalum
1017 1125 1226 1179 Aeginam
1250 1126 1414 1166 venisse
1440 1133 1481 1165 et
1503 1125 1657 1166 Roma-

311 1200 407 1225 nam
433 1185 608 1225 classem
635 1193 742 1225 stare
769 1186 821 1225 ad
844 1186 1105 1240 Naupactum
1130 1187 1336 1227 audivere.
1390 1187 1524 1227 vocati
1549 1187 1657 1227 enim

310 1245 352 1285 in
377 1246 593 1286 concilium
617 1246 902 1295 Achaeorum,
933 1247 976 1286 in
1001 1261 1081 1299 quo
1107 1254 1147 1287 et
1171 1262 1243 1288 eae
1267 1248 1495 1301 legationes
1527 1256 1654 1295 erant,

311 1321 415 1359 quae
453 1307 505 1347 ad
540 1307 721 1347 Phalara
757 1315 927 1361 egerant
963 1308 1013 1348 de
1049 1322 1169 1362 pace,
1213 1308 1344 1362 primo
1388 1309 1521 1361 questi
1563 1316 1657 1349 sunt

311 1368 514 1421 quaedam
555 1384 683 1422 parva
719 1376 861 1409 contra
895 1369 1019 1408 fidem
1055 1369 1338 1409 conventionis
1377 1377 1559 1422 tempore
1595 1369 1657 1409 in-

310 1430 515 1473 dutiarum
546 1430 674 1478 facta,
712 1438 921 1483 postremo
952 1437 1156 1483 negarunt
1182 1429 1316 1470 dirimi
1340 1430 1495 1469 bellum
1518 1445 1656 1484 posse,

308 1491 388 1532 nisi
418 1491 629 1533 BIessenis
659 1491 820 1530 Achaei
849 1491 1002 1543 Pylum
1033 1491 1270 1538 redderent,
1307 1490 1508 1531 Romanis
1539 1491 1658 1531 resti-

309 1559 490 1592 tueretur
536 1551 772 1599 Atintania,
829 1549 1094 1592 Scerdilaedo
1143 1559 1181 1591 et
1227 1551 1423 1592 Pleurato
1471 1552 1655 1592 Ardiaei.

311 1613 519 1653 enimvero
560 1612 776 1666 indignum
818 1619 932 1652 ratus
969 1612 1189 1667 Philippus
1232 1613 1362 1653 victos
1401 1614 1543 1654 victori
1580 1613 1657 1654 sibi

307 1674 414 1714 ultro
446 1673 696 1714 condicionis
728 1674 853 1722 ferre,
892 1689 943 1714 ne
975 1681 1095 1714 antea
1125 1674 1289 1726 quidem
1317 1689 1360 1715 se
1386 1682 1456 1715 aut
1481 1675 1530 1715 de
1555 1689 1657 1729 pace

310 1735 474 1775 audisse
501 1744 569 1775 aut
594 1735 774 1776 indutias
798 1736 1008 1790 pepigisse
1036 1736 1136 1778 dixit
1158 1751 1273 1790 spem
1292 1736 1418 1776 ullam
1438 1737 1656 1777 habentem

309 1797 519 1850 quieturos
544 1798 739 1845 Aetolos,
767 1798 840 1838 sed
865 1807 909 1838 ut
935 1798 1067 1838 omnis
1094 1798 1227 1839 socios
1255 1799 1370 1839 testis
1397 1799 1584 1847 haberet,
1612 1814 1655 1839 se

309 1859 443 1913 pacis,
469 1859 560 1899 illos
586 1859 683 1899 belli
709 1873 876 1899 causam
902 1860 1127 1912 quaesisse.
1176 1860 1234 1900 ita
1257 1860 1409 1901 infecta
1433 1875 1534 1915 pace
1559 1875 1656 1901 con-

309 1920 446 1960 cilium
490 1920 644 1961 dimisit
687 1930 878 1973 quattuor
920 1922 1086 1962 milibus
1130 1930 1379 1962 armatorum
1414 1922 1565 1962 relictis
1605 1923 1657 1962 ad

308 1981 557 2036 praesidium
593 1982 859 2023 Achaeorum
903 1991 943 2023 et
984 1983 1163 2035 quinque
1204 1983 1340 2037 longis
1376 1983 1551 2023 navibus
1590 1998 1657 2024 ac-

310 2043 457 2097 ceptis,
490 2058 591 2096 quas
619 2044 652 2084 si
679 2045 897 2085 adjecisset
921 2045 1072 2085 missae
1097 2060 1227 2098 nuper
1253 2045 1304 2084 ad
1331 2060 1374 2085 se
1406 2044 1527 2085 classi
1554 2043 1658 2085 Car-

308 2105 628 2159 thaginiensium
660 2113 699 2146 et
725 2121 776 2146 ex
801 2106 999 2160 Bithynia
1024 2107 1074 2146 ab
1099 2121 1197 2161 rege
1221 2106 1373 2146 Prusia
1396 2107 1656 2147 venientibus

308 2167 503 2215 navibus,
537 2175 737 2208 statuerat
760 2168 896 2208 navali
921 2168 1076 2222 proelio
1101 2168 1305 2208 lacessere
1330 2169 1542 2209 Romanos
1573 2168 1655 2208 iam

307 2228 378 2268 diu
414 2228 456 2272 in
490 2229 659 2283 regione
697 2245 745 2270 ea
781 2230 960 2284 potentis
997 2229 1136 2270 maris.
1195 2230 1284 2283 ipse
1321 2230 1372 2269 ab
1405 2245 1452 2270 eo
1483 2230 1654 2271 concilio

307 2291 447 2344 Argos
474 2306 689 2345 regressus
699 2308 709 2340 3
735 2292 817 2331 iam
837 2292 944 2331 enim
958 2292 1208 2333 Nemeorum
1234 2292 1454 2345 adpetebat
1480 2298 1654 2346 tempus,

309 2366 412 2404 quac
438 2353 644 2393 celebrare
670 2353 835 2393 volebat
859 2353 1094 2407 praesentia
1119 2369 1205 2393 sua.

392 2413 573 2454 XXXI.
635 2414 852 2470 Occupato
887 2430 985 2469 rege
1023 2422 1223 2470 apparatu
1257 2414 1466 2464 ludorum,
1510 2422 1549 2456 et
1584 2430 1657 2469 per

309 2475 394 2515 dies
427 2476 555 2517 festos
587 2476 776 2517 licentius
809 2491 931 2530 quam
962 2477 1067 2518 inter
1092 2477 1188 2518 belli
1213 2484 1399 2531 tempora
1422 2477 1654 2518 remittente

309 2537 507 2585 animum,
538 2538 588 2578 P.
617 2537 824 2592 Sulpicius
853 2555 876 2580 a
899 2540 1114 2593 Naupacto
1145 2539 1356 2593 profectus
1383 2539 1558 2580 classem
1585 2539 1655 2578 ad-

308 2598 410 2650 pulit
456 2599 561 2639 inter
611 2598 833 2653 Sicyonem
882 2608 922 2641 et
972 2600 1237 2646 Corinthum,
1291 2599 1653 2654 [felicissimaeque

310 2658 471 2713 agrum]
506 2660 725 2703 fertilitatis
758 2662 889 2703 effuse
914 2663 1104 2704 vastavit.
1165 2662 1275 2702 fama
1301 2661 1388 2702 eius
1412 2661 1471 2701 rei
1493 2659 1652 2713 Philip-
