1815 3184
279 248 362 290 254
583 254 738 288 LIBER
763 253 890 297 XXV,
916 253 971 288 34.
991 253 1045 287 35.
1075 256 1170 296 [Μ.
1188 254 1312 297 c.54<2]

277 366 417 414 petum
441 357 611 406 fecerat,
640 363 682 396 ut
708 356 936 397 exanimem
962 355 1167 397 labentem
1193 370 1244 396 ex
1270 370 1374 409 equo
1396 355 1629 411 Scipionem

277 420 395 468 vidit,
435 419 589 460 alacres
615 418 768 473 gaudio
794 432 886 458 cum
913 417 1088 458 clamore
1119 432 1193 472 per
1222 424 1348 458 totam
1375 418 1504 459 aciem
1528 435 1632 460 nun-

213 498 251 527 12
278 484 424 523 tiantes
450 481 700 529 discurrunt,
737 480 1024 534 imperatorem
1050 480 1284 520 Romanum
1316 479 1525 520 cecidisse.
1585 496 1632 522 ea

275 550 499 600 pervagata
524 542 679 597 passim
704 557 786 583 vox
810 549 855 582 ut
880 550 919 582 et
943 541 1082 582 hostes
1113 541 1224 582 haud
1255 541 1377 582 dubie
1408 556 1480 596 pro
1507 542 1633 583 victo-

212 621 250 650 13
276 606 389 647 ribus
416 612 455 646 et
485 604 662 645 Romani
695 618 767 658 pro
798 603 916 644 victis
949 610 1086 645 essent
1116 603 1225 644 fecit.
1285 603 1387 658 fuga
1417 603 1631 644 confestim

278 683 329 709 ex
354 668 440 708 acic
466 667 569 707 duce
595 666 748 707 amisso
773 665 859 706 fieri
885 672 1030 720 coepta
1055 672 1134 706 est:
1162 672 1341 706 ceterum
1366 672 1410 706 ut
1430 666 1482 706 ad
1501 681 1635 707 erum-

275 730 456 784 pendum
492 729 597 769 inter
620 728 821 769 Numidas
858 727 1092 781 leviumque
1128 742 1334 768 armorum
1370 728 1449 769 alia
1484 728 1635 769 auxilia

214 807 249 835 14
277 793 388 832 haud
419 791 597 832 difficilis
631 797 733 840 erat,
771 790 827 831 ita
858 790 1040 845 effugere
1071 797 1228 831 tantum
1260 791 1443 843 equitum
1471 789 1631 845 [atque]

276 853 538 907 aequantium
566 867 693 906 equos
719 852 934 893 velocitate
959 852 1143 906 peditum
1169 852 1238 892 vix
1262 860 1467 907 poterant,
1506 853 1635 893 caesi-

276 930 355 969 que
379 930 506 970 prope
532 914 669 970 plures
695 915 736 955 in
761 914 863 969 fuga
887 929 1010 968 quam
1035 915 1077 955 in
1101 930 1241 969 pugna
1262 921 1373 964 sunt,
1399 930 1473 956 nec
1494 930 1636 970 super-

275 978 423 1019 fuisset
447 978 684 1031 quisquam,
721 977 763 1017 ni
787 977 999 1031 praecipiti
1029 977 1111 1018 iam
1143 977 1194 1018 ad
1219 992 1437 1032 vesperum
1463 977 1527 1019 die
1553 992 1636 1019 nox

277 1040 574 1080 intervenisset.

235 1117 247 1144 1
361 1100 560 1141 XXXV.
632 1101 759 1141 Haud
798 1101 976 1156 segniter
1011 1101 1105 1142 inde
1142 1101 1267 1142 duces
1304 1100 1435 1142 Poeni
1471 1101 1635 1142 fortuna

275 1163 341 1203 usi
366 1163 582 1204 confestim
614 1178 635 1204 e
661 1163 832 1217 proelio,
867 1163 937 1203 vix
960 1163 1194 1203 necessaria
1218 1163 1352 1216 quiete
1379 1164 1473 1204 data
1498 1164 1635 1204 militi-

276 1225 373 1274 bus,
406 1226 458 1266 ad
483 1225 791 1266 Hasdrubalem
817 1224 1065 1265 Hamilcaris
1092 1225 1260 1265 citatum
1286 1240 1434 1280 agmen
1459 1227 1632 1280 rapiunt,

276 1302 359 1327 non
397 1287 522 1327 (lubia
560 1302 650 1341 spe,
697 1285 757 1341 [si
789 1285 857 1341 se]
897 1287 1223 1335 coniunxissent,
1268 1287 1463 1327 debellari
1498 1302 1632 1341 posse.

233 1363 250 1392 2
277 1364 358 1402 quo
384 1348 454 1389 ubi
480 1355 542 1389 est
567 1354 753 1397 ventum,
791 1349 895 1389 inter
919 1348 1121 1389 exercitus
1148 1349 1355 1401 (lucesque
1380 1349 1549 1390 victoria
1573 1365 1636 1389 re-

279 1411 386 1451 centi
410 1410 538 1451 laetos
564 1410 783 1465 gratulatio
809 1411 953 1464 ingens
979 1410 1106 1458 facta,
1132 1410 1375 1464 imperatore
1402 1418 1514 1451 tanto
1540 1426 1632 1452 cum

277 1472 386 1513 omni
423 1472 603 1512 exercitu
639 1472 773 1512 deleto
810 1478 849 1512 et
885 1471 1053 1511 alteram
1088 1486 1162 1525 pro
1198 1471 1309 1512 haud
1340 1471 1465 1513 dubia
1495 1487 1634 1526 parem

232 1550 250 1578 3
277 1534 489 1574 victoriam
509 1540 783 1588 expectantes.
823 1533 874 1573 ad
895 1533 1106 1573 Romanos
1126 1533 1308 1573 nondum
1334 1534 1499 1586 quidem
1525 1533 1637 1574 fama

278 1602 412 1636 tantae
438 1595 564 1636 cladis
590 1602 849 1649 pervenerat,
877 1595 949 1635 sed
974 1601 1176 1635 maestum
1203 1595 1409 1648 quoddam
1430 1595 1635 1635 silentium

277 1664 361 1698 erat
387 1664 426 1698 et
451 1658 577 1698 tacita·
598 1657 814 1706 divinatio,
843 1657 975 1710 qualis
1001 1657 1082 1697 iam
1108 1657 1462 1711 praesagientibus
1489 1657 1635 1698 animis

232 1735 250 1762 4
276 1719 509 1760 inminentis
535 1719 631 1759 mali
658 1734 748 1760 esse
782 1719 896 1760 solet.
957 1719 1177 1773 imperator
1206 1719 1313 1773 ipse,
1349 1726 1636 1774 praeterquam

276 1782 387 1835 quod
417 1781 468 1822 ab
501 1782 621 1823 sociis
654 1796 697 1822 se
729 1782 956 1830 desertum,
993 1781 1173 1822 hostium
1206 1788 1364 1822 tantum
1395 1789 1536 1823 auctas
1567 1797 1635 1822 co-

275 1844 363 1898 pias
391 1843 609 1893 sentiebat,
637 1844 870 1885 coniectura
895 1844 1016 1884 etiam
1043 1851 1081 1884 et
1106 1844 1260 1884 ratione
1286 1844 1338 1884 ad
1358 1844 1632 1898 suspicionem

278 1912 469 1960 acceptae
495 1906 622 1947 cladis
648 1921 771 1959 quam
798 1907 850 1947 ad
874 1906 998 1946 ullam
1025 1905 1175 1947 bonam
1201 1921 1316 1960 spem
1341 1906 1506 1960 pronior
1531 1913 1634 1946 erat:

233 1985 251 2012 5
277 1982 456 2020 quonam
481 1969 602 2009 modo
629 1968 736 2008 enim
763 1968 1071 2009 Hasdrubalem
1102 1982 1149 2008 ac
1173 1967 1418 2022 Magonem,
1456 1967 1535 2008 nisi
1566 1968 1636 2007 dc-

278 2030 439 2071 functos
467 2045 542 2071 suo
568 2030 694 2079 bello,
728 2031 815 2072 sine
842 2031 1062 2071 certamine
1088 2030 1290 2071 adducere
1316 2029 1538 2070 exercitum
1563 2044 1635 2083 po-

233 2109 250 2139 6
277 2092 429 2133 tuisse?
487 2107 568 2146 quo
610 2094 732 2133 modo
775 2100 912 2134 autem
953 2108 1035 2133 non
1077 2092 1286 2134 obstitisse
1328 2099 1397 2133 aut
1433 2092 1484 2133 ab
1521 2098 1636 2146 tergo

278 2161 463 2195 secutum
499 2155 686 2205 fratrem,
723 2162 786 2204 ut,
828 2155 862 2196 si
897 2155 1113 2210 prohibere
1149 2169 1231 2208 quo
1268 2155 1402 2196 minus
1435 2155 1477 2195 in
1508 2169 1636 2195 unum

277 2216 430 2257 coirent
450 2224 488 2258 et
509 2218 634 2258 (luces
655 2224 694 2259 et
714 2218 915 2259 exercitus
936 2218 1116 2259 hostium
1136 2233 1218 2258 non
1238 2224 1391 2271 posset,
1417 2217 1506 2271 ipse
1526 2223 1634 2257 certe

234 2292 249 2319 7
277 2292 369 2318 cum
395 2279 519 2320 fratre
546 2280 812 2335 coniungeret
838 2280 1002 2334 copias?
1050 2280 1113 2321 his
1141 2280 1287 2320 anxius
1313 2280 1420 2320 curis
1446 2279 1488 2319 id
1512 2279 1635 2320 modo

278 2355 368 2381 esse
395 2341 571 2382 salutare
596 2342 638 2382 in
662 2357 858 2396 praesens
890 2341 1099 2390 credebat,
1139 2342 1282 2382 cedere
1311 2341 1406 2381 inde
1438 2348 1635 2394 quantum

276 2409 435 2455 posset3
468 2410 507 2444 et
530 2404 625 2445 inde
651 2419 732 2445 una
757 2410 876 2445 nocte
901 2404 1054 2459 ignaris
1080 2403 1267 2444 hostibus
1294 2409 1333 2443 et
1358 2403 1409 2444 ob
1428 2403 1469 2443 id
1489 2403 1635 2456 quietis

233 2474 252 2503 S
278 2463 530 2516 aliquantum
557 2481 748 2507 emensus
776 2474 837 2507 est
861 2466 948 2507 iter.
1003 2465 1094 2506 luce
1120 2472 1164 2505 ut
1190 2472 1405 2506 senserunt
1430 2464 1634 2519 profectos

278 2525 435 2576 hostes,
472 2529 710 2581 praemissis
736 2528 924 2569 Numidis
950 2542 1074 2581 quam
1099 2534 1286 2581 poterant
1311 2527 1488 2567 maxime
1514 2526 1635 2566 citato

279 2588 441 2640 agmine
468 2590 584 2642 sequi
609 2599 842 2644 coeperunt.
904 2597 997 2630 ante
1022 2596 1183 2630 noctem
1209 2589 1395 2630 adsecuti
1418 2587 1632 2633 Numidae,

237 2665 253 2694 9
280 2663 388 2689 nunc
425 2650 476 2691 ab
515 2660 645 2706 tergo,
689 2666 797 2693 nunc
832 2652 874 2692 in
909 2651 1036 2692 latera
1072 2651 1339 2692 incursantes.
1412 2648 1632 2690 consistere
