1815 3184
516 223 669 257 LIBER
693 222 864 268 XXIIII,
892 223 944 259 19.
963 223 1017 257 20.
1048 224 1096 266 [a.
1111 221 1149 256 C.
1163 221 1244 265 214]
1484 213 1564 255 183

208 327 384 367 militum
408 326 657 367 Hannibalis
683 326 897 367 tenebatur
921 325 1138 380 praesidio.
1192 331 1379 379 praeerat
1405 323 1562 366 Statius
1590 339 1608 368 ‘2

209 388 364 429 Metius
390 389 542 429 missus
568 387 619 429 ab
641 387 718 428 Cn.
733 387 877 442 Magio
892 386 1103 436 Atellano,
1130 387 1200 439 qui
1225 401 1272 428 eo
1297 401 1403 427 anno
1428 387 1565 427 medix

210 450 359 491 tuticus
385 456 471 490 erat
496 450 742 502 servitiaque
767 456 806 490 et
831 448 993 503 plebem
1017 449 1251 503 promiscue
1282 448 1484 497 armabat,
1521 455 1566 489 ut

210 519 344 552 castra
379 511 569 553 Romana
604 511 814 552 invaderet
850 510 1005 551 intento
1042 510 1210 551 consule
1246 510 1299 550 ad
1335 509 1566 551 Casilinum

209 573 544 628 oppugnandum.
582 573 682 613 nihil
708 587 849 614 eorum
866 572 1044 613 Fabium
1069 572 1225 613 fefellit.
1268 572 1405 625 itaque
1419 572 1566 613 Nolam
1592 586 1610 615 3

209 635 261 675 ad
299 635 498 690 collegam
534 634 673 684 mittit,
713 634 839 675 altero
871 634 1070 683 exercitu,
1108 634 1207 674 dum
1234 633 1463 674 Casilinum
1495 648 1567 687 op-

209 703 434 751 pugnatur,
472 711 576 751 opus
602 711 712 745 esse,
751 696 821 749 qui
847 695 1072 750 Campanis
1104 702 1349 750 opponatur:
1388 695 1453 736 vel
1477 695 1566 749 ipse
1592 709 1608 737 4

209 757 349 798 relicto
379 758 508 798 Nolae
539 758 743 812 praesidio
774 758 935 798 modico
966 758 1123 798 veniret
1152 758 1235 806 vel,
1274 757 1308 797 si
1339 772 1432 797 eum
1461 756 1568 798 Nola

209 827 365 861 teneret
390 820 566 861 necdum
598 835 766 861 securae
795 835 860 861 res
893 819 944 860 ab
969 819 1205 860 Hannibale
1237 826 1392 869 essent,
1432 834 1476 860 se
1502 819 1566 859 Ti.

209 882 444 923 Gracchum
491 882 779 936 proconsulem
822 897 846 922 a
886 881 1127 922 Benevento
1175 881 1413 922 acciturum.
1489 881 1568 921 hoc
1594 895 1612 922 5

208 945 349 985 nuntio
374 944 598 984 Marcellus
630 943 791 984 duobus
824 943 998 983 militum
1028 943 1193 984 milibus
1218 942 1348 984 Nolae
1379 944 1421 983 in
1452 958 1569 997 prae-

208 1007 311 1047 sidio
337 1006 487 1046 relictis
514 1020 607 1046 cum
639 1012 773 1046 cetero
805 1005 986 1045 exercitu
1013 1004 1243 1045 Casilinum
1274 1005 1385 1045 venit
1415 1006 1569 1046 adven-

208 1075 331 1120 tuque
363 1067 450 1107 eius
478 1066 680 1120 Campani
711 1067 793 1106 iam
824 1073 1037 1106 moventes
1071 1081 1161 1106 sese
1192 1067 1445 1119 quieverunt.
1511 1067 1568 1108 ita
1593 1079 1611 1108 6

206 1128 256 1169 ab
293 1128 454 1169 duobus
491 1128 729 1169 consulibus
758 1127 986 1168 Casilinum
1024 1128 1254 1183 oppugnari
1291 1128 1436 1182 coepit.
1497 1128 1567 1169 ubi

205 1205 299 1231 cum
324 1190 453 1230 multa
478 1190 745 1231 succedentes
778 1196 929 1230 temere
960 1189 1176 1230 moenibus
1208 1189 1386 1230 Romani
1418 1190 1566 1230 milites

204 1252 435 1306 acciperent
460 1251 630 1292 vulnera
660 1266 793 1305 neque
826 1252 924 1292 satis
955 1252 1164 1305 inceptum
1197 1251 1451 1301 succederet,
1488 1252 1569 1292 Fa-

206 1313 297 1354 bius
330 1313 597 1354 omittendam
627 1328 713 1354 rem
744 1328 914 1368 parvam
946 1328 993 1354 ac
1022 1314 1137 1354 iuxta
1166 1313 1327 1368 magnis
1359 1313 1569 1354 difficilem

205 1376 594 1428 abscedendumque
624 1376 718 1416 inde
750 1376 960 1425 censebat,
1005 1391 1098 1417 cum
1134 1390 1199 1417 res
1231 1376 1406 1417 maiores
1443 1376 1569 1417 insta-

205 1444 313 1486 rent3
361 1436 586 1478 Marcellus
618 1437 747 1478 multa
777 1438 938 1492 magnis
971 1437 1146 1479 ducibus
1179 1438 1283 1479 sicut
1314 1453 1396 1479 non
1421 1438 1569 1492 adgre-

207 1499 374 1548 dienda,
411 1499 468 1539 ita
500 1499 627 1540 semel
653 1500 860 1554 adgressis
886 1515 969 1541 non
994 1500 1237 1541 dimittenda
1262 1515 1353 1541 esse
1379 1500 1566 1548 dicendo,

206 1561 303 1613 quia
327 1576 480 1615 magna
504 1560 639 1601 famae
670 1571 878 1602 momenta
908 1562 950 1602 in
980 1568 1195 1615 utramque
1220 1568 1379 1616 partem
1410 1562 1566 1610 fierent,

207 1623 354 1671 tenuit,
393 1638 443 1663 ne
468 1623 589 1663 inrito
614 1623 776 1676 incepto
802 1623 993 1664 abiretur.
1054 1624 1198 1664 vincae
1228 1624 1323 1664 inde
1349 1624 1567 1677 omniaque
1594 1640 1613 1666 s

207 1685 286 1725 alia
311 1700 480 1739 operum
505 1685 937 1738 machinationumque
962 1700 1115 1740 genera
1140 1701 1233 1726 cum
1253 1686 1569 1727 admoverentur

208 1746 492 1801 Campanique
506 1746 683 1788 Fabium
703 1754 876 1796 orarent,
903 1754 948 1787 ut
972 1747 1083 1788 abire
1099 1747 1288 1802 Capuam
1309 1755 1395 1789 tuto
1414 1748 1566 1797 liceret,

206 1810 348 1863 paucis
386 1810 564 1863 egressis
591 1809 815 1850 Marcellus
852 1816 1012 1863 portam
1043 1824 1124 1863 qua
1155 1809 1471 1865 egrediebantur
1501 1825 1568 1851 oc·
1593 1822 1610 1851 9

207 1871 384 1924 cupavit,
412 1871 641 1924 caedesque
662 1871 894 1925 promiscue
914 1872 1097 1912 omnium
1117 1872 1222 1913 circa
1242 1879 1402 1926 portam
1421 1872 1566 1926 primo,

207 1932 353 1973 deinde
390 1933 622 1987 inruptione
658 1933 770 1974 sacta
806 1933 928 1974 etiam
965 1934 1007 1973 in
1049 1933 1149 1974 urbe
1186 1934 1275 1974 fieri
1310 1941 1455 1988 coepta
1491 1940 1565 1974 est.

207 1994 505 2049 quinquaginta
541 1995 625 2035 fere
662 1995 794 2049 primo
833 1995 988 2049 egressi
1021 1994 1347 2050 Campanorum,
1386 2011 1479 2036 cum
1516 1995 1568 2036 ad
1597 2009 1635 2037 10

207 2056 385 2096 Fabium
405 2057 707 2112 confugissent,
735 2057 939 2111 pracsidio
962 2057 1049 2098 eius
1065 2056 1254 2112 Capuam
1279 2064 1565 2112 pervenerunt.

210 2117 441 2158 Casilinum
487 2119 591 2159 inter
638 2119 856 2172 conloquia
910 2119 1293 2172 cunctationemque
1341 2119 1567 2174 petentium

208 2179 331 2218 fidem
367 2194 439 2233 per
475 2180 734 2221 occasionem
776 2187 940 2234 captum
984 2188 1063 2229 est,
1114 2181 1346 2235 captivique
1389 2180 1568 2235 Campa·
1596 2194 1632 2222 11

209 2256 353 2280 norum
379 2241 530 2294 quique
549 2241 797 2282 Hannibalis
824 2242 999 2282 militum
1026 2249 1140 2283 erant
1163 2243 1341 2283 Romam
1366 2242 1483 2283 missi
1507 2250 1568 2283 at-

209 2316 287 2355 que
323 2302 379 2343 ibi
415 2303 457 2343 in
487 2318 648 2345 carcere
679 2304 826 2345 inclusi
858 2312 970 2353 sunt,
1009 2305 1309 2359 oppidanorum
1345 2304 1465 2346 turba
1494 2320 1567 2360 per

210 2365 402 2406 finitimos
428 2366 603 2420 populos
629 2366 671 2406 in
697 2367 926 2408 custodiam
952 2366 1096 2407 divisa.

292 2426 401 2467 XX,
463 2426 626 2480 Quibus
652 2428 797 2469 diebus
824 2444 847 2469 a
874 2428 1058 2469 Casilino
1087 2443 1131 2469 re
1156 2428 1260 2470 bene
1285 2434 1403 2483 gesta
1432 2442 1567 2469 reces-
1595 2437 1607 2465 1

211 2505 302 2530 sum
327 2496 407 2537 est,
445 2489 503 2530 eis
532 2488 746 2531 Gracchus
772 2491 814 2530 in
838 2491 1023 2531 Lucanis
1056 2491 1210 2544 aliquot
1241 2491 1428 2532 cohortes
1453 2491 1496 2531 in
1520 2505 1569 2532 ea

209 2552 374 2606 regione
400 2552 652 2606 conscriptas
679 2567 772 2593 cum
797 2552 1004 2606 praefecto
1026 2553 1183 2594 socium
1203 2553 1245 2593 in
1264 2568 1362 2607 agro
1387 2552 1566 2594 hostium

209 2615 449 2669 praedatum
475 2614 597 2655 misit.
658 2629 727 2656 eos
755 2615 885 2656 effuse
910 2615 1069 2670 palatos
1095 2615 1250 2657 Hanno
1275 2615 1442 2656 adortus
1467 2614 1567 2655 haut
1592 2629 1610 2658 2

210 2677 336 2718 multo
357 2677 573 2727 minorem,
600 2692 724 2731 quam
749 2677 801 2718 ad
820 2677 1107 2732 Beneventum
1133 2685 1362 2733 acceperat,
1389 2676 1566 2718 reddidit

1595 1451 1612 1479 κἸ
