1815 3184
301 233 385 274 474
573 238 726 272 LIBER
750 218 959 280 xxviiii,
985 236 1040 270 30.
1061 237 1114 269 31.
1144 239 1191 279 [a.
1207 248 1240 270 u.
1256 236 1381 279 e.550]

300 341 553 382 Masinissae
581 354 672 379 sese
698 338 973 393 permisisset,
1012 338 1196 378 futurum
1226 353 1321 379 eum
1344 339 1386 378 in
1412 339 1557 379 eodem
1582 340 1655 380 ho-

236 419 274 447 12
301 418 418 451 nore,
445 416 526 454 quo
553 401 664 455 apud
690 400 842 441 Galam
867 400 1068 441 Oesalces
1089 401 1304 454 vquondam
1329 400 1496 449 fuisset,
1523 408 1564 441 et
1587 401 1655 454 qui

299 463 554 504 Mazaetullo
590 468 754 516 praeter
785 462 1059 516 inpunitatem
1090 477 1165 502 sua
1196 463 1334 503 omnia
1364 476 1458 502 cum
1488 462 1569 502 fide
1594 477 1657 502 re-

302 525 414 567 stitui
440 524 709 579 sponderent,
737 524 858 564 ambo
876 524 1157 578 praeoptantis
1179 524 1300 565 exilio
1320 523 1525 564 modicam
1547 523 1657 564 domi

300 589 527 634 fortunam,
566 586 703 626 omnia
739 601 791 626 ne
827 586 870 625 id
906 586 1022 626 fieret
1055 585 1471 641 Carthaginiensibus
1510 586 1560 626 de
1596 585 1657 625 in-

301 649 459 690 dustria
485 648 724 702 agentibus,
753 648 806 688 ad
832 662 924 688 sese
949 648 1154 702 perduxit.

259 726 274 754 1
385 709 567 751 XXXI.
615 710 859 750 Hasdrubal
884 718 970 749 tum
996 710 1120 759 forte,
1147 725 1242 750 cum
1267 710 1369 751 haec
1394 711 1655 765 gerebantur,

301 772 411 827 apud
444 771 681 826 Syphacem
713 779 817 820 erat,
855 771 924 824 qui
947 771 1171 821 Numidae,
1210 772 1320 812 haud
1352 787 1451 812 sane
1481 772 1657 812 multum

301 835 353 874 ad
391 848 435 874 se
471 833 676 888 pertinere
713 833 915 881 credenti,
964 842 1101 873 utrum
1135 848 1264 888 penes
1301 833 1569 874 Lacumazen
1606 849 1657 873 an

301 895 573 935 Masinissam
597 910 771 949 regnum
785 894 1089 935 Maesuliorum
1115 902 1238 943 esset,
1265 895 1353 935 falli
1372 910 1466 936 eum
1484 910 1657 948 magno-

300 972 398 1012 pere
435 957 508 1006 ait,
547 957 581 996 si
604 957 878 997 Masinissam
915 956 1071 997 eisdem
1109 964 1348 997 contentum
1384 958 1472 998 fore
1509 957 1657 1010 quibus

300 1029 460 1073 patrem
487 1018 637 1059 Galam
663 1026 733 1058 aut.
756 1027 948 1073 patruum
975 1019 1062 1059 61115
1091 1018 1315 1060 Oesaleem
1340 1019 1496 1059 credat:
1529 1019 1656 1059 multo

301 1081 499 1122 maiorem
534 1081 716 1121 indolem
751 1082 794 1121 in
828 1096 876 1122 eo
914 1081 1039 1121 animi
1069 1081 1306 1135 ingeniique
1338 1096 1430 1121 esse
1462 1096 1584 1134 quam
1615 1080 1656 1120 in

258 1160 275 1188 3
302 1144 385 1184 ullo
411 1143 546 1198 gentis
573 1143 660 1184 61115
687 1158 882 1196 umquam
908 1144 1068 1184 fuisset.
1120 1158 1244 1197 saepe
1270 1158 1363 1183 eum
1387 1143 1430 1183 in
1450 1142 1657 1197 Hispania

300 1221 417 1246 rarae
447 1206 552 1245 inter
583 1205 770 1246 homines
803 1205 964 1245 virtutis
997 1204 1206 1259 specimen
1237 1204 1400 1244 dedisse
1432 1204 1552 1245 sociis
1584 1219 1657 1258 pa-

300 1267 399 1307 riter
424 1267 707 1318 hostibusque.
768 1275 808 1306 ct
835 1265 1070 1320 Syphacem
1097 1274 1138 1306 et
1164 1264 1540 1320 Carthaginiensis,
1577 1265 1657 1306 nisi

302 1329 502 1369 orientem
521 1328 636 1367 illum
655 1327 795 1382 ignem
815 1327 1133 1382 oppressissent,
1160 1327 1318 1381 ingenti
1336 1342 1433 1367 mox
1452 1327 1655 1375 inccndio,

252 1402 270 1429 4
302 1405 395 1430 cum
430 1389 513 1429 iam
548 1390 704 1429 nullam
741 1404 862 1443 opem
898 1389 1005 1429 ferre
1042 1397 1232 1443 possent,
1282 1404 1471 1437 arsuros3
1522 1389 1655 1429 adhuc

301 1460 463 1492 teneras
501 1460 541 1492 et
577 1451 746 1505 fragiles
784 1451 892 1491 vires
931 1450 1017 1490 eius
1056 1466 1166 1499 esse,
1216 1451 1387 1490 vixdum
1418 1450 1654 1491 coalescens

301 1513 478 1554 foventis
516 1528 705 1567 regnum.
766 1513 959 1552 instando
993 1512 1324 1565 stimulandoque
1356 1511 1574 1566 pervincit,
1612 1519 1658 1551 ut

256 1591 274 1619 5
302 1574 526 1615 exercitum
553 1575 605 1614 ad
629 1574 722 1613 finis
748 1574 1051 1614 iMaesuliorum
1078 1574 1299 1614 admoveat
1329 1582 1451 1626 atque
1476 1573 1518 1613 in
1543 1588 1656 1627 agro,

301 1637 350 1676 dc
383 1651 462 1688 quo
497 1651 621 1690 saepe
654 1650 747 1675 611111
781 1634 888 1675 Gala
919 1650 1003 1676 non
1033 1636 1170 1676 verbis
1208 1636 1330 1676 modo
1367 1635 1655 1690 disceptatum,

301 1698 374 1738 sed
410 1697 533 1737 etiam
570 1697 695 1737 armis
733 1705 935 1737 certatum
971 1697 1129 1745 fuerat,
1178 1704 1388 1750 tamquam
1424 1697 1507 1737 hau
1544 1697 1657 1737 dubii

299 1759 398 1799 iuris
433 1760 514 1808 sui,
554 1770 691 1799 castra
720 1759 846 1799 locet:
886 1759 920 1799 si
951 1759 1041 1812 quis
1075 1767 1230 1808 arceat,
1268 1767 1313 1799 ut
1343 1759 1453 1811 quod
1478 1758 1656 1799 maxime

255 1837 272 1865 6
301 1837 403 1876 opus
431 1822 500 1871 sit,
527 1822 613 1862 acie
640 1822 946 1871 dimicaturum3
981 1822 1043 1862 5111
1069 1838 1142 1877 per
1167 1831 1322 1863 metum
1347 1838 1446 1877 agro
1473 1823 1654 1871 cedatur,

298 1884 341 1923 in
366 1884 547 1924 medium
577 1900 750 1938 regnum
783 1885 984 1933 eundum3
1025 1894 1094 1925 aut
1126 1884 1213 1925 sine
1240 1884 1461 1925 certamine
1487 1898 1656 1924 conces-

301 1961 417 1986 suros
444 1946 486 1986 in
511 1946 715 1987 dicionem
742 1947 828 1988 eius
854 1947 1104 1995 Maesulios,
1143 1956 1213 1987 aut
1242 1961 1504 1999 nequaquam
1534 1961 1655 2000 pares

257 2023 273 2050 7
301 2008 459 2048 futuros
488 2009 625 2049 armis.
687 2009 750 2050 his
783 2010 953 2050 vocibus
985 2009 1177 2050 incitatus
1206 2009 1379 2063 Syphax
1403 2008 1656 2048 Masinissae

300 2070 451 2109 bellum
478 2070 599 2110 infert
633 2078 672 2111 et
696 2071 828 2126 primo
856 2071 1077 2111 certamine
1103 2071 1333 2112 Blaesulios
1358 2070 1494 2111 fundit
1518 2070 1657 2125 fugat-

300 2145 391 2183 que.
446 2132 675 2173 Masinissa
702 2147 795 2172 cum
820 2133 963 2187 paucis
990 2133 1195 2186 equitibus
1222 2148 1273 2173 ex
1299 2133 1384 2173 acie
1408 2132 1451 2172 in
1475 2140 1657 2173 montem

254 2205 273 2234 8
299 2218 331 2221 —
349 2194 515 2234 Bellum
540 2195 698 2235 incolae
724 2203 874 2235 vocant
893 2220 925 2223 —
944 2195 1139 2250 perfugit.
1189 2194 1369 2235 familiae
1389 2194 1545 2247 aliquot
1564 2208 1657 2234 cum

300 2256 530 2309 mapalibus
558 2258 860 2310 pecoribusque
887 2258 971 2297 suis
991 2283 1024 2286 —
1044 2273 1092 2298 ea
1116 2258 1292 2312 pecunia
1316 2257 1394 2297 illis
1422 2264 1486 2297 est
1507 2281 1541 2285 —
1565 2271 1657 2310 per-

301 2317 430 2357 secuti
456 2327 551 2358 sunt
576 2334 738 2374 regem,
777 2329 914 2360 cetera
937 2320 1241 2360 Blaesuliorum
1272 2319 1491 2359 multitudo
1521 2318 1564 2358 in
1596 2318 1657 2357 di-

256 2393 273 2421 9
301 2378 460 2419 cionem
476 2379 681 2434 Syphacis
704 2382 921 2422 concessit.
961 2396 1083 2434 quem
1099 2388 1293 2436 ceperant
1311 2381 1453 2421 exules
1474 2386 1658 2420 montem

299 2439 494 2482 herbidus
535 2457 797 2496 aquosusque
835 2451 916 2493 est3
956 2451 996 2484 et
1032 2443 1128 2496 quia
1163 2442 1301 2497 pecori
1338 2442 1471 2483 bonus
1508 2441 1655 2482 alendo

300 2510 403 2550 erat,
431 2502 644 2544 hominum
670 2519 833 2557 quoque
859 2519 981 2545 carne
1007 2520 1054 2545 ac
1079 2505 1185 2545 lacte
1210 2504 1467 2545 vescentium
1492 2502 1655 2543 abunde

235 2574 275 2604 lo
301 2563 531 2604 sufficiebat
557 2565 774 2607 alimentis.
818 2567 913 2606 inde
939 2566 1151 2608 nocturnis
1177 2566 1308 2621 primo
1335 2580 1382 2606 ac
1407 2564 1568 2605 furtivis
1594 2563 1656 2603 in-

300 2624 576 2674 cursionibus,
615 2627 763 2668 deinde
796 2637 937 2682 aperto
963 2628 1177 2669 latrocinio
1202 2628 1354 2668 infesta
1385 2627 1522 2668 omnia
1547 2625 1655 2666 circa

300 2698 415 2733 esse3
464 2687 642 2728 maxime
679 2689 741 2729 uri
779 2688 1138 2743 Carthaginiensis
1175 2705 1298 2744 ager,
1348 2689 1443 2741 quia
1484 2695 1525 2728 et
1557 2686 1651 2740 plus

258 911 275 939 {0
