1815 3184
484 212 637 247 LIBER
661 210 848 255 XXVIII,
874 210 905 244 7.
923 209 955 243 8.
984 211 1032 252 [a.
1047 207 1086 243 C.
1100 207 1182 252 207]
1422 196 1503 237 391

167 333 246 372 que
270 342 322 367 —,
358 316 525 358 nuntius
558 315 753 363 adfertur,
784 312 1079 354 Machanidam
1106 310 1397 366 Olympiorum
1428 309 1509 350 sol-

166 381 300 421 lemne
330 379 532 420 ludicrum
561 376 742 433 parantis
766 376 894 417 Eleos
927 374 1096 429 adgredi
1127 373 1333 414 statuisse.
1391 386 1510 427 prae-

166 443 410 484 vertendum
428 441 471 481 id
489 448 601 481 ratus
622 439 770 494 legatis
791 453 883 479 eum
904 438 1081 492 benigno
1100 451 1300 491 responso
1315 433 1509 484 dimissis,

168 520 212 546 se
236 519 369 558 neque
400 518 567 544 causam
598 502 685 542 eius
716 501 814 541 belli
844 500 973 540 fuisse
1003 514 1080 540 nec
1109 513 1286 547 moram,
1325 497 1359 538 si
1388 496 1511 537 modo

168 582 299 620 acqua
323 574 363 607 et
388 566 561 607 honesta
592 563 831 604 condicione
861 563 1000 611 liceat,
1037 561 1128 616 paci
1159 561 1382 610 facturum,
1419 573 1512 599 cum

168 628 359 684 expedito
391 627 554 683 agmine
583 626 793 681 profectus
829 639 902 680 per
931 623 1148 665 Boeotiam
1178 623 1356 677 Megara
1391 628 1513 674 atque

166 690 261 731 inde
298 689 543 731 Corinthum
580 687 810 736 descendit,
855 686 961 727 unde
998 684 1294 726 commeatibus
1338 682 1512 737 sumptis

166 752 364 793 Phliunta
386 752 685 803 Pheneumque
715 749 830 804 petit.
890 755 931 788 et
967 748 1049 788 iam
1080 761 1174 787 cum
1205 747 1414 787 Heraeam
1444 759 1514 785 ve-

167 814 316 863 nisset,
354 814 485 862 audit,
516 812 813 853 Machanidam
844 810 956 850 fama
991 810 1192 850 adventus
1231 807 1294 848 sui
1330 806 1515 847 territum

167 876 371 931 refugisse
407 875 787 921 Lacedaemonem,
825 871 1089 925 Aegiumque
1127 885 1171 910 sc
1209 870 1261 910 ad
1297 868 1514 910 concilium

167 938 431 978 Achaeorum
465 936 639 991 recepit,
683 935 803 975 simul
847 934 1023 973 classem
1057 932 1279 980 Punicam,
1328 938 1372 971 ut.
1413 930 1515 971 mari

168 1014 330 1053 quoque
361 998 514 1052 aliquid
544 997 694 1052 possit,
734 995 907 1036 accitam
938 994 994 1034 ibi
1024 1001 1137 1034 ratus
1170 1008 1214 1034 se
1239 994 1513 1033 inventurum.

166 1061 307 1116 paucis
345 1068 438 1100 ante
476 1060 619 1099 diebus
655 1058 750 1098 inde
783 1057 926 1098 Oxeas
959 1056 1203 1096 traiecerant
1231 1054 1382 1103 Poeni,
1419 1054 1514 1094 inde

165 1130 308 1177 portus
345 1122 613 1162 Acarnanum
648 1119 870 1174 petierant,
914 1132 1007 1157 cum
1045 1118 1096 1157 ab
1135 1116 1248 1158 Oreo
1284 1116 1517 1170 profectum

165 1183 355 1224 Attalum
373 1183 668 1235 Romanosque
689 1180 920 1229 audissent,
946 1178 1084 1228 veriti,
1110 1193 1162 1219 ne
1189 1178 1241 1218 ad
1267 1192 1311 1218 se
1339 1175 1411 1232 [si]
1439 1177 1517 1217 ire-

165 1253 230 1286 tur
258 1245 365 1285 intra
388 1245 544 1286 Rhium
567 1269 600 1273 —
624 1244 765 1284 fauces
797 1257 870 1284 cae
898 1248 993 1283 sunt¹
1019 1239 1224 1282 Corinthii
1249 1239 1362 1280 sinus
1388 1264 1421 1268 —
1446 1254 1518 1294 op-

164 1307 450 1362 primerentur.

249 1370 373 1411 VIII.
421 1369 640 1424 Philippus
666 1368 878 1409 maerebat
902 1366 1068 1420 quidem
1094 1373 1134 1407 et
1155 1366 1397 1421 angebatur,
1425 1379 1518 1405 cum

168 1432 220 1472 ad
244 1432 381 1472 onmia
404 1431 493 1486 ipse
518 1431 667 1486 raptim
691 1430 810 1479 isset,
836 1429 936 1470 nulli
956 1437 1094 1470 tamen
1115 1443 1159 1469 se
1183 1428 1242 1468 rei
1267 1427 1309 1468 in
1334 1434 1518 1482 tempore

168 1494 394 1535 occurrisse
420 1500 461 1533 et
484 1493 712 1548 rapientem
737 1492 875 1533 omnia
900 1506 951 1531 ex
977 1490 1106 1532 oculis
1132 1490 1307 1531 elusisse
1333 1488 1518 1530 celerita-

168 1563 251 1597 tem
271 1571 387 1596 suam
409 1556 640 1596 fortunam?
676 1554 718 1594 in
738 1554 910 1595 concilio
931 1560 1068 1594 autem
1093 1552 1359 1593 dissimulans
1386 1551 1519 1605 aegri—

168 1618 352 1658 tudinem
377 1618 483 1658 elate
511 1617 646 1658 animo
673 1616 886 1664 disseruit,
913 1622 1087 1656 testatus
1115 1615 1214 1655 deos
1235 1613 1518 1666 hominesque,

169 1695 213 1721 se
250 1680 363 1721 nullo
399 1679 489 1720 1000
520 1694 597 1719 1100
629 1687 812 1732 tempore
844 1678 1046 1726 defuisse,
1085 1676 1202 1730 quin,
1238 1675 1310 1716 ubi
1339 1675 1520 1716 hostium

169 1758 282 1783 arma
307 1742 662 1796 concrepuissent,
689 1756 736 1781 00
763 1749 916 1793 quanta
940 1739 1121 1780 maxima
1144 1746 1287 1793 posset
1312 1737 1519 1778 celeritate

169 1805 370 1853 tenderet,
405 1804 479 1844 scd
502 1804 571 1844 vix
596 1803 797 1844 rationem
820 1802 912 1842 iniri
937 1817 1081 1857 posse,
1112 1809 1249 1842 utrum
1276 1816 1299 1841 a
1325 1816 1368 1841 50
1394 1800 1520 1840 auda-

170 1867 256 1906 cius
294 1882 346 1906 an
382 1866 570 1920 fugacius
614 1866 666 1906 ab
709 1864 897 1905 hostibus
939 1871 1105 1919 geratur
1146 1863 1325 1904 bellum:
1375 1862 1434 1903 sic
1470 1861 1521 1902 ab

170 1928 340 1983 Opunte
366 1928 573 1976 Attalum,
604 1927 662 1967 sic
685 1926 914 1981 Sulpicium
938 1926 989 1966 ab
1006 1924 1222 1975 Chalcide,
1253 1925 1311 1965 sic
1336 1924 1394 1965 eis
1420 1923 1521 1979 ipsis

170 1995 314 2036 diebus
339 1995 635 2035 Machanidam
672 2009 693 2035 e
729 1993 919 2034 manibus
954 1993 1038 2034 suis
1071 1993 1273 2047 elapsum.
1336 1991 1409 2032 sed
1439 2006 1522 2031 non

171 2071 333 2111 semper
371 2057 534 2098 felicem
570 2072 661 2097 esse
699 2056 860 2111 fugam,
898 2069 974 2095 nec
1003 2070 1077 2110 pro
1109 2054 1266 2095 difficili
1295 2053 1338 2094 id
1369 2053 1523 2094 bellum

171 2119 426 2169 habendum,
474 2120 517 2160 in
552 2134 631 2172 quo
675 2119 710 2159 si
753 2118 874 2159 modo
918 2132 1167 2172 congressus
1204 2131 1298 2156 cum
1333 2115 1522 2156 hostibus

172 2181 247 2230 sis,
285 2182 444 2223 viceris.
505 2182 615 2235 quod
652 2181 829 2236 primum
866 2188 994 2229 esset,
1032 2179 1338 2220 confessionem
1374 2192 1418 2218 se
1449 2176 1523 2217 ho-

173 2243 296 2284 stium
338 2244 490 2285 habere
539 2258 801 2297 nequaquam
849 2257 969 2297 pares
1018 2256 1111 2283 esse
1160 2240 1261 2289 sibi3
1321 2239 1436 2280 brevi
1484 2245 1525 2279 et

171 2305 384 2346 victoriam
420 2306 531 2346 haud
569 2305 736 2346 dubiam
778 2304 1015 2345 habiturum
1056 2317 1133 2344 nec
1167 2302 1336 2343 meliore
1373 2308 1523 2342 eventu

171 2382 241 2407 005
274 2382 415 2408 50011111
445 2383 569 2421 quam
601 2383 674 2422 spe
705 2374 977 2422 pugnaturos,
1037 2365 1135 2406 laeti
1158 2380 1300 2420 regem
1326 2363 1426 2404 socii
1452 2378 1524 2403 au-

172 2429 345 2470 dieruut.
405 2430 583 2471 reddidit
613 2429 708 2470 inde
733 2429 916 2469 Achaeis
941 2429 1153 2469 Heraeam
1184 2438 1224 2468 et
1249 2425 1520 2481 Triphyliam,

170 2492 415 2547 Alipheram
458 2500 595 2533 autem
636 2491 975 2547 B'Iegalopolitis,
1024 2491 1136 2544 quod
1184 2505 1352 2531 suorum
1394 2488 1523 2529 fuisse

170 2554 313 2594 finium
344 2555 442 2595 satis
474 2555 721 2610 probabant,
757 2554 946 2595 restituit.
1007 2553 1103 2594 inde
1134 2552 1309 2593 navibus
1343 2550 1521 2605 acceptis

172 2617 223 2657 ab
254 2616 436 2658 Achaeis
461 2642 494 2646 —
519 2624 633 2658 erant
665 2623 802 2658 autem
837 2624 920 2657 tres
959 2615 1239 2669 quadriremes
1276 2622 1318 2656 et
1345 2613 1522 2655 biremes

171 2678 645 2735 totidem-Anticyram
659 2678 828 2721 traiecit.
865 2678 960 2720 inde
980 2677 1344 2732 quinqueremibus
1361 2683 1520 2732 septem

1537 384 1574 414 15

1540 570 1578 600 16

1541 757 1579 786 17

1543 1067 1581 1096 18

1545 1564 1563 1593 10

1548 2189 1567 2218 5

1549 2438 1566 2467 6

1549 2563 1566 2592 7

1545 2689 1565 2719 8
