1815 3184
235 911 274 940 10

235 1282 271 1310 11

253 1838 271 1867 10

253 2212 273 2240 4

255 2521 272 2549 5

254 2704 272 2734 6

300 233 381 274 508
561 239 711 274 LIBER
734 240 861 282 xxx,
886 240 1012 273 2:126.
1041 243 1136 283 [ω.
1152 239 1366 284 c.551.552]

302 343 631 398 superlabentem
654 349 843 396 poterant
872 356 1004 395 neque
1028 342 1231 383 transilire
1262 343 1407 383 armati
1431 358 1483 383 ex
1506 343 1637 385 humi-

301 404 468 444 lioribus
509 403 552 443 in
595 403 779 443 altiorem
819 418 991 453 navem,
1040 410 1080 444 et
1121 403 1417 445 defendebatur
1459 406 1636 460 egregie,

300 465 436 518 quoad
470 465 551 505 tela
590 464 913 520 suppeditarunt.
973 465 1063 518 quis
1101 465 1381 507 deficientibus
1417 466 1499 507 iam
1528 467 1639 507 nulla

301 528 379 568 alia
413 543 478 569 res
515 543 605 568 eam
643 542 766 581 quam
800 527 1082 582 propinquitas
1119 535 1250 568 terrae
1285 528 1585 582 multitudoque
1616 544 1640 569 a
1697 557 1702 562 -

301 589 444 630 castris
470 589 510 630 in
534 589 630 630 litus
656 590 789 630 effusa
813 589 916 630 tueri
935 590 1077 644 potuit.
1126 589 1370 631 concitatam
1389 590 1497 630 enim
1515 590 1638 630 remis

301 658 452 704 quanto
481 650 660 692 maximo
691 651 846 706 impetu
875 659 1065 706 poterant
1093 651 1135 692 in
1165 658 1315 692 terram
1345 666 1437 692 cum
1461 652 1640 692 inmisis—

301 720 409 762 sent,
445 713 562 754 navis
594 720 752 754 tantum
781 713 938 754 iactura
966 713 1092 763 facta,
1133 713 1358 755 incolumes
1389 714 1468 769 ipsi
1498 729 1640 755 evase-

300 783 406 816 runt.
465 775 523 815 ita
547 775 625 816 alio
652 790 775 830 super
806 775 916 816 aliud
947 775 1100 816 scelere
1126 789 1218 816 curn
1242 775 1353 816 haud
1377 776 1498 817 dubie
1522 776 1640 816 indu-

300 837 379 877 tiae
404 844 548 891 ruptae
573 845 729 886 essent,
756 837 927 878 Laelius
953 837 1206 891 Fulviusque
1232 838 1283 878 ab
1306 838 1442 879 Roma
1467 852 1559 879 cum
1582 838 1640 879 le-

300 900 405 954 gatis
443 899 855 954 Carthaginiensibus
893 907 1228 954 supervenerunt.
1301 900 1448 953 quibus
1487 899 1639 955 Scipio,

300 962 377 1002 etsi
401 955 483 1002 non
507 962 756 1002 indutiarum
779 962 881 1002 fides
906 963 1029 1003 niodo
1055 978 1079 1002 a
1104 961 1536 1017 Carthaginiensibus,
1569 962 1642 1003 sed

299 1024 362 1064 ius
400 1024 522 1065 etiam
557 1024 741 1079 gentium
776 1024 818 1064 in
853 1024 1000 1079 legatis
1038 1025 1234 1065 violatum
1263 1032 1391 1073 esset,
1429 1032 1566 1065 tamen
1597 1039 1641 1065 se

299 1085 399 1127 nihil
429 1100 504 1127 nec
534 1086 730 1127 institutis
761 1086 903 1140 populi
926 1086 1104 1127 Romani
1140 1101 1216 1127 nec
1253 1087 1337 1127 suis
1367 1086 1549 1127 moribus
1578 1086 1640 1126 in-

301 1148 469 1203 dignum
493 1148 534 1188 in
558 1148 607 1189 iis
632 1149 836 1189 facturum
862 1163 954 1188 esse
980 1162 1072 1188 cum
1097 1148 1286 1196 dixisset,
1324 1148 1502 1189 dimissis
1527 1148 1640 1202 lega-

300 1210 351 1250 tis
377 1210 530 1250 bellum
554 1211 738 1264 parabat.

383 1271 607 1312 Hannibali
642 1272 724 1312 iam
765 1279 895 1313 terrae
932 1272 1274 1327 adpropinquanti
1307 1272 1443 1313 iussus
1481 1287 1502 1313 e
1538 1287 1639 1312 nau-

300 1331 389 1372 ticis
425 1348 530 1373 unus
567 1334 787 1374 escendere
818 1333 859 1373 in
890 1334 1060 1382 malum,
1103 1342 1148 1374 ut
1179 1334 1473 1388 specularetur,
1517 1347 1638 1386 quam

301 1402 485 1435 tenerent
519 1395 747 1450 regionem,
796 1409 888 1435 cum
924 1395 1114 1444 dixisset,
1164 1395 1425 1449 sepulchrum
1462 1395 1639 1435 dirutum

299 1471 462 1510 proram
499 1464 702 1511 spectare,
752 1457 1008 1497 abominatus
1045 1457 1303 1511 praetervehi
1342 1457 1454 1497 iusso
1491 1456 1639 1511 guber-

297 1524 439 1558 natore
476 1518 528 1558 ad
556 1518 724 1573 Leptim
762 1519 918 1573 adpulit
953 1519 1127 1559 classem
1162 1526 1283 1571 atque
1314 1518 1371 1558 ibi
1400 1518 1538 1573 copias
1570 1533 1640 1559 ex-

298 1579 448 1634 posuit.

382 1640 555 1684 XXVI.
615 1642 733 1682 Haec
759 1657 806 1682 eo
833 1656 939 1683 anno
969 1641 1012 1682 in
1035 1641 1182 1683 Africa
1211 1649 1348 1696 gesta:
1383 1642 1640 1695 insequentia

299 1704 501 1744 excedunt
525 1703 567 1744 in
592 1719 686 1744 eum
711 1720 882 1753 annum,
909 1719 989 1757 quo
1013 1704 1076 1745 M.
1106 1702 1324 1754 Servilius,
1351 1704 1419 1757 qui
1444 1712 1530 1745 tum
1553 1719 1640 1745 ma-

297 1765 425 1819 gister
455 1766 637 1818 equitum
667 1774 770 1815 erat,
808 1773 848 1807 et
872 1766 936 1807 Ti.
964 1765 1163 1807 Claudius
1188 1767 1297 1808 Nero
1328 1763 1516 1808 consules
1542 1766 1639 1807 facti

299 1835 405 1868 sunt.
461 1836 641 1868 ceterum
666 1828 778 1868 exitu
803 1828 1023 1883 superioris
1050 1828 1145 1869 anni
1170 1843 1263 1869 cum
1286 1828 1412 1883 legati
1437 1828 1639 1870 sociarum

297 1889 459 1929 urbium
484 1905 535 1930 ex
555 1889 730 1930 Graecia
754 1891 887 1943 questi
912 1898 1062 1939 essent,
1089 1898 1270 1932 vastatos
1292 1906 1412 1946 agros
1439 1891 1490 1931 ab
1513 1890 1637 1945 regiis

297 1951 511 2005 praesidiis
536 1952 826 2006 profectosque
850 1953 892 1992 in
910 1953 1201 1993 Macedoniam
1225 1953 1384 2008 legatos
1410 1952 1462 1993 ad
1484 1967 1550 1993 res
1574 1967 1638 1993 re-

297 2014 495 2069 petendas
521 2029 604 2055 non
628 2014 830 2056 admissos
857 2015 910 2055 ad
932 2015 1171 2070 Philippum
1195 2030 1354 2070 regem,
1392 2015 1512 2056 simul
1535 2030 1638 2055 nun-

298 2076 487 2125 tiassent,
527 2084 717 2129 quattuor
747 2076 859 2117 milia
892 2076 1068 2117 militum
1099 2092 1191 2117 cum
1218 2076 1394 2132 Sopatro
1425 2078 1527 2118 duce
1557 2084 1638 2117 tra-

297 2137 402 2179 iecta
431 2138 473 2178 in
502 2139 691 2179 Africam
716 2138 813 2188 dici,
849 2146 895 2179 ut
919 2147 1058 2180 essent
1083 2138 1494 2194 Carthaginiensibus
1521 2154 1639 2194 prae-

298 2200 419 2251 sidio,
459 2207 500 2241 et
528 2201 727 2255 pecuniae
758 2201 1011 2254 aliquantum
1045 2216 1128 2242 una
1157 2201 1348 2242 missum:
1395 2201 1554 2256 legatos
1587 2201 1638 2242 ad

295 2277 454 2317 regem,
493 2264 561 2316 qui
597 2264 700 2304 haec
735 2264 933 2305 adversus
969 2264 1114 2305 foedus
1151 2264 1260 2305 facta
1290 2263 1420 2304 videri
1454 2263 1637 2318 patribus

296 2325 546 2375 nuntiarent,
583 2326 805 2367 mittendos
837 2326 996 2367 censuit
1027 2333 1207 2367 senatus.
1265 2326 1381 2367 missi
1407 2324 1456 2366 C.
1483 2325 1639 2366 Teren-

299 2384 376 2425 tius
401 2387 552 2436 Varro,
580 2386 630 2429 C.
655 2387 886 2438 Mamilius,
911 2388 974 2429 M.
1000 2388 1209 2430 Aurelius.
1257 2388 1306 2429 iis
1333 2396 1414 2429 tres
1441 2387 1638 2441 quinque-

298 2461 431 2488 remes
458 2449 590 2490 datae.

381 2509 530 2551 Annus
555 2511 729 2567 insignis
753 2512 942 2554 incendio
967 2512 1141 2567 ingenti,
1169 2527 1248 2566 quo
1272 2512 1400 2553 clivus
1424 2511 1636 2553 Publicius

298 2569 350 2609 ad
375 2571 507 2612 solum
531 2583 720 2623 exustus,
746 2581 786 2615 et
811 2589 1009 2628 aquarum
1031 2574 1327 2629 magnitudine,
1354 2574 1428 2615 sed
1452 2587 1636 2614 annonae

298 2630 450 2673 vilitate
486 2634 581 2683 fuit,
623 2643 910 2690 praeterquam
946 2637 1056 2689 quod
1090 2651 1191 2692 pace
1228 2636 1359 2677 omnis
1396 2635 1517 2677 Italia
1551 2640 1636 2675 erat

299 2701 455 2746 aperta,
492 2696 614 2736 etiam
645 2697 755 2749 quod
782 2713 975 2753 magnam
1005 2698 1087 2739 vim
1118 2698 1312 2739 frumenti
1346 2712 1397 2738 ex
1432 2694 1636 2750 Hispania
