1815 3184
250 356 269 386 8

250 478 266 507 9

231 788 270 816 10

233 1093 268 1120 ll

233 1460 270 1489 13

252 1954 269 1982 2

252 2138 269 2166 ΩΟ

254 2575 272 2602 5

301 230 377 271 138
598 236 751 270 LIBER
775 237 925 280 xxiii,
952 237 1006 271 24.
1026 236 1081 271 25.
1110 239 1158 279 [a.
1171 248 1205 270 u.
1222 248 1250 270 e.
1264 237 1346 280 538]

294 341 475 396 legiones
502 340 605 380 duas
632 339 841 379 Romanas
867 338 1044 379 habebat
1069 338 1309 379 Postumius
1336 340 1573 393 socifinique
1598 340 1649 382 ab

294 417 441 456 supero
484 401 586 441 mari
629 408 787 440 tantum
828 401 1148 454 conscripserat,
1197 411 1241 440 ut
1283 401 1429 456 viginti
1470 402 1648 455 quinque

294 464 404 503 milia
429 471 677 503 armatorum
702 462 745 502 in
770 477 891 517 agros
917 462 1096 502 hostium
1120 462 1336 502 induxerit.
1398 461 1508 503 Galli
1538 478 1649 503 oram

294 535 499 566 extremae
525 524 651 564 silvae
679 538 770 564 cum
797 524 1173 572 circumsedissent,
1212 523 1281 564 ubi
1311 524 1476 564 intravit
1501 539 1649 578 agmen

295 586 460 633 saltum,
510 592 596 626 tum
645 593 848 626 extremas
897 585 1089 626 arborum
1137 586 1388 626 succisarum
1436 586 1647 640 inpellunt.

293 662 398 700 quae
430 647 509 687 alia
539 647 579 686 in
611 647 732 687 aliam
763 647 995 688 instabilem
1026 662 1099 701 per
1129 662 1173 688 se
1205 663 1251 688 ac
1283 648 1388 688 male
1416 647 1649 688 haerentem

295 710 520 750 incidentes
553 709 720 763 ancipiti
752 717 888 763 strage
919 724 1050 758 arma,
1086 709 1215 758 viros,
1258 724 1384 762 equos
1416 709 1648 758 obruerunt,

294 780 336 811 ut
368 771 437 810 vix
468 771 610 810 decem
641 771 827 811 homines
865 771 1105 825 effugerent.
1170 787 1266 812 nam
1304 786 1397 811 eum
1433 771 1651 815 exanimati

295 833 479 887 plerique
505 840 643 873 essent
674 832 865 872 arborum
896 833 1050 873 truncis
1082 832 1405 888 fragmentisque
1430 847 1650 880 ramorum,

295 902 471 935 ceteram
518 894 822 934 multitudinem
874 895 1084 948 inopinato
1131 895 1239 935 malo
1293 895 1493 948 trepidam
1543 892 1652 935 Galli

297 956 444 997 saltum
470 971 633 997 omnem
655 957 800 997 armati
819 957 1163 997 circumsedentes
1183 957 1484 1005 interfecerunt,
1510 956 1652 1010 paucis

295 1032 316 1058 e
342 1025 454 1060 tanto
486 1033 655 1058 numero
687 1019 835 1072 captis,
874 1019 943 1071 qui
968 1027 1135 1072 pontem
1165 1018 1344 1059 fluminis
1369 1025 1554 1072 petentes
1580 1017 1652 1057 ob-

299 1093 413 1119 sesso
446 1087 539 1119 ante
571 1079 621 1120 ab
653 1080 840 1121 hostibus
873 1088 995 1134 ponte
1026 1081 1236 1121 interclusi
1267 1089 1372 1122 sunt.
1422 1080 1478 1121 ibi
1503 1080 1652 1121 Postu-

295 1141 402 1181 mius
428 1141 538 1181 omni
563 1142 603 1181 vi
628 1156 678 1182 ne
704 1149 917 1196 caperetur
941 1142 1142 1182 dimicans
1169 1142 1372 1182 occubuit.
1411 1142 1540 1196 spolia
1566 1156 1653 1182 cor-

295 1202 405 1255 poris
433 1210 635 1256 caputque
660 1204 890 1256 praecisum
917 1203 1031 1243 ducis
1058 1203 1136 1244 Boi
1161 1211 1330 1244 ovantes
1351 1203 1515 1257 templo,
1542 1203 1653 1255 quod

298 1264 603 1304 sanctissimum
628 1272 690 1304 est
715 1274 813 1318 aput
839 1280 928 1314 eos,
954 1265 1138 1305 intulere.
1188 1272 1362 1320 purgato
1387 1265 1480 1305 inde
1506 1265 1650 1318 capite,

296 1333 339 1364 ut
366 1340 454 1365 mos
480 1325 529 1365 iis
556 1332 635 1374 est,
675 1326 833 1366 calvam
859 1341 957 1366 auro
984 1326 1211 1375 caelavere,
1243 1327 1366 1379 idque
1393 1341 1553 1367 sacrum
1577 1340 1651 1366 vas

296 1387 344 1427 iis
371 1394 472 1436 erat,
500 1402 580 1440 quo
607 1388 858 1428 solemnibus
883 1388 1068 1436 libarent,
1094 1388 1369 1442 poculumque
1389 1389 1497 1427 idem
1518 1402 1649 1428 saeer-

299 1448 461 1489 dotibus
494 1464 585 1490 esse
616 1465 663 1490 ao
694 1450 835 1503 templi
861 1449 1122 1490 antistitibus.
1183 1450 1335 1503 praeda
1366 1464 1528 1502 quoque
1553 1449 1652 1489 haut

295 1510 427 1550 minor
453 1509 583 1551 Gallis
621 1525 744 1564 quam
780 1511 950 1551 victoria
987 1511 1082 1559 fuit3
1124 1526 1220 1551 nam
1257 1510 1335 1550 etsi
1369 1525 1521 1565 magna
1556 1525 1651 1564 pars

295 1571 532 1612 animalium
558 1581 694 1627 strage
721 1572 846 1612 silvae
873 1587 1069 1626 oppressa
1096 1580 1201 1622 erat,
1227 1581 1364 1613 tamen
1390 1579 1547 1613 ceterae
1572 1586 1650 1621 res,

296 1633 390 1684 quia
416 1634 515 1673 nihil
540 1635 784 1688 dissipatum
809 1634 909 1688 fuga
930 1641 1014 1684 est,
1043 1641 1192 1676 stratae
1211 1649 1284 1689 per
1303 1649 1465 1675 omnem
1483 1634 1652 1674 iacentis

295 1695 470 1748 agminis
498 1696 681 1735 ordinem
707 1696 898 1736 inventae
925 1704 1031 1736 sunt.

379 1756 529 1797 XXV.
589 1757 683 1798 Hae
720 1758 908 1798 nuntiata
939 1758 1054 1799 clade
1085 1772 1179 1798 eum
1209 1772 1282 1812 per
1312 1758 1399 1798 dies
1429 1757 1579 1798 multos
1611 1757 1653 1797 in

296 1824 406 1859 tanto
447 1834 600 1873 pavore
642 1820 790 1861 fuisset
831 1821 994 1869 civitas,
1043 1827 1089 1860 ut
1130 1820 1309 1861 tabernis
1351 1820 1500 1861 clausis
1541 1819 1654 1860 velut

295 1888 493 1925 nocturna
524 1882 742 1923 solitudine
774 1898 846 1937 per
875 1883 1018 1928 urbem
1045 1890 1135 1923 aeta
1161 1891 1326 1924 senatus
1358 1883 1558 1923 aedilibus
1583 1897 1653 1922 ne-

294 1943 452 1995 gotium
483 1945 614 1993 daret,
653 1952 698 1985 ut
729 1945 872 1986 urbem
903 1945 1162 1985 circumirent
1199 1945 1426 1999 aperirique
1462 1944 1651 1985 tabernas

296 2012 335 2043 et
370 2007 597 2047 maestitiae
628 2007 819 2061 publicae
851 2007 1029 2061 speciem
1060 2007 1151 2048 urbi
1182 2007 1291 2047 demi
1315 2007 1519 2055 iuberent,
1563 2013 1650 2046 tum

296 2065 359 2106 Ti.
389 2065 656 2121 Sempronius
690 2077 878 2109 senatum
908 2068 1051 2109 habuit
1083 2068 1399 2121 consolatusque
1429 2075 1564 2121 patres
1591 2073 1653 2107 est

296 2135 334 2167 et
359 2128 615 2179 adhortatus,
643 2145 705 2179 ne,
733 2131 802 2183 qui
818 2130 1029 2171 Cannensi
1053 2131 1192 2170 ruinae
1217 2145 1298 2170 non
1324 2129 1651 2177 succubuissent,

295 2190 346 2229 ad
371 2190 548 2232 minores
568 2191 821 2232 calamitates
842 2192 998 2232 animos
1020 2191 1316 2232 submitterent.
1355 2191 1465 2244 quod
1484 2191 1536 2231 ad
1552 2189 1653 2231 Car-

296 2251 573 2305 thaginienses
617 2253 755 2294 hostes
793 2253 1154 2306 Hannibalemque
1197 2253 1403 2302 attineret,
1457 2266 1653 2306 prospera.

295 2314 417 2353 modo
443 2321 597 2362 essent,
637 2315 741 2354 sicut
767 2324 966 2368 speraret,
1004 2315 1160 2363 futura,
1200 2313 1405 2355 Gallicum
1437 2314 1589 2355 bellum
1615 2320 1653 2352 et

295 2374 426 2414 omitti
451 2382 538 2415 tuto
571 2382 610 2415 et
641 2376 795 2416 differri
825 2391 966 2430 posse,
1004 2376 1282 2429 ultionemque
1315 2391 1405 2416 eam
1429 2375 1586 2415 fraudis
1610 2374 1653 2414 in

296 2435 464 2475 deorum
490 2451 538 2476 ae
561 2437 703 2491 populi
727 2438 905 2477 Romani
930 2445 1130 2491 potestate
1156 2438 1255 2478 fore.
1305 2438 1355 2477 de
1375 2437 1492 2478 hoste
1510 2436 1652 2476 Poeno

298 2497 644 2551 exercitibusque,
681 2513 754 2552 per
778 2513 881 2551 quos
906 2499 949 2539 id
974 2499 1126 2539 bellum
1157 2506 1383 2554 gereretur,
1421 2498 1653 2539 consultan-
1708 2550 1710 2552 v

298 2560 394 2599 dum
420 2568 541 2612 atque
567 2561 820 2615 agitandum.
868 2561 957 2615 ipse
982 2562 1177 2615 primum,
1210 2562 1309 2614 quid
1332 2561 1516 2615 peditum
1541 2559 1652 2612 equi-

298 2628 485 2673 tumque,
523 2623 622 2674 quid
659 2623 827 2672 civium,
872 2623 971 2675 quid
1008 2623 1212 2663 sociorum
1248 2623 1291 2662 in
1326 2622 1507 2663 exercitu
1543 2625 1651 2660 esset

299 2681 526 2731 dictatoris,
575 2683 778 2723 disseruit.
853 2691 939 2724 tum
973 2683 1197 2724 Marcellus
1241 2698 1406 2724 suarum
1443 2681 1650 2735 copiarum
