1815 3184
466 221 620 256 LIBER
645 221 789 266 XXVI,
815 221 937 255 2425.
967 222 1016 263 [a.
1035 219 1072 254 C.
1088 219 1170 262 211]
1421 209 1504 250 293

148 328 237 382 ipsa
268 334 329 367 est
359 326 523 367 nomine
554 324 678 366 habet
702 350 751 374 —‚
790 339 879 365 eam
910 331 1071 378 praeter
1101 337 1236 364 arcem
1268 322 1308 362 vi
1334 321 1441 375 cepit
1465 327 1505 361 et

150 389 360 430 Oeniadas
397 388 636 440 Nasumque
673 386 940 427 Acarnanum
978 392 1117 439 captas
1156 384 1317 425 Aetolis
1355 383 1504 424 contri-

148 450 247 491 buit.
308 450 547 504 Philippum
585 463 748 502 quoque
781 448 878 488 satis
910 447 1164 501 implicatum
1194 446 1301 487 bello
1332 445 1503 486 finitimo

149 521 279 560 ratus,
329 526 379 551 ne
416 511 578 551 Italiam
614 510 860 563 Poenosque
902 516 942 549 et
976 515 1096 563 pacta
1139 523 1233 548 cum
1268 507 1504 548 Hannibale

150 580 290 628 posset
314 573 540 627 respicere,
569 571 793 626 Corcyram
818 572 906 625 ipse
933 586 976 611 se
1001 570 1165 624 recepit.

234 635 384 676 XXV.
434 635 626 688 Philippo
647 635 889 675 Aetolorum
915 633 1090 674 defectio
1109 632 1249 673 Pellae
1275 630 1506 672 hibernanti

152 697 273 737 allata
299 703 372 737 est.
421 697 576 749 itaque,
610 697 705 749 quia
730 696 860 750 primo
886 710 980 735 vere
1006 702 1190 735 moturus
1217 694 1440 734 exercitum
1465 693 1507 732 in

152 758 369 800 Graeciam
406 765 509 807 erat,
552 757 633 812 [ut]
674 758 835 812 Illyrios
872 757 1162 810 finitumasque
1200 756 1258 797 eis
1296 755 1418 795 urbes
1455 754 1505 795 ab

151 828 265 875 tergo
314 827 426 861 metu
473 820 631 873 quietas
669 820 916 860 Macedonia
963 819 1154 868 haberet,
1204 818 1507 872 expeditionem

151 883 329 923 subitam
365 882 407 922 in
445 880 706 923 Oricinorum
745 888 867 934 atque
903 880 1229 934 Apolloniatium
1271 880 1373 920 fines
1410 879 1508 919 fecit

150 959 422 999 egressosque
447 943 735 997 Apolloniatas
774 958 868 983 cum
904 957 1055 996 magno
1093 950 1244 982 terrore
1281 956 1328 981 ac
1353 955 1505 995 pavore

150 1006 345 1060 compulit
369 1006 474 1045 intra
499 1020 650 1045 muros.
710 1004 880 1045 vastatis
912 1003 1109 1058 proximis
1135 1003 1289 1057 Illyrici
1320 1003 1362 1043 in
1386 1003 1508 1042 Pela-

149 1069 316 1122 goniam
353 1068 496 1107 eadem
534 1067 738 1107 celeritate
775 1066 895 1106 vertit
935 1067 1035 1114 iter-3
1083 1066 1177 1105 inde
1213 1065 1506 1105 Dardanorum

151 1129 292 1170 urbem
315 1127 508 1176 Sintiam,
534 1128 576 1168 in
594 1128 884 1168 Macedoniam
910 1128 1127 1168 transitum
1140 1127 1349 1167 Dardanis
1375 1126 1507 1166 factu-

148 1207 252 1240 ram,
291 1191 410 1244 cepit.
470 1190 533 1230 his
569 1190 717 1244 raptim
753 1190 854 1231 actis
892 1204 1049 1232 memor
1084 1189 1263 1229 Aetolici
1299 1188 1507 1240 iunctique

149 1268 242 1294 cum
268 1267 315 1293 eo
340 1252 519 1293 Romani
543 1251 640 1292 belli
663 1267 737 1306 per
761 1252 1030 1306 Pelagoniam
1058 1258 1097 1292 et
1121 1251 1316 1305 Lyncum
1343 1256 1382 1290 et
1407 1249 1507 1290 Bot-

148 1315 296 1355 tiaeam
330 1314 373 1355 in
404 1313 665 1355 Thessaliam
701 1314 931 1355 descendit:
980 1314 1033 1354 ad
1068 1313 1223 1354 bellum
1260 1327 1399 1353 secum
1437 1312 1508 1352 ad-

147 1391 292 1417 versus
323 1375 496 1417 Aetolos
528 1377 827 1430 capessendum
858 1376 1017 1416 incitari
1047 1390 1170 1430 posse
1201 1375 1389 1416 homines
1422 1388 1508 1414 cre-

149 1439 282 1479 debat.
344 1445 383 1479 et
407 1438 546 1479 relicto
573 1440 624 1479 ad
649 1439 790 1479 fauces
818 1439 1058 1479 Thessaliae
1084 1438 1238 1479 Perseo
1265 1452 1359 1478 cum
1389 1443 1508 1490 quat-

150 1510 241 1541 tuor
266 1500 430 1541 milibus
457 1508 704 1542 armatorum
729 1502 781 1541 ad
806 1502 1003 1542 arcendos
1035 1501 1148 1541 aditu
1171 1500 1365 1548 Aetolos,
1403 1500 1504 1553 ipsc,

150 1563 388 1617 priusquam
419 1562 641 1603 maioribus
673 1570 940 1617 occuparetur
969 1562 1111 1611 rebus,
1150 1563 1191 1602 in
1215 1561 1506 1602 Macedoniam

150 1632 271 1677 atque
297 1624 390 1664 inde
415 1624 457 1664 in
483 1624 700 1664 Thraciam
727 1625 950 1665 exercitum
980 1639 1028 1664 ac
1051 1624 1228 1664 Maedos
1259 1623 1387 1663 duxit.
1447 1623 1507 1662 in-

151 1700 310 1725 currere
347 1700 395 1726 ea
430 1700 532 1740 gens
570 1686 612 1726 in
636 1686 926 1727 Macedoniam
963 1686 1081 1726 solita
1117 1692 1220 1734 erat,
1258 1684 1329 1725 ubi
1364 1698 1504 1738 regem

150 1754 394 1801 occupatum
426 1755 591 1788 externo
623 1747 729 1788 bello
761 1763 808 1788 ac
844 1748 932 1788 sine
962 1748 1166 1802 praesidio
1204 1761 1296 1788 esse
1331 1761 1506 1801 regnum

151 1810 358 1850 sensisset.
420 1810 473 1850 ad
502 1809 752 1864 frangendos
788 1810 914 1864 igitur
942 1817 1103 1850 vastare
1140 1825 1261 1864 agros
1294 1815 1333 1850 et
1363 1808 1506 1856 urbem

149 1871 493 1926 Iamphorynam,
555 1880 677 1926 caput
714 1886 931 1925 arcemque
966 1871 1207 1921 Maedicae,
1267 1884 1505 1925 oppugnare

150 1935 294 1988 coepit.
357 1933 516 1988 Scopas
548 1934 619 1974 ubi
649 1934 879 1988 profectum
909 1935 950 1974 in
975 1934 1195 1975 Thraciam
1220 1949 1361 1989 regem
1386 1948 1506 1974 occu-

150 2006 373 2049 patumque
399 1996 455 2037 ibi
481 1996 587 2036 bello
614 1996 787 2045 audivit,
825 2005 981 2036 armata
1005 1996 1115 2037 omni
1140 1996 1350 2037 iuventute
1376 1995 1506 2036 Aeto-

150 2057 282 2097 lorum
319 2057 469 2098 bellum
505 2058 654 2098 inferre
685 2057 944 2098 Acarnaniae
977 2065 1104 2112 parat.
1166 2058 1364 2098 adversus
1396 2057 1507 2110 quod

152 2134 194 2159 se
220 2119 486 2159 Acarnanum
511 2135 614 2174 gens
641 2126 680 2160 et
710 2120 865 2160 viribus
896 2120 1093 2174 imparem
1122 2126 1160 2160 et
1185 2120 1266 2160 iam
1294 2118 1506 2161 Oeniadas

150 2182 387 2234 Nasumque
419 2183 572 2223 amissa
603 2197 772 2223 cernens
804 2183 1074 2235 Romanaque
1106 2182 1274 2236 insuper
1304 2197 1417 2222 arma
1446 2181 1508 2221 in-

150 2258 313 2298 gruere,
350 2244 409 2284 ira
445 2244 577 2298 magis
615 2245 779 2284 instruit
815 2259 938 2297 quam
975 2244 1146 2285 consilio
1182 2244 1348 2285 bellum.
1410 2258 1506 2284 con-

151 2305 314 2359 iugibus
341 2305 561 2359 liberisque
587 2313 625 2346 et
651 2305 879 2347 senioribus
913 2320 1036 2360 super
1067 2306 1280 2360 sexaginta
1311 2320 1438 2346 annos
1465 2305 1507 2344 in

150 2369 422 2422 propinquam
452 2368 628 2422 Epirum
664 2369 820 2418 missis,
859 2368 910 2409 ab
942 2369 1176 2421 quindecim
1208 2369 1259 2409 ad
1291 2367 1505 2423 sexaginta

150 2446 278 2471 annos
305 2431 516 2471 coniurant
540 2432 619 2472 nisi
645 2431 818 2471 victores
846 2445 889 2471 se
914 2445 996 2471 non
1020 2431 1240 2472 redituros:
1278 2431 1348 2484 qui
1371 2430 1504 2470 victus

149 2493 235 2533 acie
268 2493 534 2542 excessisset,
573 2508 666 2533 eum
698 2508 748 2533 ne
780 2493 870 2546 quis
905 2492 1022 2542 urbe,
1061 2500 1186 2542 tecto,
1224 2507 1384 2541 mensa,
1422 2492 1505 2532 lare

150 2555 365 2608 reciperet,
393 2555 521 2596 diram
548 2555 847 2596 execrationem
874 2555 916 2595 in
936 2555 1162 2609 popularis,
1190 2554 1503 2596 obtestationem

148 2632 271 2670 quam
309 2617 610 2657 sanctissimam
641 2624 862 2671 potuerunt
891 2617 1088 2658 adversus
1119 2617 1302 2671 hospites
1340 2631 1506 2670 compo-

149 2685 318 2719 suerunt
341 2679 576 2733 precatique
603 2679 723 2720 simul
743 2678 938 2732 Epirotas
966 2685 1078 2729 sunt,
1106 2686 1150 2719 ut
1175 2679 1244 2732 qui
1270 2693 1437 2720 suorum
1462 2677 1502 2717 in

1532 459 1571 486 10·

1533 770 1550 798 10

1534 1016 1551 1044 3

1533 1201 1552 1229 4

1534 1326 1551 1354 ἶ)

1534 1512 1550 1541 G

1534 1636 1550 1664 7

1535 2070 1574 2098 10

1534 2256 1570 2284 ll

1532 2691 1570 2721 13
