1815 3184
491 217 645 251 LIBER
668 217 797 262 XXX,
825 217 951 253 1218.
980 220 1027 261 [a.
1044 216 1179 261 0203]
1425 207 1504 249 501

166 321 218 361 ad
253 335 302 362 ea
335 336 581 376 responsum
615 321 782 376 legatis:
823 336 961 362 rerum
995 328 1206 376 gestarum
1241 335 1437 376 prospere
1467 320 1509 360 in
1536 334 1574 362 12

164 383 311 423 Africa
353 397 613 425 communem
656 383 733 424 sibi
776 398 870 424 cum
904 398 1002 438 rege
1045 383 1361 438 gratulationem
1397 397 1507 431 esse3

167 444 405 501 Scipionem
439 453 549 486 recte
586 452 707 499 atque
738 445 880 486 ordine
910 445 1039 486 videri
1070 444 1238 494 fecisse,
1275 445 1386 498 quod
1416 459 1510 485 eum

164 522 305 562 regem
330 507 614 562 appellaverit,
647 514 687 548 et
711 508 909 561 quidquid
933 508 1044 548 aliud
1067 507 1227 557 fecerit,
1265 506 1374 560 quod
1399 505 1508 547 cordi

165 571 272 612 foret
294 570 564 620 Masinissae,
592 585 640 611 ea
663 578 801 625 patres
827 571 1095 626 comprobare
1121 584 1168 611 ac
1191 570 1372 610 laudare.
1419 583 1510 608 mu-
1539 580 1577 610 13

166 647 277 681 nera,
299 636 402 685 quae
422 632 547 687 legati
567 633 720 673 ferrent
737 632 838 687 regi,
855 633 1123 673 decreverunt
1143 631 1288 687 sagula
1304 645 1510 686 purpurea

168 694 249 735 duo
271 709 364 734 cum
384 694 520 735 fibulis
543 695 675 735 aureis
697 694 870 749 singulis
891 702 931 735 et
948 695 1030 735 lato
1051 694 1167 735 clavo
1193 693 1354 742 tunicis,
1380 707 1508 745 equos

166 756 247 797 duo
273 755 525 810 phaleratos,
550 756 647 797 bina
672 756 878 809 equestria
903 771 1015 797 arma
1040 770 1133 796 cum
1156 755 1291 797 loricis
1318 762 1358 796 et
1377 755 1511 795 taber-

165 819 313 860 nacula
336 819 634 873 militaremque
660 819 973 874 supellectilem,
1011 819 1173 871 qualem
1202 817 1391 873 praeberi
1415 831 1511 858 con-

167 880 244 921 suli
269 895 358 922 mos
385 888 507 922 esset.
555 881 657 921 haec
680 880 770 935 regi
792 888 956 934 praetor
979 880 1140 920 mittere
1164 880 1314 920 iussus.
1362 878 1510 933 legatis
1538 892 1578 921 14

165 943 207 983 in
245 943 429 998 singulos
467 944 575 984 dona
609 957 661 983 ne
698 943 832 983 minus
869 942 1039 995 quinum
1075 941 1249 990 milium,
1293 940 1510 982 comitibus

166 1020 308 1046 eorum
343 1005 500 1045 milium
537 1005 641 1045 aeris
673 1012 714 1045 et
743 1004 989 1044 vestimenta
1018 1004 1115 1044 bina
1145 1003 1311 1058 legatis,
1349 1002 1512 1057 singula

165 1067 382 1108 comitibus
429 1066 720 1119 Numidisque,
780 1065 850 1118 qui
897 1080 949 1106 ex
996 1065 1182 1106 custodia
1228 1064 1368 1105 emissi
1419 1064 1512 1104 red-

166 1129 358 1169 derentur
382 1127 488 1183 regi3
532 1127 585 1168 ad
609 1127 688 1167 hoc
713 1127 836 1168 aedes
861 1126 1032 1175 liberae,
1068 1126 1177 1175 loca,
1214 1126 1341 1167 lautia
1364 1125 1511 1180 legatis

165 1190 342 1231 decreta.

245 1251 418 1295 XVIII.
483 1251 645 1292 Eadem
681 1258 856 1299 aestate,
898 1265 980 1304 qua
1014 1250 1117 1291 haec
1154 1250 1318 1291 decreta
1352 1250 1512 1291 Romae
1540 1264 1555 1292 1

163 1314 268 1355 etin
292 1313 439 1354 Africa
462 1321 581 1368 gesta
613 1321 725 1362 sunt,
761 1312 811 1354 P.
839 1312 1087 1364 Quinctilius
1111 1313 1249 1355 Varus
1279 1319 1443 1367 praetor
1474 1319 1515 1352 et

162 1376 224 1417 M.
248 1374 466 1417 Cornelius
492 1375 714 1430 proconsul
737 1375 780 1414 in
805 1390 904 1429 agro
928 1375 1153 1415 Insubrum
1179 1374 1395 1415 Gallorum
1419 1388 1512 1414 cum

100 1451 111 1472 ἑ
163 1438 348 1492 Magone
371 1438 515 1478 Poeno
547 1437 676 1492 signis
707 1437 879 1477 conlatis
915 1444 1164 1492 pugnarunt.
1222 1436 1423 1492 praetoris
1453 1436 1511 1477 le·
1537 1450 1554 1479 2

165 1499 309 1554 giones
334 1499 376 1539 in
401 1499 533 1554 prima
558 1499 644 1540 acie
668 1499 850 1548 fuerunt,
884 1498 1101 1540 Cornelius
1128 1514 1223 1540 suas
1248 1499 1291 1539 in
1316 1498 1510 1540 subsidiis

164 1561 313 1610 tenuit,
349 1561 439 1615 ipse
465 1561 517 1601 ad
540 1560 673 1616 prima
698 1561 818 1616 signa
842 1575 947 1614 equo
973 1561 1188 1610 advectus,
1222 1575 1379 1615 proque
1412 1560 1513 1601 duo-

166 1624 241 1664 bus
279 1623 471 1664 cornibus
502 1631 665 1678 praetor
703 1637 749 1664 ac
784 1623 1005 1678 proconsul
1035 1623 1185 1663 milites
1217 1622 1269 1663 ad
1297 1622 1512 1663 inferenda

164 1686 207 1726 in
237 1685 367 1727 hostis
400 1686 519 1741 signa
550 1701 710 1726 summa
739 1685 780 1726 vi
810 1685 1090 1726 hortabantur.
1156 1692 1376 1740 postquam
1410 1683 1511 1724 nihil
1539 1696 1556 1725 3

165 1748 498 1797 commovebant,
529 1756 616 1788 tum
641 1747 890 1799 Quinctilius
918 1746 1131 1789 Cornelio:
1170 1746 1352 1795 ‘lentior,
1382 1754 1428 1786 ut
1452 1746 1514 1786 vi-

166 1811 257 1859 des,
295 1810 341 1850 fit
364 1825 505 1865 pugna
537 1817 577 1851 et
606 1810 819 1851 induratus
850 1817 1012 1865 praeter
1045 1824 1161 1864 spem
1185 1808 1415 1849 resistendo
1440 1808 1514 1849 ho-

167 1872 291 1913 stium
326 1872 465 1921 timor,
514 1887 561 1912 ac
597 1887 648 1913 ne
689 1879 822 1913 vertat
850 1872 894 1913 in
924 1871 1137 1913 audaciam
1172 1870 1399 1926 periculum
1435 1879 1510 1912 est.

165 1942 399 1988 equestrem
433 1934 657 1989 procellam
698 1934 923 1975 excitemus
968 1940 1144 1988 oportet,
1195 1933 1229 1973 si
1264 1934 1428 1973 turbare
1466 1946 1513 1973 ac
1539 1948 1559 1976 4

167 2004 277 2038 statu
311 2011 478 2038 movere
514 1996 716 2038 volumus.
782 1997 920 2050 itaque
957 1996 1023 2037 vel
1059 2003 1103 2036 tu
1139 1995 1192 2036 ad
1225 1994 1358 2050 prima
1394 1995 1514 2050 signa

166 2059 367 2114 proelium
405 2059 579 2108 sustine,
617 2074 695 2114 ego
725 2059 918 2099 inducam
947 2058 989 2099 in
1018 2073 1202 2113 pugnam
1233 2057 1409 2111 equites,
1447 2057 1512 2098 vel

166 2136 244 2176 ego
271 2121 336 2161 hic
360 2121 402 2161 in
426 2121 559 2176 prima
589 2121 675 2162 acie
705 2136 792 2162 rem
817 2136 977 2176 geram,
1016 2129 1059 2161 tu
1085 2128 1275 2174 quattuor
1303 2120 1514 2174 leg-Ionum

167 2183 324 2236 equites
350 2183 392 2223 in
416 2183 579 2224 hostem
604 2183 769 2224 emitte.'
828 2191 963 2224 utram
992 2183 1115 2223 vellet
1143 2189 1308 2238 praetor
1331 2181 1512 2223 muneris
1539 2195 1558 2224 5

166 2254 325 2300 partem
360 2245 605 2300 proconsule
641 2245 889 2300 accipiente,
939 2245 1186 2297 Quinctilius
1222 2251 1386 2295 praetor
1422 2259 1514 2285 cum

166 2307 268 2356 filio,
319 2307 385 2347 cui
419 2307 566 2348 hIarco
612 2322 864 2362 praenomen
911 2315 1015 2356 erat,
1063 2307 1225 2362 inpigro
1272 2306 1420 2347 iuvene
1463 2306 1516 2347 ad

167 2369 324 2422 equites
360 2369 495 2424 pergit
530 2369 749 2423 iussosque
786 2369 1008 2411 escendere
1043 2369 1085 2410 in
1116 2384 1243 2423 equos
1273 2375 1442 2424 repente
1472 2368 1514 2409 in

167 2431 329 2472 hostem
365 2431 525 2472 emittit.
596 2432 817 2472 tumultum
853 2439 1087 2485 equestrem
1123 2431 1237 2472 auxit
1273 2431 1426 2472 clamor
1462 2431 1514 2471 ab
1540 2446 1557 2475 6

167 2493 398 2547 legionibus
448 2494 624 2535 additus.
706 2508 782 2535 nec
830 2494 1013 2535 stetisset
1059 2494 1240 2535 hostium
1288 2493 1421 2543 acies,
1472 2494 1515 2534 ni

166 2555 298 2609 Mago
324 2555 377 2596 ad
400 2556 578 2611 primum
602 2557 786 2610 equitum
804 2564 962 2597 motum
986 2564 1152 2611 paratos
1178 2556 1418 2611 elephantos
1444 2571 1515 2597 ex-

167 2617 320 2672 templo
356 2617 398 2657 in
433 2618 635 2673 proelium
671 2619 914 2660 induxisset.
988 2619 1040 2659 ad
1081 2633 1255 2672 quorum
1297 2618 1513 2660 stridorem
1540 2633 1556 2662 7

167 2679 416 2733 odoremque
464 2687 505 2721 et
550 2688 763 2736 aspectum
810 2680 937 2722 territi
985 2680 1079 2734 equi
1125 2696 1277 2722 vanum
1324 2688 1513 2734 equestre
