1815 3184
517 227 669 262 LIBER
694 228 866 273 xxnn,
891 228 925 262 4.
948 228 979 262 5.
1009 230 1057 271 [a.
1074 227 1208 272 0215]
1458 219 1538 260 169

181 338 425 372 testamento
450 332 609 386 prolato
634 346 842 386 pueroque
862 332 904 372 in
923 332 1154 374 contionem
1178 331 1378 386 producto
1398 357 1432 361 —
1451 338 1536 372 erat

181 400 318 434 autem
344 393 577 446 quindecim
604 400 690 433 tum
715 393 844 435 ferme
869 408 1132 442 annorum—‚
1164 394 1326 447 paucis,
1364 394 1435 447 qui
1464 408 1537 448 per
1565 408 1581 436 7

181 456 413 496 contionem
439 456 491 496 ad
516 456 753 497 excitandos
780 455 978 496 clamores
1011 455 1199 509 dispositi
1226 462 1358 505 erant,
1391 456 1538 509 adpro-

180 517 373 558 bantibus
400 524 708 566 testamentum,
746 517 891 558 ceteris
917 517 1029 557 velut
1052 524 1165 571 patre
1197 517 1349 558 amisso
1374 516 1416 557 in
1441 516 1540 557 orba

181 579 344 620 civitate
369 580 506 620 omnia
531 579 787 628 timentibus,
814 579 939 620 funus
964 579 1009 619 fit
1038 579 1216 633 regium,
1243 579 1375 633 magis
1402 593 1539 619 amore
1566 591 1585 620 8

182 641 333 682 civium
355 648 394 681 et
417 641 582 681 caritate
602 656 726 693 quam
746 656 842 682 eura
863 655 1030 681 suorum
1050 640 1222 681 celebre.
1258 639 1374 681 brevi
1392 640 1539 681 deinde
1567 653 1584 681 9

181 710 337 744 ceteros
364 709 516 743 tutores
544 709 775 744 summovet
792 702 1105 751 Adranodorus,
1132 703 1322 743 iuvenem
1341 702 1423 743 iam
1449 716 1540 743 esse

181 765 371 806 dictitans
397 764 701 819 Hieronymum
732 779 780 805 ac
804 765 920 819 regni
950 770 1178 818 potentem3
1216 763 1541 817 deponendoque

180 826 350 866 tutelam
381 826 488 880 ipse,
533 840 638 878 quae
670 840 764 866 cum
794 825 980 879 pluribus
1015 825 1243 866 communis
1276 832 1379 874 erat,
1423 826 1465 866 in
1497 839 1541 865 se

180 902 308 928 unum
336 888 518 928 omnium
544 888 650 928 vires
677 887 887 927 convertit.

265 949 317 990 V.
378 949 462 990 Vix
498 949 664 1002 quidem
701 948 772 988 ulli
809 948 917 988 bono
953 948 1245 1000 moderatoque
1281 948 1369 1002 regi
1406 947 1538 988 facilis
1568 963 1582 990 1

180 1018 265 1051 erat
301 1011 419 1051 favor
459 1017 558 1064 aput
596 1009 881 1064 Syracusanos
926 1009 1161 1050 succedenti
1204 1016 1341 1050 tantae
1383 1010 1540 1049 caritati

179 1072 393 1121 Hieronis3
431 1086 572 1112 verum
599 1071 707 1112 enim
732 1085 827 1111 vero
853 1070 1154 1124 Hieronymus,
1183 1071 1294 1110 velut
1320 1071 1404 1111 suis
1430 1071 1538 1111 vitiis
1565 1086 1583 1114 2

179 1133 493 1174 desiderabilem
530 1133 692 1174 efficere
735 1132 857 1172 vellet
893 1147 1040 1181 avum,
1089 1131 1222 1185 primo
1264 1132 1402 1172 statim
1445 1146 1542 1172 con-

179 1202 322 1249 spectu
348 1194 485 1234 onmia
509 1208 633 1247 quam
659 1194 839 1247 disparia
864 1200 1002 1235 essent
1027 1193 1217 1234 ostendit.
1260 1208 1356 1234 nam
1376 1193 1445 1247 qui
1469 1208 1543 1247 per
1568 1208 1587 1236 3

178 1263 237 1297 tot
274 1271 403 1296 annos
428 1255 657 1296 Hieronem
693 1256 904 1309 filiumque
942 1255 1030 1297 eius
1065 1253 1268 1296 Gelonem
1303 1270 1379 1296 nec
1415 1255 1541 1296 vestis

178 1318 323 1359 habitu
358 1333 434 1359 nec
465 1318 544 1359 alio
574 1318 658 1359 ullo
695 1318 847 1373 insigni
878 1318 1113 1359 differentes
1147 1333 1170 1358 a
1201 1318 1345 1359 ceteris
1383 1317 1542 1359 civibus

178 1381 396 1430 vidissent,
440 1395 690 1435 conspexere
720 1396 944 1436 purpuram
975 1395 1023 1422 ac
1053 1381 1243 1422 diadema
1273 1395 1321 1422 ac
1347 1381 1541 1422 satellites

181 1449 359 1483 armatos
380 1443 672 1497 quadrigisque
693 1443 814 1483 etiam
834 1443 1021 1484 alborum
1041 1457 1240 1496 equorum
1265 1443 1470 1484 interdum
1491 1457 1540 1483 ex
1567 1456 1587 1483 4

180 1504 293 1559 regia
312 1504 601 1558 procedentem
621 1519 731 1545 more
745 1504 926 1559 Dionysi
948 1505 1122 1559 tyranni.
1166 1505 1276 1545 hunc
1295 1512 1379 1545 tam
1399 1519 1541 1559 super·
1567 1519 1586 1547 5

180 1566 281 1606 bum
301 1572 545 1619 apparatum
564 1564 831 1619 habitumque
846 1566 1127 1606 convenientis
1149 1566 1427 1620 sequebantur
1446 1581 1542 1607 con-

181 1634 360 1681 temptus
387 1627 569 1667 omnium
594 1627 826 1676 hominum,
855 1627 1056 1681 superbae
1082 1642 1219 1677 aures,
1247 1628 1543 1669 contumeliosa

182 1689 307 1737 dicta,
346 1688 425 1728 rari
449 1688 583 1729 aditus
615 1703 697 1728 non
730 1689 872 1729 alienis
898 1689 1039 1737 modo,
1079 1695 1141 1729 set
1171 1689 1373 1729 tutoribus
1406 1689 1540 1737 etiam,

180 1751 372 1791 libidines
398 1765 528 1791 novae
538 1781 548 1799 ,
575 1750 799 1790 inhumana
820 1750 1051 1791 crudelitas.
1088 1750 1226 1803 itaque
1246 1757 1383 1791 tantus
1409 1750 1541 1791 omnis
1569 1766 1587 1794 6

182 1820 309 1853 terror
333 1812 557 1861 invaserat,
583 1818 628 1852 ut
653 1812 821 1865 quidam
846 1826 897 1852 ex
921 1811 1123 1852 tutoribus
1150 1818 1220 1852 aut
1244 1818 1373 1853 morte
1398 1812 1543 1853 volun-

181 1874 284 1914 taria
309 1881 378 1914 aut
403 1874 504 1928 fuga
528 1881 830 1928 praeverterent
855 1880 1009 1914 metum
1037 1873 1343 1927 suppliciorum.
1382 1880 1463 1915 tres
1491 1888 1541 1915 ex
1570 1889 1585 1917 7

180 1938 234 1992 is,
272 1935 422 1988 quibus
450 1936 547 1976 solis
574 1936 709 1976 aditus
734 1936 776 1976 in
802 1936 971 1976 domum
996 1935 1234 1976 familiarior
1265 1942 1367 1985 erat,
1405 1935 1543 1976 Adra-

181 1998 362 2038 nodorus
389 2005 428 2039 et
454 1998 657 2052 Zoippus,
689 1999 831 2053 generi
856 1998 1072 2046 Hieronis,
1106 2004 1145 2038 et
1171 1998 1332 2040 Thraso
1358 1999 1540 2051 quidam,

183 2060 233 2099 dc
259 2059 346 2100 aliis
373 2060 538 2112 quidem
570 2060 691 2101 rebus
723 2060 822 2101 haut
847 2074 1095 2114 magnopere
1127 2059 1416 2100 audiebantur:
1453 2066 1541 2100 ten·
1567 2074 1586 2103 8

183 2121 316 2161 dendo
349 2128 485 2161 autem
516 2122 597 2162 duo
628 2122 680 2162 ad
712 2121 1095 2176 Carthaginienses,
1139 2121 1300 2162 Thraso
1331 2121 1384 2161 ad
1415 2121 1544 2162 socie-

184 2190 307 2223 tatem
323 2183 570 2232 Romanam,
598 2184 818 2225 certamine
844 2198 891 2224 ac
917 2183 1061 2224 studiis
1080 2183 1286 2224 interdum
1310 2184 1352 2223 in
1378 2198 1421 2224 se
1447 2198 1544 2224 con-

184 2244 395 2284 vertebant
421 2245 601 2286 animum
628 2246 921 2294 adulescentis,
949 2260 1043 2286 euin
1064 2245 1289 2286 coniuratio
1308 2245 1351 2285 in
1377 2245 1541 2299 tyranni
1567 2258 1585 2287 9

184 2315 306 2360 caput
336 2306 446 2347 facta
474 2307 678 2347 indicatur
707 2322 780 2361 per
812 2306 1026 2348 Callonem
1062 2307 1285 2360 quendam,
1330 2306 1543 2359 aequalem

184 2368 428 2422 Hieronymi
461 2375 499 2409 et
530 2369 612 2409 iam
642 2369 737 2410 inde
767 2385 791 2410 a
820 2384 948 2423 puero
979 2369 1020 2409 in
1051 2369 1189 2409 omnia
1213 2368 1430 2409 familiaria
1454 2369 1543 2409 iura

184 2431 412 2471 adsuetum.
473 2431 597 2471 index
621 2446 749 2471 unum
774 2446 824 2472 ex
851 2431 1071 2472 coniuratis
1098 2430 1379 2479 Theodotum,
1412 2446 1436 2471 a
1460 2445 1541 2483 quo
1570 2444 1610 2473 10

183 2493 271 2545 ipse
298 2493 524 2546 appellatus
552 2500 655 2542 erat,
681 2494 891 2534 nominare
917 2493 1066 2548 potuit,
1100 2492 1170 2546 qui
1194 2507 1446 2547 conprensus
1473 2507 1544 2533 ex-

184 2554 335 2608 templo
372 2555 627 2608 traditusque
658 2554 932 2597 Adranodoro
968 2555 1239 2608 torquendus,
1287 2555 1338 2595 de
1375 2569 1418 2596 se
1453 2555 1542 2609 ipse

183 2615 282 2655 haut
307 2623 545 2657 cunctanter
569 2617 707 2658 fassus
734 2618 921 2658 conscios
953 2617 1123 2658 celabat.
1184 2623 1410 2671 postremo,
1448 2631 1543 2657 cum
1570 2630 1606 2659 11

183 2678 373 2719 omnibus
409 2679 674 2720 intolerandis
711 2680 930 2734 patientiae
966 2679 1170 2720 humanae
1208 2678 1454 2732 cruciatibus
1484 2678 1543 2719 la-
