1815 3184
500 212 655 248 LIBER
679 212 829 257 xxm,
855 212 910 247 34.
929 211 984 246 35.
1011 209 1209 256 [a.e.215]
1459 199 1539 240 149

184 317 400 360 comitibus
427 332 568 358 corum
594 316 773 357 seductis
800 330 847 357 ae
873 322 985 356 metu
1015 314 1163 356 territis
1194 313 1351 354 litterae
1377 326 1541 366 quoque

184 381 235 422 ab
255 380 491 421 Hannibale
517 380 569 420 ad
588 379 827 433 Philippum
852 378 1041 419 inventae
1067 383 1106 418 et
1130 383 1250 431 pacta
1274 376 1378 416 inter
1402 389 1543 429 regem

184 443 464 484 Macedonum
499 442 770 494 Poenumque
813 441 973 481 ducem.
1045 439 1195 493 quibus
1233 438 1331 479 satis
1369 436 1542 492 cognitis
1568 447 1588 477 8

185 505 385 560 optimum
422 505 557 544 visum
595 511 656 544 est
694 503 879 557 captivos
917 502 1168 555 comitesque
1201 515 1341 542 eorum
1366 500 1543 540 Romam

184 568 236 608 ad
256 574 443 608 senatum
463 573 531 606 aut
551 565 753 613 eonsules,
780 564 1027 617 ubicumque
1048 571 1197 612 essent,
1224 577 1348 616 quam
1366 561 1544 616 primum

186 629 412 683 deportare.
462 628 514 668 ad
538 627 580 667 id
605 627 839 667 celerrimae
865 627 1044 680 quinque
1069 640 1195 666 naves
1222 624 1403 664 delectae
1429 637 1475 663 ac
1489 623 1542 662 L.
1569 634 1587 666 9

184 690 375 731 Valerius
395 689 545 734 Antias
571 690 642 742 qui
666 696 874 743 praeesset
899 688 1051 729 missus
1079 688 1195 741 eique
1221 686 1473 733 mandatum,
1500 691 1545 724 ut

183 752 224 792 in
261 752 392 793 omnis
428 751 544 792 navis
575 751 734 805 legatos
766 750 985 804 separatim
1017 749 1307 790 custodiendos
1345 747 1545 789 divideret

183 815 378 867 daretque
409 828 595 867 operam,
632 827 683 853 ne
714 812 825 865 quod
855 812 904 852 iis
936 811 1199 864 conloquium
1229 811 1334 851 inter
1366 823 1409 850 se
1439 822 1543 849 neve

183 891 288 929 quae
315 874 632 916 communicatio
658 874 803 915 consili
828 880 950 913 esset.

267 938 349 978 Per
374 938 482 977 idem
508 944 669 990 tempus
695 936 854 976 Romae
880 949 974 975 eum
998 933 1053 974 A.
1077 933 1293 975 Cornelius
1312 932 1544 973 Mammula
1571 942 1612 972 10

184 1014 234 1040 ex
251 998 440 1040 Sardinia
459 998 669 1052 provincia
685 997 887 1037 decedens
908 996 1152 1044 rettulisset,
1179 995 1248 1048 qui
1264 1001 1393 1035 status
1408 1009 1544 1034 rerum

181 1062 224 1101 in
260 1060 395 1101 insula
431 1072 557 1100 esset:
601 1059 754 1100 bellum
786 1073 834 1099 ac
864 1058 1138 1098 defectionem
1174 1057 1306 1098 omnis
1345 1062 1541 1110 spectare,
1572 1066 1609 1094 11

184 1122 235 1174 Q.
250 1122 451 1170 Mucium,
478 1121 549 1174 qui
571 1121 841 1161 successisset
862 1119 952 1169 sibi,
980 1119 1181 1174 gravitate
1203 1118 1305 1159 caeli
1325 1132 1544 1170 aquarum-

180 1198 261 1237 que
287 1184 570 1224 advcnientem
598 1189 828 1237 exceptum,
856 1197 937 1222 non
963 1188 1046 1222 tam
1065 1181 1107 1221 in
1126 1179 1402 1235 periculosum
1421 1193 1545 1232 quam

180 1245 351 1300 longum
376 1244 564 1285 morbum
589 1244 835 1298 inplicitum,
863 1244 932 1284 diu
953 1244 1005 1284 ad
1024 1243 1120 1284 belli
1141 1242 1281 1282 munia
1306 1240 1546 1282 sustinenda

180 1307 366 1348 inutilem
397 1307 503 1356 fore,
542 1307 849 1360 exercitumque
885 1306 942 1347 ibi
976 1312 1017 1346 ut
1049 1305 1147 1346 satis
1180 1304 1343 1344 firmum
1374 1309 1544 1357 pacatae
1573 1312 1612 1341 12

181 1369 414 1423 provinciae
440 1369 673 1423 praesidem
698 1383 808 1418 esse,
840 1369 897 1409 ita
922 1383 1068 1422 parum
1093 1367 1220 1415 bello,
1253 1366 1362 1419 quod
1388 1371 1545 1405 motum

182 1431 231 1471 iri
256 1431 547 1480 videretur—,
575 1432 843 1471 decreverunt
866 1438 1022 1485 patres,
1048 1436 1093 1470 ut
1108 1428 1160 1482 Q.
1175 1428 1349 1470 Fulvius
1367 1427 1543 1468 Flaccus
1572 1437 1612 1466 13

183 1493 370 1546 quinque
400 1493 512 1533 milia
548 1493 751 1547 peditum,
796 1493 1117 1547 quadringentos
1155 1491 1311 1545 equites
1351 1488 1546 1530 scriberet

183 1570 356 1608 eamque
392 1555 598 1610 legionem
633 1555 765 1609 primo
802 1569 965 1608 quoque
1002 1561 1185 1608 tempore
1229 1553 1271 1596 in
1309 1551 1543 1593 Sardiniam

183 1617 449 1657 traiciendam
485 1624 643 1657 curaret
680 1617 938 1669 mitteretque
977 1631 1069 1656 cum
1106 1615 1277 1669 imperio
1309 1629 1433 1667 quem
1464 1613 1543 1667 ipsi
1573 1623 1613 1652 14

183 1679 405 1728 videretur,
434 1678 503 1731 qui
527 1693 613 1718 rem
638 1685 797 1732 gereret
823 1678 957 1730 quoad
971 1677 1139 1718 Mucius
1166 1676 1454 1717 convaluisset.
1492 1675 1544 1715 ad
1572 1686 1612 1715 15

184 1755 273 1780 eam
298 1755 384 1780 rcm
410 1740 562 1780 missus
589 1750 650 1780 est
671 1740 719 1780 T.
735 1739 918 1780 Manlius
936 1739 1189 1792 Torquatus,
1216 1738 1287 1791 qui
1312 1737 1374 1778 bis
1401 1736 1545 1778 consul

183 1808 221 1842 et
247 1817 393 1842 censor
418 1802 550 1842 fuerat
577 1801 879 1856 subegeratque
903 1801 946 1842 in
971 1800 1188 1841 consulatu
1215 1799 1382 1841 Sardos.

272 1862 360 1905 Sub
387 1864 495 1903 idem
527 1863 611 1904 fere
643 1871 805 1917 tempus
832 1871 871 1903 et
903 1879 926 1903 a
953 1862 1204 1917 Carthagine
1234 1862 1276 1902 in
1309 1860 1543 1903 Sardiniam
1571 1878 1610 1908 16

183 1925 326 1966 classis
353 1925 481 1966 missa
506 1925 610 1966 duce
631 1925 918 1973 Hasdrubale,
946 1924 1011 1965 cui
1032 1923 1164 1965 Calvo
1190 1938 1418 1978 cognomen
1445 1930 1542 1971 erat,

182 1987 305 2028 foeda
330 1993 571 2041 tempestate
597 1994 744 2027 vexata
775 1987 827 2027 ad
851 1986 1036 2026 Balearis
1066 1985 1222 2026 insulas
1248 1985 1436 2033 deicitur,
1469 1984 1545 2024 ibi·
1572 2002 1610 2031 ῃ

183 2063 262 2101 que
281 2073 314 2077 —
334 2049 436 2089 adeo
461 2064 544 2089 non
569 2056 822 2089 armamenta
846 2048 981 2097 niodo,
1010 2054 1071 2088 set
1097 2048 1218 2087 etiam
1244 2047 1349 2087 alvei
1375 2046 1542 2086 navium

184 2110 368 2162 quassati
404 2117 517 2150 erant
541 2136 574 2140 —
600 2110 826 2150 subductae
863 2124 990 2150 naves
1028 2110 1126 2149 dum
1167 2109 1422 2156 reficiuntur,
1472 2107 1544 2148 ali-

184 2178 383 2225 quantum
408 2172 603 2226 temporis
629 2172 840 2212 triverunt.

269 2232 468 2273 XXXV.
541 2233 590 2272 In
626 2233 746 2273 Italia
782 2248 875 2273 cum
910 2239 1005 2287 post
1042 2231 1306 2273 Cannensem
1346 2246 1541 2286 pugnam,
1572 2244 1584 2273 1

184 2294 324 2335 fractis
360 2295 487 2348 partis
530 2294 695 2334 alterius
733 2294 913 2343 viribus,
963 2293 1129 2334 alterius
1171 2293 1338 2334 mollitis
1381 2292 1541 2342 animis,

186 2356 352 2411 segnius
390 2356 543 2397 bellum
580 2362 707 2405 esset,
748 2355 951 2410 Campani
986 2371 1058 2410 per
1095 2370 1138 2396 se
1169 2355 1300 2396 adorti
1332 2361 1426 2395 sunt
1456 2369 1542 2395 rem
1567 2368 1586 2397 2

186 2418 417 2460 Cumanam
444 2432 542 2458 suae
568 2418 738 2458 dicionis
765 2418 918 2467 facere,
950 2418 1082 2472 primo
1110 2417 1394 2466 sollicitantes,
1421 2423 1463 2457 ut
1490 2416 1542 2458 ab

184 2480 381 2521 Romanis
419 2479 656 2529 deficerent3
692 2479 764 2520 ubi
793 2479 835 2519 id
870 2495 1015 2534 parum
1050 2479 1270 2534 processit,
1313 2478 1452 2519 dolum
1489 2479 1542 2519 ad

185 2543 404 2596 capiendos
431 2557 500 2582 eos
527 2548 762 2596 conparant.
825 2541 1049 2596 Campanis
1082 2541 1272 2582 omnibus
1300 2547 1450 2582 statum
1477 2557 1541 2582 sa·
1566 2555 1584 2585 3

185 2604 381 2644 orificium
418 2604 471 2644 ad
495 2604 669 2645 Hamas.
731 2618 778 2644 eo
811 2611 999 2645 senatum
1032 2603 1291 2658 Campanum
1323 2610 1540 2643 venturum

184 2667 374 2708 certiores
402 2665 613 2708 Cumanos
639 2666 823 2707 fecerunt
847 2666 1150 2721 petieruntque,
1189 2673 1233 2707 ut
1264 2673 1303 2707 et
1329 2664 1539 2707 Cumanus
