1815 3184
338 247 420 288 500
650 251 801 285 LIBER
824 250 953 294 XXX,
979 251 1032 284 16.
1054 251 1106 284 17.
1134 251 1182 294 [a.
1195 262 1230 285 u.
1245 263 1274 285 c.
1288 251 1368 296 551]

336 370 495 398 mecum
529 353 708 394 indutias
745 353 885 401 facite,
921 353 1099 394 Romam
1135 353 1187 393 ad
1223 359 1409 393 senatum
1440 354 1585 396 mittite
1614 356 1672 397 le-

271 438 310 466 14
335 417 484 473 gatos.’
554 415 612 456 ita
652 414 810 455 dimissi
846 413 1211 469 Carthaginienses
1248 414 1380 456 nullas
1421 418 1670 459 recusandas

335 478 594 521 condiciones
630 476 742 532 pacis
781 491 874 516 cum
909 477 1183 526 censuissent,
1227 477 1376 532 quippe
1413 478 1481 530 qui
1515 494 1671 519 moram

334 540 529 597 temporis
555 545 814 592 quaererent,
841 539 938 578 dum
957 538 1169 579 Hannibal
1193 538 1235 579 in
1259 539 1446 579 Africam
1470 540 1671 590 traiceret,

269 621 307 650 15
332 606 490 659 legatos
528 601 628 642 alios
667 601 719 641 ad
751 599 1005 655 Scipionem,
1041 608 1087 640 ut
1120 600 1298 641 indutias
1334 601 1534 651 facerent,
1571 602 1672 643 alios

332 667 509 708 Romam
535 664 587 704 ad
610 677 755 718 pacem
778 663 998 717 petendam
1022 663 1205 712 mittunt,
1242 662 1427 704 ducentis
1452 677 1605 718 paucos
1630 664 1672 704 in

334 729 513 785 speciem
538 726 721 781 captivos
746 725 1025 780 perfugasque
1055 733 1096 766 et
1119 725 1334 780 fugitivos,
1372 740 1451 779 qua
1480 726 1672 781 impetra-

331 791 450 831 bilior
475 804 557 844 pax
582 795 705 829 esset,

290 869 303 895 1
414 851 562 892 XVII.
631 849 778 890 Multis
823 857 915 890 ante
952 849 1095 890 diebus
1133 849 1303 891 Laelius
1346 864 1439 890 cum
1481 849 1672 905 Syphace

331 913 659 969 primoribusque
684 911 955 953 Numidarum
991 911 1162 966 captivis
1193 912 1371 953 Romam
1402 912 1514 953 venit
1549 926 1673 965 quae—

332 991 411 1029 que
435 976 478 1016 in
501 975 647 1015 Africa
678 982 796 1029 gesta
826 981 966 1014 essent
995 974 1133 1015 omnia
1163 974 1305 1014 ordine
1335 974 1525 1028 exposuit
1547 974 1673 1028 patri-

330 1039 426 1087 bus,
463 1036 620 1092 ingenti
651 1035 863 1077 hominum
893 1043 933 1076 et
962 1035 1004 1076 in
1027 1050 1224 1090 praesens
1250 1035 1404 1076 laetitia
1434 1043 1473 1076 et
1496 1035 1538 1076 in
1563 1036 1673 1076 futu-

286 1114 303 1143 2
329 1115 421 1140 rum
448 1114 533 1153 spe.
571 1097 746 1138 consulti
770 1097 865 1138 inde
889 1105 1026 1152 patres
1051 1112 1192 1151 regem
1216 1097 1258 1137 in
1277 1098 1504 1138 custodiam
1517 1097 1671 1137 Albam

330 1161 575 1202 mittendum
613 1167 877 1207 censuerunt,
914 1159 1106 1199 Laelium
1141 1159 1417 1208 retinendum,
1456 1160 1585 1199 donec
1614 1159 1672 1199 le-

287 1237 304 1266 3
330 1223 415 1278 gati
434 1221 799 1276 Carthaginienses
825 1221 1022 1261 venirent.
1072 1221 1313 1275 supplicatio
1339 1221 1379 1260 in
1399 1221 1670 1273 quadriduum

330 1285 494 1326 decreta
519 1292 593 1324 est.
652 1284 702 1324 P.
728 1283 874 1323 Aelius
899 1290 1062 1337 praetor
1093 1290 1237 1323 senatu
1267 1282 1394 1323 misso
1419 1290 1459 1323 et
1483 1283 1671 1324 contione

286 1360 305 1387 4
329 1347 424 1387 inde
461 1346 660 1386 advocata
700 1359 793 1385 cum
831 1344 878 1386 C.
916 1345 1062 1386 Laelio
1100 1345 1143 1385 in
1182 1352 1315 1385 rostra
1352 1345 1546 1386 escendit.
1615 1346 1671 1386 ibi

330 1424 427 1449 vero
473 1408 684 1448 audientes
727 1407 843 1447 fusos
881 1406 1286 1461 Carthaginiensium
1328 1407 1554 1455 exercitus,
1602 1408 1672 1448 de-

330 1471 483 1511 victum
520 1478 559 1510 et.
594 1476 759 1523 captum
793 1469 971 1523 ingentis
1006 1468 1182 1509 nominis
1218 1483 1385 1522 regem,
1437 1469 1672 1510 Numidiam

285 1547 303 1575 5
330 1546 493 1572 omnem
529 1531 696 1585 egregia
731 1530 900 1570 victoria
934 1537 1212 1584 peragratam,
1262 1530 1430 1570 tacitum
1466 1530 1672 1572 continere

329 1593 526 1648 gaudium
556 1607 639 1633 non
667 1599 875 1646 poterant,
913 1591 1008 1644 quin
1040 1592 1286 1632 clamoribus
1318 1592 1547 1645 quibusque
1584 1593 1671 1634 aliis

286 1670 303 1699 6
329 1655 546 1695 multitudo
584 1653 687 1694 solet
723 1654 918 1694 laetitiam
954 1653 1200 1694 inmodicam
1239 1653 1527 1708 significarent.
1597 1655 1672 1695 ita-

329 1731 407 1769 que
442 1724 619 1772 praetor.
642 1715 848 1770 extemplo
886 1715 1036 1763 edixit,
1084 1716 1143 1755 uti
1181 1716 1332 1756 aeditui
1373 1717 1496 1757 aedes
1533 1731 1670 1758 sacras

328 1788 413 1821 tota
436 1780 537 1821 urbe
564 1778 780 1833 aperirent,
807 1778 1084 1819 circumeundi
1110 1779 1395 1832 salutandique
1421 1779 1519 1820 deos
1546 1795 1671 1835 agen-

328 1842 450 1894 dique
498 1850 634 1896 grates
683 1855 755 1895 per
802 1847 932 1881 totum
976 1841 1083 1881 diem
1123 1841 1276 1895 populo
1316 1847 1500 1895 potestas
1542 1841 1670 1882 fieret.

285 1917 301 1945 7
327 1911 492 1958 postero
535 1903 599 1943 die
641 1903 800 1957 legatos
836 1902 1087 1943 Masinissae
1127 1903 1170 1943 in
1213 1911 1399 1944 senatum
1433 1903 1668 1945 introduxit.

328 1965 519 2019 gratulati
549 1965 726 2020 primum
758 1965 916 2005 senatui
949 1973 1061 2014 sunt,
1099 1965 1209 2018 quod
1232 1965 1281 2006 P.
1310 1964 1449 2020 Scipio
1473 1980 1669 2020 prospere

283 2039 302 2069 8
326 2042 391 2068 res
428 2027 470 2067 in
501 2027 647 2067 Africa
682 2027 900 2082 gessisset3
949 2027 1096 2067 deinde
1132 2027 1284 2082 gratias
1323 2035 1511 2081 egerunt,
1560 2028 1671 2080 quod

326 2089 597 2129 Masinissam
631 2104 715 2129 non
751 2088 1000 2144 appellasset
1036 2089 1158 2130 modo
1194 2104 1353 2144 regem,
1397 2089 1469 2130 sed
1504 2089 1672 2130 fecisset

326 2151 579 2192 restituendo
604 2151 645 2191 in
669 2159 887 2206 paternum
911 2165 1102 2205 regnum,
1139 2151 1181 2191 in
1206 2165 1285 2204 quo
1315 2158 1410 2205 post
1435 2150 1670 2205 Syphacem

328 2213 553 2264 sublatum,
592 2213 626 2253 si
650 2213 706 2253 ita
729 2212 913 2268 patribus
940 2212 1075 2253 visum
1100 2220 1227 2262 esset,
1266 2212 1353 2253 sine
1383 2220 1495 2254 metu
1520 2220 1560 2253 et
1585 2227 1670 2253 cer-

283 2286 300 2316 9
327 2275 477 2316 tamine
503 2282 612 2316 esset
636 2282 900 2329 regnaturus,
939 2274 1033 2316 dein
1064 2275 1352 2315 conlaudatum
1382 2289 1456 2329 pro
1482 2274 1670 2316 contione

328 2337 589 2391 amplissimis
626 2337 863 2378 decorasset
898 2337 1145 2386 honoribus3
1194 2336 1342 2389 quibus
1383 2352 1434 2377 ne
1475 2336 1668 2391 indignus

327 2406 438 2439 esset.
470 2406 510 2439 et
547 2398 711 2439 dedisse
747 2413 915 2453 operam
943 2398 1213 2439 Masinissam
1249 2405 1289 2439 et
1323 2413 1445 2453 porro
1482 2398 1670 2439 daturum

266 2472 304 2499 10
328 2475 431 2501 esse.
490 2468 649 2514 petere,
686 2468 732 2501 ut
759 2460 919 2515 regium
948 2475 1100 2501 nomen
1123 2468 1337 2513 ceteraque
1365 2459 1568 2514 Scipionis
1599 2461 1670 2501 be-

264 2534 300 2563 11
327 2522 472 2562 neficia
502 2531 541 2562 et
571 2537 740 2563 munera
772 2530 937 2563 senatus
970 2523 1132 2563 decreto
1164 2522 1439 2570 confirmaret3
1488 2536 1553 2570 ac,
1589 2522 1669 2562 nisi

327 2583 546 2624 molestum
581 2591 715 2632 esset,
762 2584 863 2624 illud
905 2598 1065 2637 quoque
1105 2592 1244 2639 petere
1283 2583 1576 2632 Masinissam,
1623 2590 1668 2622 ut

327 2643 525 2684 Numidas
563 2645 766 2699 captivos,
809 2646 878 2698 qui
913 2646 1071 2686 Romae
1107 2645 1149 2685 in
1186 2645 1372 2686 custodia
1408 2651 1563 2693 essent,
1603 2657 1667 2683 re-

329 2703 550 2746 mitterent:
593 2706 634 2746 id
660 2706 737 2746 sibi
762 2707 942 2761 amplum
968 2707 1077 2761 apud
1106 2707 1324 2761 populares
1356 2706 1535 2746 futurum
1561 2718 1664 2745 esse.
