1815 3184
232 363 270 391 12

233 546 271 575 13

230 794 270 822 14

249 1164 266 1193 [Ο

250 2152 264 2180 7

252 2698 270 2727 9

302 237 382 278 170
615 243 770 278 LIBER
793 234 964 287 XX1111‚
990 243 1021 277 5.
1043 243 1074 278 6.
1103 246 1150 287 [a.
1166 244 1340 288 u.e.539]

297 353 518 394 ceraretur,
545 346 697 386 victum
723 345 841 386 malis
869 359 912 386 se
938 345 1135 386 simulans
1161 346 1307 386 avertit
1331 346 1383 387 ab
1409 349 1584 390 consciis
1608 349 1650 389 in

295 409 476 449 insontes
502 407 716 456 indicium,
744 406 1001 448 Thrasonem
1020 421 1112 448 esse
1137 414 1345 449 auctorem
1371 409 1518 449 consili·
1538 425 1652 451 men-

295 470 416 517 titus,
465 483 541 509 nec
582 468 662 509 nisi
704 475 788 508 tam
823 468 979 523 potenti
1015 469 1119 509 duce
1156 469 1332 510 confisos
1374 484 1461 510 rem
1497 476 1650 512 tantam

297 545 487 579 ausuros,
527 528 754 585 [appellat]
782 530 833 571 ab
865 530 991 571 latere
1016 531 1196 584 tyranni,
1234 545 1408 584 quorum
1434 531 1568 585 capita
1592 532 1652 572 vi-

293 592 451 633 lissima
465 593 637 647 fingenti
655 592 760 633 inter
773 592 934 633 dolores
949 593 1209 647 gemitusque
1223 607 1446 634 occurrere.
1473 594 1651 634 maxime

294 654 429 694 animo
454 654 615 709 tyranni
640 654 832 695 credibile
856 654 1053 695 indicium
1079 651 1240 696 Thraso
1269 655 1502 706 nominatus
1533 652 1651 696 fecit:

294 716 431 769 itaque
457 716 662 770 extemplo
688 716 860 757 traditur
884 717 937 757 ad
956 717 1222 771 supplicium,
1249 718 1478 771 adiectique
1497 732 1652 771 poenae

296 778 419 818 ceteri
442 778 557 818 iuxta
581 778 776 820 insontes.
837 779 1095 820 consciorum
1120 794 1261 829 nemo,
1299 794 1393 820 cum
1418 780 1488 820 diu
1514 780 1649 821 socius

293 840 437 880 consili
468 847 741 893 torqueretur,
780 848 850 881 aut
887 841 1006 882 latuit
1041 848 1112 882 aut
1141 841 1266 896 fugit:
1304 848 1463 882 tantum
1498 841 1578 882 illis
1609 842 1652 882 in

293 903 441 943 virtute
483 918 531 944 ac
571 903 652 944 fide
689 903 893 944 Theodoti
935 904 1108 945 fiduciae
1151 904 1251 954 fuit,
1299 910 1540 958 tantumque
1574 904 1654 959 ipsi

294 964 509 1005 Theodoto
534 964 682 1005 virium
707 965 759 1005 ad
785 979 933 1006 arcana
958 965 1214 1007 occultanda.

377 1025 453 1066 VI.
514 1026 596 1075 Ita,
635 1026 745 1079 quod
776 1042 904 1067 unum
934 1027 1145 1068 vinculum
1175 1041 1268 1068 cum
1293 1027 1492 1068 Romanis
1524 1028 1652 1068 socie-

294 1088 389 1128 tatis
427 1094 530 1137 erat,
580 1088 795 1129 Thrasone
832 1089 994 1130 sublato
1030 1104 1052 1130 e
1088 1089 1249 1138 medio,
1299 1089 1505 1143 extemplo
1540 1089 1651 1130 haud

296 1149 418 1190 dubie
444 1150 496 1190 ad
521 1150 793 1191 defectionem
818 1166 883 1192 res
910 1151 1140 1205 spectabat,
1178 1151 1383 1206 legatique
1414 1152 1465 1192 ad
1490 1151 1652 1192 Hanni-

294 1211 429 1252 balem
471 1212 587 1252 missi
629 1227 684 1253 acv
718 1213 880 1253 remissi
922 1213 973 1254 ab
1017 1228 1065 1254 eo
1108 1228 1201 1254 cum
1243 1212 1479 1253 Hannibale
1524 1212 1651 1253 nobili

293 1273 554 1314 adulescente
580 1274 856 1328 Hippocrates
883 1281 922 1315 et
946 1274 1155 1329 Epicydes
1181 1274 1265 1315 nati
1286 1274 1550 1329 Carthagine,
1578 1275 1650 1315 sed

293 1335 455 1375 oriundi
497 1335 548 1376 ab
594 1334 811 1389 Syracusis
854 1336 973 1377 exule
1017 1351 1119 1385 avo,
1174 1335 1305 1377 Poeni
1347 1336 1427 1390 ipsi
1468 1343 1652 1378 materno

295 1411 456 1452 genere.
505 1412 578 1451 per
602 1397 677 1438 hos
702 1398 841 1438 iuncta
866 1398 1040 1438 societas
1066 1397 1293 1438 Hannibali
1319 1412 1366 1438 ac
1389 1396 1651 1452 Syracusano

294 1466 485 1512 tyranno,
521 1473 598 1499 nec
622 1458 749 1499 invito
774 1458 1010 1499 Hannibale
1035 1465 1134 1512 aput
1158 1466 1375 1512 tyrannum
1401 1466 1650 1499 manserunt.

295 1520 458 1574 Appius
481 1519 680 1560 Claudius
706 1528 885 1574 praetor,
913 1520 1028 1560 cuius
1051 1520 1193 1560 Sicilia
1216 1519 1427 1574 provincia
1452 1526 1554 1569 erat,
1582 1519 1653 1560 ubi

294 1597 342 1622 ea
366 1582 540 1636 accepit,
568 1582 772 1635 extemplo
797 1582 954 1636 legatos
982 1582 1034 1621 ad
1058 1581 1361 1636 Hieronymum
1387 1581 1509 1622 misit.
1581 1582 1651 1635 qui

293 1658 384 1684 cum
413 1657 502 1684 sese
528 1643 580 1683 ad
604 1643 881 1683 renovandam
908 1643 1144 1684 societatem
1170 1657 1274 1696 quae
1294 1658 1388 1683 cum
1408 1657 1485 1684 avo
1505 1643 1653 1684 fuisset

292 1705 455 1745 venisse
481 1705 679 1753 dicerent,
717 1719 790 1758 per
814 1705 1036 1745 ludibrium
1062 1705 1191 1746 auditi
1215 1705 1455 1758 dimissique
1481 1712 1576 1745 sunt
1600 1704 1652 1745 ab

292 1773 511 1820 quaerente
536 1781 610 1821 per
634 1767 770 1807 iocum
785 1767 1056 1822 Hieronymo,
1084 1782 1190 1821 quae
1215 1767 1380 1808 fortuna
1405 1767 1462 1807 eis
1487 1780 1653 1821 pugnae

292 1829 344 1869 ad
371 1827 536 1869 Cannas
562 1828 729 1869 fuisset:
756 1829 825 1869 vix
851 1829 1062 1870 credibilia
1087 1830 1194 1870 enim
1218 1829 1378 1883 legatos
1403 1828 1652 1869 Hannibalis

292 1904 476 1939 narrare3
519 1890 624 1930 velle
651 1891 752 1943 quid
777 1891 862 1931 veri
888 1891 939 1931 sit
965 1891 1086 1940 scire,
1126 1897 1169 1931 ut
1193 1905 1244 1931 ex
1270 1905 1336 1939 eo,
1375 1896 1508 1930 utram
1534 1904 1650 1943 spem

294 1960 504 2005 sequatur,
532 1953 749 1993 consilium
775 1953 920 2007 capiat.
957 1953 1147 2002 Romani,
1175 1967 1268 1994 cum
1295 1952 1399 1993 serio
1423 1951 1650 2006 legationes

292 2015 432 2055 audire
458 2015 680 2069 coepisset,
717 2015 919 2056 redituros
947 2030 989 2056 se
1015 2015 1067 2056 ad
1093 2029 1186 2056 eum
1212 2015 1392 2054 dicentes
1419 2027 1528 2061 esse,
1564 2027 1653 2053 mo-

292 2077 376 2117 nito
414 2077 547 2132 magis
585 2091 633 2118 eo
671 2091 796 2129 quam
831 2083 994 2132 rogato,
1033 2091 1084 2117 ne
1120 2076 1244 2117 fidem
1275 2082 1426 2116 temere
1462 2081 1650 2123 mutaret,
1684 2073 1694 2082 ’

291 2138 617 2192 proficiscuntur.
679 2138 962 2193 Hieronymus
1006 2139 1165 2193 legatos
1204 2136 1500 2192 Carthaginem
1541 2135 1651 2176 misit

292 2200 344 2240 ad
368 2200 514 2241 foedus
541 2215 593 2241 ex
623 2201 817 2241 socictate
843 2216 936 2241 cum
962 2200 1197 2241 Hannibale
1223 2200 1471 2240 faciendum.
1531 2203 1652 2252 paeto

293 2263 500 2311 convenit,
528 2269 590 2311 ut,
618 2277 712 2303 cum
725 2262 937 2304 Romanos
955 2261 1097 2303 Sicilia
1122 2261 1378 2316 expulissent
1395 2285 1429 2288 —
1447 2260 1489 2300 id
1514 2265 1650 2300 autem

293 2323 406 2364 brevi
431 2324 536 2372 fore,
565 2324 598 2365 si
623 2339 749 2365 naves
776 2331 898 2377 atque
924 2324 1148 2365 exercitum
1174 2323 1383 2364 misissent
1400 2346 1452 2371 —,
1478 2321 1652 2361 Himera

293 2386 442 2434 amnis,
470 2386 540 2439 qui
565 2386 694 2426 ferme
713 2386 857 2426 dividit
879 2384 1125 2441 [Siciliam]‚
1151 2385 1243 2425 finis
1262 2384 1379 2438 regni
1401 2382 1651 2438 Syracusani

294 2461 341 2487 ac
370 2447 518 2488 Punici
553 2448 714 2502 imperii
749 2454 870 2488 esset.
931 2447 1052 2488 aliam
1083 2447 1230 2487 deinde
1260 2446 1425 2487 inflatus
1463 2444 1652 2485 adsenta-

294 2508 472 2550 tionibus
498 2523 638 2550 eorum
647 2540 657 2558 ,
685 2509 755 2562 qui
780 2524 874 2550 eum
898 2524 979 2549 non
993 2508 1188 2549 Hieronis
1214 2514 1390 2556 tantum,
1424 2513 1484 2547 set
1501 2505 1651 2560 Pyrrhi

294 2570 416 2610 etiam
446 2571 556 2625 regis
587 2571 760 2611 materni
791 2571 857 2612 avi
886 2570 1083 2612 iubebant
1112 2569 1368 2618 meminisse,
1404 2567 1649 2622 legationem

296 2631 422 2680 misit,
460 2646 541 2684 qua
565 2646 710 2673 aecum
735 2631 929 2673 censebat
956 2631 1098 2673 Sicilia
1123 2631 1202 2672 sibi
1227 2631 1337 2672 omni
1362 2630 1470 2678 cedi,
1505 2627 1649 2680 Italiae

296 2686 512 2740 imperium
541 2688 751 2742 proprium
782 2688 923 2741 quaeri
956 2687 1289 2742 Carthaginiensi
1318 2685 1484 2741 populo.
1544 2683 1649 2722 hane
