1815 3184
495 241 645 276 LIBER
669 240 838 285 XXIIII,
863 240 918 276 40.
939 240 994 275 41.
1023 242 1071 283 [a.
1086 239 1125 274 C.
1140 239 1221 283 214]
1447 231 1529 272 205

169 346 321 387 tuenda
346 345 525 393 moenia,
559 345 593 385 si
619 344 782 397 quando
809 343 951 385 similis
977 342 1143 384 fortuna
1167 343 1364 392 venisset,
1397 342 1529 397 Apol-

168 407 322 448 loniam
347 408 567 455 devexere,
594 413 729 447 cetera
753 406 885 447 omnis
911 403 1064 460 praeda
1089 412 1314 446 castrorum
1329 405 1528 446 Romanis

169 483 367 510 concessa
391 475 466 510 est.

252 531 372 571 Haec
398 545 491 570 cum
518 529 689 572 Oricum
717 537 856 572 essent
879 530 1081 579 nuntiata,
1118 529 1180 570 M.
1206 529 1398 571 Valerius
1424 529 1529 570 clas-

169 607 256 634 sem
289 593 493 647 extemplo
525 593 578 633 ad
608 593 759 633 ostium
789 592 969 633 fluminis
1002 591 1137 640 duxit,
1175 606 1225 631 ne
1257 591 1430 632 navibus
1464 606 1530 631 ca-

167 668 332 709 pessere
358 654 502 708 fugam
532 669 604 694 rex
634 661 788 708 posset.
848 654 986 706 itaque
1010 653 1249 707 Philippus,
1287 667 1419 705 neque
1451 659 1529 692 ter-

166 716 285 756 restri
316 730 448 768 neque
478 715 615 756 navali
646 715 857 756 certamini
889 715 987 755 satis
1018 714 1106 755 fore
1137 729 1277 768 parem
1310 729 1352 755 se
1384 714 1527 762 fidens,

168 777 381 818 subductis
418 777 593 818 navibus
638 783 708 817 aut
742 777 920 817 incensis
958 785 1064 817 terra
1099 777 1389 817 Macedoniam
1431 776 1529 830 petit

167 853 318 893 magna
354 853 404 879 ex
439 845 554 893 parte
590 839 736 879 inermi
778 839 960 878 exercitu
1001 838 1269 893 spoliatoque.
1340 838 1530 879 Romana

166 900 310 941 classis
337 915 430 940 cum
455 900 515 940 M.
543 899 710 940 Valerio
738 899 853 941 Orici
878 900 1120 940 hibernavit.

249 962 478 1002 XXXXI.
527 961 689 1002 Eodem
715 976 822 1002 anno
847 962 889 1001 in
915 961 1123 1014 Hispania
1147 961 1257 1001 varie
1283 976 1346 1002 res
1372 968 1526 1015 gestae.

165 1038 260 1063 nam
284 1023 524 1077 priusquam
555 1023 731 1063 Romani
761 1037 923 1062 amnem
956 1023 1163 1062 Hiberum
1195 1023 1431 1071 transirent,
1468 1024 1530 1063 in-

164 1091 307 1138 gentes
334 1085 472 1138 copias
498 1084 783 1137 Hispanorum
814 1083 944 1137 Mago
979 1090 1017 1123 et
1047 1083 1289 1123 Hasdrubal
1320 1083 1526 1123 fuderunt.

164 1144 465 1197 defecissetque
497 1144 548 1185 ab
579 1145 780 1185 Romanis
814 1144 983 1184 ulterior
1013 1144 1237 1198 Hispania,
1276 1144 1317 1183 ni
1346 1144 1394 1184 P.
1426 1144 1529 1185 Cor-

163 1205 295 1246 nelius
321 1206 470 1260 raptim
495 1206 682 1246 traducto
715 1206 895 1247 exercitu
920 1206 1127 1246 Hiberum
1153 1205 1288 1246 dubiis
1322 1206 1527 1246 sociorum

163 1267 310 1308 animis
336 1267 378 1307 in
403 1273 585 1322 tempore
611 1268 858 1309 advenisset.
914 1268 1045 1322 primo
1072 1268 1123 1308 ad
1151 1266 1345 1308 Castrum
1369 1267 1527 1309 Album

162 1353 196 1357 —
218 1328 333 1369 locus
360 1336 422 1369 est
446 1329 619 1384 insignis
646 1330 771 1370 caede
797 1330 937 1384 magni
956 1329 1208 1370 Hamilcaris
1233 1353 1267 1358 —
1292 1336 1426 1370 castra
1444 1329 1529 1370 Ro-

163 1390 273 1430 mani
297 1389 490 1431 habuere.
551 1406 625 1431 arx
655 1398 741 1432 erat
772 1392 930 1432 munita
961 1399 1000 1432 et
1025 1398 1301 1432 convexerant
1325 1397 1418 1431 ante
1444 1391 1528 1431 fru-

163 1459 365 1501 mentum3
414 1459 568 1501 tamen,
606 1453 703 1506 quia
739 1454 876 1494 omnia
913 1454 1020 1494 circa
1049 1453 1231 1494 hostium
1262 1440 1383 1508 plena
1414 1461 1528 1494 erant

164 1528 394 1568 agmenque
435 1514 670 1555 Romanum
718 1515 870 1570 inpune
918 1516 1170 1556 incursatum
1220 1515 1271 1556 ab
1321 1516 1526 1569 equitibus

164 1576 343 1616 hostium
368 1575 501 1616 suerat
527 1582 566 1616 et
591 1576 643 1616 ad
667 1576 748 1617 duo
774 1577 886 1618 milia
917 1584 987 1618 aut
1010 1585 1260 1618 moratorum
1285 1585 1355 1617 aut
1385 1578 1526 1631 palan-

164 1638 266 1678 tium
302 1653 374 1692 per
410 1652 532 1693 agros
562 1638 795 1687 interfecta,
834 1654 995 1679 cessere
1025 1639 1119 1679 inde
1151 1639 1328 1679 Romani
1358 1639 1526 1693 propius

164 1707 308 1753 pacata
332 1700 422 1740 loca
453 1707 491 1739 et
516 1700 568 1740 ad
598 1707 782 1740 montem
808 1700 1016 1740 Victoriae
1043 1706 1177 1740 castra
1208 1700 1524 1740 communivere.

164 1775 211 1801 eo
233 1760 309 1802 Cn.
334 1760 473 1816 Scipio
499 1776 593 1802 cum
618 1761 810 1802 omnibus
837 1762 965 1816 copiis
992 1768 1031 1802 et
1055 1761 1297 1802 Hasdrubal
1324 1760 1522 1815 Gisgonis

163 1823 288 1872 filius,
327 1823 468 1864 tertius
503 1822 908 1878 Carthaginiensium
939 1823 1040 1872 dux,
1079 1837 1173 1863 cum
1204 1823 1386 1863 exercitu
1415 1823 1525 1864 iusto

162 1885 343 1932 advenit,
385 1892 605 1938 contraque
636 1891 770 1925 castra
801 1885 991 1925 Romana
1026 1891 1136 1925 trans
1173 1884 1343 1925 fluvium
1382 1899 1524 1925 omnes

162 1946 395 1987 consedere.
455 1946 503 1986 P.
534 1945 675 2001 Scipio
713 1961 807 1986 cum
845 1946 1046 1999 expeditis
1085 1946 1189 1986 clam
1225 1946 1434 2000 profectus
1473 1947 1525 1986 ad

160 2009 252 2049 loca
288 2009 394 2049 circa
430 2009 600 2050 visenda
630 2009 731 2049 haut
761 2009 907 2049 fefellit
943 2009 1102 2058 hostes,
1141 2009 1524 2063 oppressissentque

163 2085 256 2110 eum
280 2070 322 2109 in
346 2070 580 2124 patentibus
607 2070 781 2124 campis,
819 2070 862 2110 ni
894 2070 1096 2110 tumulum
1127 2071 1170 2110 in
1198 2071 1428 2124 propinquo
1460 2085 1525 2110 ce-

162 2132 302 2186 pisset.
346 2131 402 2172 ibi
427 2146 592 2185 quoque
619 2133 917 2173 circumsessus
944 2133 1124 2173 adventu
1149 2132 1284 2173 fratris
1312 2131 1524 2172 obsidione

163 2194 365 2234 eximitur.
406 2193 577 2235 Castulo
602 2194 700 2235 urbs
715 2194 944 2249 Hispaniae
967 2195 1103 2242 valida
1128 2209 1175 2235 ac
1194 2194 1341 2235 nobilis
1363 2200 1402 2235 et
1420 2194 1522 2234 adeo

163 2256 380 2296 coniuncta
405 2255 598 2296 societate
623 2256 796 2306 Poenis,
834 2264 879 2296 ut
903 2272 1006 2297 uxor
1030 2257 1124 2296 inde
1149 2255 1377 2296 Hannibali
1402 2263 1522 2305 esset,

163 2319 215 2358 ad
234 2318 443 2359 Romanos
470 2318 631 2359 defecit.
671 2318 1034 2373 Carthaginienses
1054 2319 1259 2373 Iliturgim
1285 2333 1523 2372 oppugnare

163 2380 310 2429 adorti,
337 2381 433 2434 quia
456 2380 706 2435 praesidium
731 2380 788 2421 ibi
806 2381 1041 2421 Romanum
1066 2388 1169 2430 erat,
1195 2380 1522 2433 videbanturque

162 2442 300 2496 inopia
330 2442 507 2482 maxime
538 2457 633 2482 eum
663 2442 800 2483 locum
825 2442 1111 2499 expugnaturi.
1175 2441 1252 2483 Cn.
1282 2441 1440 2495 Scipio,
1477 2450 1523 2482 ut

163 2504 283 2544 sociis
309 2504 594 2558 praesidioque
613 2504 738 2545 ferret
757 2519 895 2558 opem,
923 2519 1017 2545 cum
1035 2505 1196 2558 legione
1217 2505 1407 2559 expedita
1430 2519 1523 2558 pro-

161 2565 293 2606 fectus
319 2566 424 2606 inter
448 2566 543 2607 bina
568 2573 702 2607 castra
728 2581 821 2606 cum
846 2581 999 2620 magna
1023 2567 1147 2607 caede
1172 2566 1353 2607 hostium
1378 2567 1522 2608 urbem

161 2633 223 2668 est
246 2627 457 2682 ingressus
483 2634 523 2668 et
546 2635 710 2682 postero
736 2628 800 2668 die
826 2628 1038 2682 eruptione
1063 2642 1192 2682 aeque
1222 2628 1333 2669 felici
1362 2643 1522 2683 pugna-

160 2689 229 2729 vit.
280 2704 403 2743 supra
422 2690 638 2730 duodecim
658 2690 770 2731 milia
787 2689 998 2730 hominum
1019 2704 1140 2731 caesa
1159 2689 1320 2732 duobus
1340 2690 1518 2744 proeliis,

1556 543 1595 573 16

1556 668 1594 696 17

1557 981 1571 1008 1

1554 1163 1571 1191 2

1553 1287 1571 1315 3

1553 1410 1573 1439 4

1548 2703 1588 2733 10
