1815 3184
427 238 581 273 LIBER
604 238 770 283 XXVII,
795 237 849 272 35.
868 238 921 272 36.
949 240 997 281 [a.
1014 237 1148 280 (1208]
1383 228 1466 270 365

113 350 154 384 et
183 343 233 383 T.
259 342 443 383 Manlius
481 349 593 382 trans
624 356 737 382 mare
767 340 929 395 legatus
965 340 1060 389 iret,
1098 339 1331 394 viseretque
1362 354 1467 393 quae
1493 353 1525 381 3-

112 405 170 444 ibi
195 412 452 459 gererentur:
486 404 607 444 simul
633 403 745 456 quod
760 402 983 457 Olympiae
1008 402 1211 443 ludicrum
1237 417 1286 444 ea
1311 410 1467 444 aestate

113 466 297 506 futurum
334 472 437 514 erat,
476 465 587 518 quod
622 465 803 505 maximo
840 472 959 505 coetu
997 464 1289 514 celebraretur,
1332 471 1394 513 ut,
1434 462 1469 503 81

113 534 201 568 tuto
226 543 299 582 per
324 527 487 567 hostem
510 534 671 581 posset,
700 526 828 566 adiret
853 526 895 566 id
920 526 1156 574 concilium,
1183 534 1229 566 ut
1249 526 1318 579 qui
1340 524 1469 566 Siculi
1495 540 1513 567 4

113 584 222 625 bello
254 583 311 623 ibi
340 583 506 638 profugi
543 590 612 623 aut
637 582 851 622 Tarentini
881 582 991 622 cives
1023 582 1197 636 relegati
1229 583 1279 623 ab
1305 582 1470 622 Hanni—

113 645 206 685 bale
251 652 414 693 essent,
476 645 620 685 domos
668 644 849 685 redirent.
897 644 1154 696 scirentque,
1210 659 1285 684 sua
1332 643 1470 685 omnia

113 707 162 746 118
179 738 188 754 ‚
237 720 341 759 quae
390 714 483 747 ante
531 705 686 746 bellum
733 699 1003 753 habuissent,
1051 705 1223 746 reddere
1270 705 1470 760 populum

114 768 363 809 Romanum.

200 829 311 882 Quia
346 829 720 885 periculosissimus
758 845 889 870 annus
920 828 1120 869 inminere
1151 829 1368 869 videbatur
1398 843 1469 868 ne·
1496 843 1514 871 5

115 906 194 945 quc
220 893 410 933 consules
436 892 478 932 in
503 907 546 932 re
571 892 738 946 publica
763 898 896 939 erant,
933 891 975 930 in
1006 891 1196 931 consules
1229 891 1469 945 designatos

115 969 258 995 omnes
285 954 411 1002 versi,
439 969 562 1006 quam
587 954 766 1008 primum
792 968 862 993 eos
885 953 1020 993 sortiri
1038 953 1271 1006 provincias
1292 961 1330 993 et
1351 968 1470 1007 prae-

116 1015 310 1063 sciscere,
338 1029 461 1068 quam
486 1015 660 1067 quisque
687 1029 828 1054 eorum
853 1014 1126 1067 provinciam,
1159 1028 1281 1066 quem
1307 1014 1469 1054 hostem

114 1077 301 1125 haberet,
329 1077 535 1116 volebant.
574 1076 623 1116 de
648 1075 980 1116 reconciliatione
1007 1074 1130 1114 etiam
1151 1075 1307 1128 gratiae
1329 1089 1470 1115 eorum
1497 1090 1514 1118 6

112 1138 155 1178 in
180 1144 326 1177 senatu
351 1145 489 1177 actum
514 1144 577 1177 est
608 1136 809 1191 principio
841 1137 950 1176 facto
982 1152 1006 1176 a
1031 1136 1083 1187 Q
1109 1136 1242 1177 Fabio
1266 1136 1469 1176 Maximo.

112 1199 350 1240 inimicitiae
388 1208 526 1240 autem
563 1200 723 1240 nobiles
760 1199 866 1239 inter
905 1213 975 1239 eos
1015 1205 1131 1238 erant
1167 1205 1208 1238 et
1239 1198 1469 1238 acerbiores
1498 1213 1513 1240 7

113 1277 182 1302 eas
219 1261 556 1316 indignioresque
592 1261 717 1302 Livio
761 1276 836 1301 sua
878 1260 1090 1300 calamitas
1134 1260 1312 1308 fecerat,
1362 1260 1472 1312 quod

114 1331 299 1379 spretum
331 1339 374 1364 se
404 1324 446 1364 in
476 1339 525 1365 ea
555 1324 720 1365 fortuna
751 1324 958 1365 credebat.
1019 1323 1157 1375 itaque
1189 1323 1223 1363 is
1250 1323 1383 1377 magis
1410 1323 1472 1362 in-
1497 1336 1516 1365 8

112 1386 327 1441 placabilis
365 1393 453 1426 erat
484 1394 524 1426 et
558 1386 661 1426 nihil
691 1401 794 1441 opus
827 1400 920 1426 esse
950 1385 1284 1426 reconciliatione
1317 1385 1471 1425 aiebat:

115 1448 248 1488 acrius
275 1455 315 1488 et
338 1448 535 1488 intentius
562 1448 701 1489 omnia-
725 1455 918 1503 gesturos
945 1447 1149 1496 timentis,
1181 1447 1472 1488 nc‘crescendi

115 1526 167 1551 ex
193 1525 236 1551 se
262 1509 426 1551 inimico
453 1510 650 1565 conlegae
676 1518 861 1565 potestas
888 1510 1016 1550 fieret.
1056 1509 1154 1550 vicit
1173 1517 1311 1550 tamen
1331 1518 1472 1550 aucto-
1498 1521 1515 1550 9

113 1572 213 1612 ritas
253 1579 444 1620 senatus,
492 1579 537 1611 ut.
576 1572 724 1626 positis
769 1572 1046 1612 simultatibus
1090 1572 1299 1612 communi
1336 1572 1472 1612 animo

116 1633 369 1686 consilioque
397 1632 730 1674 administrarent
760 1648 847 1673 rem
878 1633 1100 1688 publicam.
1160 1633 1396 1687 provinciae
1421 1632 1471 1673 iis
1500 1645 1540 1674 10

115 1710 198 1735 non
223 1694 450 1749 permixtae
475 1695 734 1749 regionibus,
774 1695 880 1735 sicut
910 1694 1189 1749 superioribus
1223 1694 1360 1742 annis,
1400 1694 1474 1734 sed

117 1757 304 1797 diversae
331 1756 525 1797 extremis
551 1756 696 1797 Italiae
726 1756 898 1805 finibus,
938 1756 1054 1796 alteri
1085 1756 1285 1796 adversus
1311 1756 1474 1796 Hanni-

116 1818 253 1858 balem
288 1818 443 1867 Brutti,
488 1817 670 1867 Lucani,
719 1818 837 1858 alteri
875 1817 1013 1858 Gallia
1050 1818 1249 1858 adversus
1281 1817 1474 1858 Hasdru-

115 1880 272 1929 balem,
304 1894 427 1933 quem
451 1880 534 1920 iam
558 1880 739 1934 Alpibus
767 1879 1097 1934 adpropinquare
1123 1879 1236 1920 fama
1260 1886 1365 1929 erat,
1404 1880 1475 1920 de-

118 1950 241 1983 creta.
314 1942 540 1983 exercitum
577 1957 598 1982 e
635 1942 822 1990 (1110111118,
873 1941 944 1994 qui
983 1941 1025 1981 in
1064 1940 1202 1982 Gallia
1243 1941 1394 1994 quique
1430 1941 1472 1981 in
1502 1954 1539 1982 11

116 2003 286 2044 Etruria
310 2011 439 2053 esset,
479 2004 618 2044 addito
643 2005 820 2052 urbano,
859 2004 1029 2058 eligeret
1061 2018 1184 2056 quem
1207 2003 1366 2052 mallet,
1405 2004 1475 2056 qui

120 2064 300 2106 Galliam
337 2073 448 2106 esset
485 2066 666 2106 sortitus.
728 2065 794 2106 cui
827 2065 966 2106 Brutti
1002 2065 1216 2119 provincia
1252 2066 1472 2114 evenisset,
1502 2076 1540 2106 12

118 2127 236 2167 novis
262 2126 495 2181 legionibus
520 2127 688 2168 urbanis
716 2126 877 2181 scriptis
893 2158 904 2176 ,
935 2127 1066 2167 utrius
1092 2127 1234 2167 mallet
1259 2127 1476 2167 consulum

118 2188 265 2244 prioris
293 2189 387 2229 anni
413 2190 638 2230 exercitum
665 2196 862 2238 sumeret,
898 2189 1087 2229 relictum
1112 2204 1136 2229 a
1160 2188 1328 2229 consule
1359 2203 1476 2229 exer-
1502 2199 1542 2228 13

119 2251 245 2291 citum
266 2250 318 2302 Ω.
333 2252 507 2292 Fulvius
533 2252 756 2307 proconsul
781 2251 986 2306 acciperet
1010 2251 1129 2304 eique
1155 2251 1197 2290 in
1223 2265 1375 2291 annum
1399 2251 1476 2290 im-

119 2312 278 2367 perium
304 2321 427 2354 esset.
488 2321 527 2354 et
554 2312 604 2354 C.
630 2314 832 2362 Hostilio,
865 2313 930 2354 cui
955 2328 1029 2368 pro
1055 2312 1224 2353 Etruria
1248 2312 1476 2352 Tarentum
1503 2326 1542 2354 14

118 2382 380 2415 mutaverant
403 2375 670 2429 provinciam,
696 2391 770 2430 pro
785 2375 967 2416 Tarento
985 2374 1175 2429 Capuam
1198 2381 1473 2414 mutaverunt.

118 2436 228 2491 legio
253 2451 336 2476 una
361 2436 458 2477 data
483 2444 563 2485 est,
591 2437 656 2477 cui
680 2437 852 2478 Fulvius
878 2436 1066 2492 proximo
1093 2451 1200 2476 anno
1225 2436 1474 2490 praefuerat.

204 2497 428 2540 XXXVI.
488 2498 556 2539 De
581 2499 860 2539 Hasdrubalis
893 2499 1074 2540 adventu
1105 2498 1147 2538 in
1177 2498 1342 2538 Italiam
1379 2512 1477 2538 cura
1505 2513 1517 2540 1

119 2559 161 2599 in
187 2559 274 2600 dies
301 2560 525 2600 crescebat.
585 2560 918 2601 RIassiliensium
947 2560 1126 2615 primum
1156 2559 1284 2615 legati
1313 2559 1477 2600 nuntia-

120 2628 268 2661 verunt
299 2636 393 2661 eum
417 2621 459 2662 in
486 2620 666 2663 Galliam
690 2629 997 2677 transgressum
1029 2629 1270 2674 erectosque
1297 2621 1476 2661 adventu
1504 2632 1522 2661 2

121 2682 227 2731 eius,
273 2683 369 2736 quia
403 2699 602 2739 magnum
636 2684 799 2739 pondus
838 2684 925 2725 auri
962 2684 1149 2725 attulisse
1187 2683 1389 2725 diceretur
1425 2683 1477 2723 ad
