1815 3184
535 210 687 244 LIBER
711 210 859 254 xxvi,
887 209 941 244 13.
971 208 1170 253 [110211]
1236 196 1243 203 “
1453 199 1535 240 279

186 316 293 357 5111111
319 321 506 356 senatum
531 328 696 362 vocare3
723 320 760 353 et
786 311 1050 367 primoribus,
1077 312 1148 365 qui
1171 312 1254 352 iam
1273 311 1343 352 diu
1361 311 1537 366 publicis

187 378 366 419 consiliis
397 376 585 425 aberant,
622 375 832 430 propalam
864 373 1141 423 minabantur,
1179 374 1258 414 nisi
1290 374 1472 415 venirent
1495 375 1538 414 in

187 446 392 488 senatum,
436 439 542 479 circa
578 438 721 478 domos
758 451 897 478 eorum
933 437 1060 477 ituros
1099 451 1142 476 se
1178 443 1217 476 et
1252 436 1294 476 in
1327 436 1538 491 publicum

187 502 318 542 omnis
344 501 385 541 vi
409 506 660 540 extracturos
693 513 795 540 esse.
855 499 889 538 is
916 498 1036 538 timor
1064 498 1321 551 frequentem
1353 507 1540 539 senatum

187 563 443 617 magistratui
466 562 664 616 praebuit.
724 560 782 601 ibi
807 575 900 600 eum
926 560 1048 600 ceteri
1073 561 1123 600 de
1153 560 1299 614 legatis
1331 562 1538 602 mittendis

188 625 239 665 ad
264 625 527 678 imperatores
552 623 763 664 Romanos
789 629 974 676 agerent,
1002 621 1149 663 Vibius
1170 622 1348 672 Virrius,
1376 624 1445 676 qui
1471 624 1541 663 de-

188 687 375 727 fectionis
407 694 547 727 auctor
577 686 628 727 ab
659 685 858 726 Romanis
890 685 1039 733 fuerat,
1077 685 1350 739 interrogatus
1377 692 1539 726 senten-

188 749 286 788 tiam
316 756 439 803 negat
469 763 558 797 eos,
596 748 666 800 qui
702 748 751 788 de
788 747 933 801 legatis
966 753 1005 786 ct
1035 746 1085 787 de
1120 762 1221 800 pace
1252 762 1299 788 ac
1335 748 1540 809 deditione

189 811 424 864 loquantur,
462 810 716 858 meminisse,
760 823 836 849 nec
873 808 972 860 quid
1003 808 1150 848 facturi
1186 808 1354 858 fuerint,
1393 810 1427 850 si
1456 810 1541 851 Ro-

189 888 331 914 manos
356 873 398 912 in
421 878 623 926 potestate
648 871 905 918 habuissent,
944 884 1019 910 1100
1050 870 1148 922 quid
1179 870 1278 924 ipsis
1304 871 1541 924 patiendum

190 935 252 975 sit.
304 934 420 987 ‘quid
444 933 535 974 vos'
560 933 692 986 inquit
718 936 825 972 ‘eam
851 931 1100 972 deditionem
1125 931 1212 972 fore
1234 933 1427 982 censetis,
1460 948 1541 986 qua

189 995 412 1048 quondam,
450 1001 494 1034 ut
526 994 722 1034 adversus
751 991 957 1033 Samnites
989 992 1185 1032 auxilium
1215 993 1540 1047 impetraremus,

188 1072 263 1097 nos
289 1062 508 1108 nostraque
534 1055 669 1095 omnia
683 1054 880 1095 Romanis
906 1054 1163 1093 dedidimus?
1198 1054 1279 1093 iam
1306 1069 1326 1094 0
1346 1056 1541 1096 memoria

189 1118 381 1165 excessit,
408 1131 489 1169 quo
515 1124 696 1170 tempore
722 1123 761 1156 et
785 1116 825 1155 in
852 1129 933 1167 qua
957 1115 1121 1155 fortuna
1140 1130 1163 1154 a
1181 1115 1333 1168 populo
1352 1115 1542 1158 Romano

188 1178 486 1219 defecerimus?
531 1178 631 1226 iam,
670 1191 792 1230 quem
823 1177 876 1216 ad
907 1176 1074 1216 modum
1105 1176 1147 1216 in
1172 1177 1400 1218 desectione
1426 1193 1543 1232 prac-

189 1241 356 1288 sidium,
393 1240 505 1293 quod
527 1246 685 1293 poterat
711 1238 856 1287 emitti,
893 1253 966 1292 per
997 1237 1223 1278 cruciatum
1253 1246 1293 1279 et
1323 1239 1375 1279 ad
1401 1248 1543 1280 contu-

187 1302 351 1342 meliam
381 1300 636 1342 necarimus?
685 1300 871 1353 quotiens
902 1300 943 1339 in
975 1299 1200 1340 obsidentis
1233 1314 1355 1353 quam
1381 1301 1543 1343 inimice

188 1364 460 1418 eruperimus,
499 1370 632 1403 castra
667 1362 1010 1416 oppugnarimus,
1053 1361 1334 1402 Hannibalem
1370 1378 1544 1405 vocave-

188 1426 314 1465 rimus
352 1425 403 1465 ad
440 1424 729 1478 opprimendos
773 1424 868 1464 eos?
920 1423 1015 1473 hoc,
1065 1424 1176 1477 quod
1217 1425 1544 1466 recentissimum

190 1494 268 1536 cst,
302 1487 354 1528 ad
379 1487 698 1541 oppugnandam
723 1486 899 1527 Romam
924 1486 1019 1526 111110
1041 1501 1138 1527 011111
1162 1487 1421 1529 miserimus?
1467 1504 1544 1544 age

191 1556 342 1597 contra,
369 1563 474 1601 quae
498 1549 557 1588 illi
581 1548 728 1589 infeste
752 1549 794 1588 in
818 1563 893 1588 nos
919 1548 1108 1597 fecerint,
1135 1549 1322 1602 repetite,
1350 1557 1395 1590 ut
1420 1565 1471 1590 ex
1496 1565 1544 1591 eo

191 1612 290 1664 quid
309 1611 478 1665 speretis
498 1610 696 1651 habeatis.
734 1624 828 1650 cum
840 1610 970 1650 hostis
986 1611 1215 1665 alienigena
1227 1611 1269 1650 in
1288 1611 1407 1651 Italia
1421 1619 1542 1659 esset,

191 1681 230 1713 et
244 1672 455 1713 Hannibal
474 1672 622 1720 hostis,
650 1678 689 1711 et
714 1680 860 1712 cuncta
879 1671 985 1712 bello
1006 1672 1205 1720 arderent,
1233 1672 1395 1713 omissis
1416 1673 1545 1713 omni-

190 1735 287 1783 bus,
326 1734 478 1775 omisso
509 1735 600 1787 ipso
624 1733 859 1774 Hannibale
895 1733 1016 1774 ambo
1048 1733 1236 1774 consules
1269 1740 1308 1774 et
1338 1734 1418 1774 duo
1449 1749 1545 1775 con-

193 1795 348 1836 sulares
396 1796 597 1835 exercitus
645 1795 697 1835 ad
735 1793 923 1848 Capuam
969 1795 1290 1849 oppugnandam
1332 1795 1542 1836 miserunt.

192 1858 364 1898 alterum
389 1873 541 1898 annum
573 1857 899 1897 circumvallatos
931 1857 1192 1910 inclusosque
1223 1872 1298 1898 nos
1324 1857 1434 1898 fame
1458 1873 1544 1899 ma-

193 1926 348 1968 cerant,
386 1926 425 1959 ct
461 1920 540 1973 ipsi
576 1919 791 1959 nobiscum
822 1918 964 1959 ultima
994 1919 1175 1972 pericula
1206 1926 1245 1959 et
1275 1920 1544 1974 gravissimos

191 1980 351 2021 labores
387 1981 590 2035 perpessi,
629 1981 736 2022 circa
772 1980 923 2021 vallum
960 1995 1007 2021 ac
1037 1980 1173 2021 fossas
1205 1996 1327 2035 saepe
1358 1983 1547 2023 trucidati

193 2056 241 2082 ac
270 2057 397 2096 prope
429 2043 481 2083 ad
512 2050 739 2083 extremum
771 2042 914 2083 castris
953 2043 1076 2083 exuti.
1138 2043 1211 2083 sed
1247 2044 1388 2084 omitto
1424 2044 1544 2085 haec:

194 2110 311 2144 vetus
338 2111 459 2156 atque
490 2105 640 2145 usitata
669 2119 734 2145 res
765 2112 827 2145 est
856 2104 898 2144 in
928 2105 1206 2159 oppugnanda
1234 2105 1413 2146 hostium
1444 2106 1545 2147 urbe

193 2165 354 2206 labores
381 2180 428 2206 ac
457 2166 638 2219 pericula
667 2166 763 2220 pati.
824 2166 926 2206 illud
956 2167 1040 2207 irae
1070 2174 1192 2219 atque
1223 2167 1304 2207 odii
1338 2166 1546 2221 [inexpia-

194 2225 306 2280 bilis]
346 2227 668 2280 execrabilisque
703 2228 899 2268 indicium
935 2235 1014 2269 est:
1062 2228 1275 2269 Hannibal
1310 2228 1546 2283 ingentibus

195 2289 322 2342 copiis
347 2289 530 2342 peditum
556 2289 820 2342 equitumque
846 2296 979 2330 castra
1009 2290 1263 2344 oppugnavit
1294 2296 1333 2330 01
1358 2305 1408 2330 ex
1432 2297 1546 2345 parte

195 2350 320 2404 cepit:
364 2357 475 2391 tanto
505 2351 687 2404 periculo
718 2351 817 2391 nihil
847 2352 947 2391 moti
978 2358 1072 2392 sunt
1103 2351 1154 2392 ab
1186 2351 1417 2402 obsidione3
1455 2368 1548 2406 pro-

195 2412 326 2453 fectus
364 2419 474 2453 trans
500 2413 751 2453 Vulturnum
786 2414 964 2467 perussit
997 2413 1199 2454 Calenum
1235 2429 1399 2469 agrum:
1446 2414 1547 2455 nihil

195 2480 307 2514 tanta
354 2475 557 2514 sociorum
604 2475 719 2515 clade
767 2475 926 2515 avocati
974 2482 1087 2524 sunt3
1135 2475 1188 2515 ad
1228 2475 1362 2530 ipsam
1402 2476 1547 2517 urbem

213 2537 370 2576 {ornam
389 2536 539 2577 infesta
559 2537 677 2590 signa
695 2536 793 2578 ferri
811 2537 947 2578 iussit:
968 2552 1058 2579 eam
1078 2552 1241 2591 quoque
1262 2545 1548 2593 tempestatem

193 2597 473 2638 imminentem
510 2605 774 2652 spreverunt3
823 2605 1105 2653 transgressus
1142 2599 1348 2641 Anienem
1385 2615 1547 2641 amnem

194 2657 268 2698 tria
305 2659 416 2699 milia
451 2662 620 2713 passum
658 2659 709 2701 ab
745 2659 846 2701 urbe
883 2666 1017 2701 castra
1047 2661 1202 2715 posuit,
1251 2667 1459 2716 postremo
1495 2662 1547 2703 ad

1565 573 1583 602 10

1572 1504 1588 1531 &1

1577 2241 1617 2272 10

1574 2491 1610 2519 11
