1815 3184
318 232 401 274 398
598 238 752 273 LIBER
774 212 958 282 xxvm,
985 238 1106 273 13.14.
1132 241 1228 282 [a.u.
1245 250 1275 273 0.
1298 240 1381 284 548]

319 359 362 385 se
386 343 474 384 fore
497 357 640 397 parem
663 341 914 382 multitudini
937 349 1064 391 ratus,
1088 350 1135 383 ut
1151 357 1235 383 non
1253 341 1294 383 in
1314 343 1493 398 speciem
1514 345 1658 388 saltem

273 420 293 450 2
318 412 621 460 opponerentur
656 404 926 445 barbarorum
961 404 1137 453 auxilia,
1184 419 1318 457 neque
1359 405 1401 445 in
1435 405 1484 446 iis
1522 413 1659 448 tamen

316 474 475 508 tantum
498 466 646 507 virium
670 466 925 521 ponendum,
950 474 996 507 ut
1018 467 1214 508 mutando
1239 468 1381 516 fidem,
1407 482 1512 520 quae
1532 467 1658 509 cladis

316 543 441 570 causa
465 528 612 569 fuisset
635 528 741 584 patri
764 536 1009 583 patruoque,
1045 544 1243 584 magnum
1267 537 1519 571 momentum
1550 531 1661 571 face-

271 607 290 636 3
313 598 416 632 rent.
475 591 704 646 praemisso
741 589 884 631 Silano
921 592 973 632 ad
1009 589 1212 632 Culcham
1248 592 1553 646 duodetriginta
1587 608 1661 647 op-

313 653 420 709 pidis
451 661 712 708 regnantem,
749 661 795 694 ut
825 653 983 707 equites
1013 654 1254 708 peditesque
1286 655 1337 695 ab
1373 669 1441 704 eo,
1480 669 1583 707 quos
1614 669 1659 696 se

269 729 291 760 4
313 732 387 772 per
411 716 590 757 hiemem
615 716 943 771 conscripturum
966 716 1171 771 pollicitus
1198 723 1303 766 erat,
1329 717 1544 772 acciperet,
1569 717 1658 772 ipse

314 780 365 820 ab
391 780 625 820 Tarracone
654 779 864 834 profectus
894 779 1080 834 protinus
1112 780 1163 820 ab
1194 779 1335 829 sociis,
1374 779 1442 833 qui
1473 780 1660 821 accolunt

313 841 441 891 viam,
478 841 640 882 modica
670 841 948 882 contrahendo
980 841 1131 882 auxilia
1162 839 1430 883 Castulonem
1459 842 1658 897 pervenit.

269 918 288 947 5
314 919 362 946 eo
400 904 577 945 adducta
611 905 662 945 ab
690 903 832 945 Silano
869 904 1021 944 auxilia
1056 904 1133 945 tria
1162 904 1275 945 milia
1302 905 1506 959 peditum,
1542 904 1661 958 quin-

313 967 426 1021 genti
451 966 622 1020 equites.
664 966 760 1008 inde
785 966 838 1007 ad
861 966 1087 1008 Baeculam
1111 967 1256 1008 urbem
1279 981 1523 1022 progressus
1549 967 1660 1009 omni

314 1028 496 1069 exercitu
533 1029 682 1069 civium
714 1028 937 1078 sociorum,
973 1028 1158 1083 peditum
1188 1029 1450 1082 equitumque
1481 1028 1659 1082 quinque

271 1105 288 1134 6
315 1098 355 1131 et
391 1091 663 1145 quadraginta
698 1091 877 1131 milibus.
947 1099 1082 1131 castra
1116 1091 1306 1145 ponentis
1344 1105 1414 1132 eos
1452 1091 1582 1145 hlago
1618 1098 1659 1131 et

313 1153 543 1193 Masinissa
567 1167 659 1193 cum
684 1153 795 1194 omni
826 1153 1009 1205 equitatu
1039 1153 1226 1207 adgressi
1257 1160 1368 1202 sunt,
1406 1153 1660 1194 turbassent-

314 1230 392 1268 que
423 1215 664 1263 munientis‚
701 1215 743 1254 ni
774 1215 901 1255 abditi
930 1222 1025 1270 post
1055 1215 1256 1255 tumulum
1287 1221 1515 1269 opportune
1540 1215 1592 1255 ad
1616 1215 1658 1255 id

313 1277 494 1332 positum
531 1278 582 1318 ab
609 1275 803 1331 Scipione
833 1277 990 1330 equites
1026 1276 1235 1332 inproviso
1265 1277 1307 1317 in
1338 1277 1492 1318 effusos
1523 1277 1658 1318 incur-

271 1353 288 1381 7
313 1339 476 1380 risscnt.
537 1339 574 1380 ci
602 1339 956 1394 promptissimum
987 1354 1189 1392 quemque
1221 1347 1259 1380 et
1290 1339 1476 1393 proxime
1506 1340 1659 1380 vallum

314 1409 435 1454 atque
460 1401 501 1441 in
520 1401 633 1456 ipsos
652 1401 876 1442 munitores
895 1401 1073 1455 primum
1091 1401 1299 1441 invectum
1317 1400 1486 1440 vixdum
1503 1401 1658 1456 proelio

313 1463 412 1504 inito
437 1463 642 1503 fuderunt.
703 1477 795 1503 cum
821 1463 986 1511 ceteris,
1018 1463 1087 1516 qui
1113 1463 1189 1503 sub
1217 1462 1345 1517 signis
1372 1469 1492 1515 atque
1518 1463 1659 1505 ordine

314 1525 488 1579 agminis
520 1525 792 1573 incesserant,
830 1525 991 1579 longior
1022 1533 1062 1565 et
1087 1525 1156 1565 diu
1187 1525 1381 1579 ambigua
1403 1539 1544 1580 pugna
1568 1525 1658 1566 fuit.

268 1599 287 1629 8
315 1589 389 1629 scd
436 1602 529 1627 cum
576 1587 627 1627 ab
676 1587 920 1628 stationibus
960 1587 1145 1642 vprimum
1193 1587 1409 1642 expeditae
1456 1587 1658 1637 cohortes,

313 1650 460 1691 deinde
486 1664 536 1690 ex
561 1664 684 1703 opere
716 1649 881 1690 deducti
910 1649 1059 1691 milites
1091 1657 1212 1703 atquc
1244 1665 1358 1690 arma
1388 1663 1533 1705 capere
1557 1650 1659 1691 iussi

312 1713 450 1768 plures
481 1719 520 1753 et
552 1712 701 1767 integri
732 1711 854 1753 fessis
887 1712 1072 1753 subirent
1100 1726 1379 1767 magnumque
1402 1712 1484 1752 iam
1510 1727 1660 1767 agmen

313 1783 560 1815 armatorum
586 1790 610 1814 a
634 1774 779 1815 castris
800 1774 842 1815 in
860 1774 1062 1829 proelium
1079 1782 1234 1824 rueret,
1260 1781 1377 1829 terga
1400 1773 1511 1814 haud
1536 1774 1659 1816 dubie

269 1850 286 1879 9
314 1845 477 1878 vertunt
499 1836 633 1878 Poeni
656 1837 954 1890 Numidaeque.
1014 1844 1054 1878 et
1084 1837 1216 1892 primo
1248 1836 1456 1877 turmatim
1492 1836 1659 1877 abibant

312 1900 413 1940 nihil
436 1907 598 1954 praeter
622 1915 819 1955 pavorem
844 1900 1200 1941 festinationemve
1226 1899 1408 1941 confusis
1428 1899 1637 1941 ordinibus
1646 1915 1657 1948 3

312 1962 424 2011 dein,
462 1970 682 2016 postquam
708 1962 840 2004 acrius
866 1963 1020 2003 ultimis
1051 1962 1257 2003 incidebat
1280 1962 1494 2003 Romanus
1525 1975 1659 2014 neque

313 2024 506 2065 sustineri
540 2025 719 2080 impetus
754 2032 933 2080 poterat,
976 2025 1078 2066 nihil
1113 2025 1195 2066 iam
1231 2024 1420 2066 ordinum
1454 2038 1657 2065 memores

311 2087 467 2142 passim
492 2101 750 2140 quacumque
774 2088 1009 2143 proximum
1039 2087 1116 2128 fuit
1145 2087 1187 2127 in
1212 2087 1354 2142 fugam
1379 2086 1657 2127 effunduntur.

248 2162 287 2192 10
313 2156 352 2190 ct
377 2164 627 2203 quamquam
652 2165 700 2191 eo
724 2150 880 2205 proelio
901 2150 1153 2204 aliquantum
1166 2149 1365 2191 Romanis
1392 2148 1500 2190 aucti
1524 2156 1565 2189 et
1589 2148 1660 2188 de-

311 2211 456 2252 minuti
481 2212 669 2253 hostibus
691 2211 815 2252 animi
836 2220 970 2262 erant,
996 2220 1134 2253 tamen
1153 2211 1396 2265 aliquotiens
1419 2209 1510 2266 [per
1529 2209 1659 2266 ins]e-

312 2274 473 2327 quentis
500 2274 586 2315 dies
613 2274 664 2315 ab
690 2274 1001 2316 excursionibus
1021 2275 1206 2329 equitum
1224 2274 1409 2327 levisque
1430 2280 1658 2314 armaturae

312 2344 519 2377 cessatum
544 2344 619 2378 cst.

271 2412 285 2440 1
397 2398 549 2440 XIIII.
598 2398 684 2441 Ubi
711 2399 810 2440 satis
836 2406 1057 2454 temptatae
1082 2414 1155 2454 per
1179 2399 1281 2440 haec
1305 2398 1413 2439 levia
1437 2396 1659 2439 certamina

312 2459 419 2501 vires
441 2468 548 2509 sunt,
574 2461 684 2516 prior
699 2462 941 2502 Hasdrubal
959 2462 1002 2502 in
1022 2461 1151 2502 aciem
1171 2461 1310 2516 copias
1331 2460 1485 2509 eduxit,
1512 2458 1657 2500 deinde

269 2535 286 2563 2
313 2530 353 2562 et
377 2523 555 2564 Romani
578 2538 830 2578 processere.
887 2524 961 2565 sed
983 2531 1155 2577 utraque
1182 2524 1290 2565 acies
1314 2537 1389 2578 pro
1415 2522 1522 2563 vallo
1548 2519 1659 2561 stetit

313 2583 531 2634 instructa,
558 2593 598 2626 et
622 2600 715 2626 cum
740 2587 792 2627 ab
816 2587 971 2628 neutris
996 2601 1137 2641 pugna
1162 2593 1307 2641 coepta
1332 2591 1460 2633 esset,
1486 2583 1567 2623 iam
1591 2581 1656 2620 die

314 2645 367 2685 ad
390 2660 583 2687 occasum
606 2647 827 2688 inclinante
853 2664 877 2689 a
900 2649 1042 2690 Poeno
1067 2648 1200 2703 prius,
1227 2647 1373 2688 deinde
1399 2646 1449 2686 ab
1468 2644 1655 2685 Roma-no

270 2719 289 2749 3
314 2705 357 2746 'm
393 2714 527 2749 castra
561 2708 703 2763 copiae
738 2709 945 2751 reductae.
1015 2709 1094 2751 hoc
1128 2709 1237 2750 idem
1271 2723 1345 2763 per
1380 2706 1466 2747 dies
1503 2704 1655 2756 aliquot
