1815 3184
300 256 382 298 242
618 261 771 296 LIBER
797 261 925 305 xxv,
951 261 1004 294 33.
1024 260 1077 294 34.
1107 263 1153 304 [a.
1168 271 1202 294 u.
1218 271 1247 294 e.
1261 261 1343 304 542]

231 383 270 411 14
295 367 430 414 batur,
481 380 563 405 non
598 371 756 419 posset,
806 363 968 404 occasio
1006 362 1298 416 quaerebatur3
1347 377 1471 416 quam
1507 365 1652 407 obtulit

228 628 267 657 15

226 937 265 966 16

229 1185 263 1214 17

247 1492 265 1520 [ὗ

246 1738 263 1767 3

243 1924 262 1952 4

243 2049 261 2077 5

244 2234 261 2263 6

244 2418 260 2447 7

243 2603 262 2632 8

295 427 509 481 transfuga
533 427 746 474 nuntians,
785 426 894 465 diem
919 425 1072 466 festum
1096 425 1259 466 Dianae
1284 440 1356 479 per
1381 425 1560 466 triduum
1585 428 1651 482 agi

293 498 350 538 et,
388 489 483 542 quia
509 488 587 529 alia
611 489 653 528 in
680 488 893 529 obsidione
919 487 1070 537 desint,
1108 487 1203 528 vino
1233 487 1387 542 largius
1420 488 1562 542 epulas
1588 504 1653 529 ce-

292 551 439 592 lebrari
475 557 514 591 et
550 550 601 591 ab
632 550 822 604 Epicyde
857 549 1041 603 praebito
1083 549 1298 590 universae
1335 549 1469 603 plebei
1507 556 1546 591 et
1581 565 1653 605 per

294 613 422 654 tribus
449 628 473 653 a
496 612 751 666 principibus
778 611 923 652 diviso.
961 611 1003 651 id
1028 611 1098 652 ubi
1124 612 1279 665 accepit
1293 611 1530 661 Marcellus,
1558 626 1652 652 cum

292 675 434 729 paucis
466 673 721 715 tribunorum
752 673 926 714 militum
959 673 1198 714 conlocutus
1230 673 1452 726 electisque
1484 688 1557 728 per
1581 689 1651 714 eos

293 737 345 778 ad
375 751 462 777 rem
492 742 647 776 tantam
678 736 882 791 agendam
913 735 1227 789 audendamque
1263 736 1420 776 idoneis
1452 735 1653 776 centurio-

292 799 413 839 nibus
441 798 722 851 militibusque
748 805 787 839 et
813 797 933 838 scalis
959 798 1000 837 in
1026 797 1184 838 occulto
1210 797 1475 851 comparatis,
1507 797 1650 838 ceteris

293 862 456 916 signum
482 860 569 900 dari
599 860 730 909 iubet,
768 866 813 900 ut
844 867 1000 900 mature
1032 874 1203 913 corpora
1234 866 1420 900 curarent
1446 860 1652 912 quietique

292 924 452 963 darent:
484 928 602 963 noete
626 922 669 962 in
695 922 996 976 expeditionem
1022 922 1206 962 eundum
1233 936 1337 961 esse.
1397 921 1491 961 inde
1516 920 1587 962 ubi
1611 922 1653 962 id

292 985 486 1040 temporis
524 985 677 1034 visum,
726 999 808 1038 quo
847 983 935 1039 [de]
976 984 1040 1025 die
1077 984 1250 1038 epulatis
1289 984 1370 1024 iam
1406 984 1490 1024 vini
1528 984 1651 1024 satias

291 1047 617 1101 principiumque
644 1046 776 1087 somni
801 1053 922 1095 esset,
951 1046 1057 1100 signi
1082 1046 1202 1087 unius
1225 1046 1373 1086 milites
1394 1046 1499 1086 ferre
1520 1046 1650 1086 scalas

290 1109 429 1156 iussit,
468 1115 506 1149 et
532 1109 583 1149 ad
607 1108 717 1148 mille
743 1108 827 1148 fere
853 1109 997 1148 armati
1023 1108 1135 1148 tenui
1159 1108 1321 1162 agmine
1346 1122 1419 1161 per
1444 1108 1648 1148 silentium

292 1185 339 1211 eo
366 1170 542 1210 deducti.
604 1169 675 1210 ubi
701 1170 788 1210 sine
815 1170 987 1224 strepitu
1012 1184 1060 1210 ao
1085 1170 1264 1210 tumultu
1288 1170 1409 1223 primi
1434 1177 1651 1209 evaserunt

290 1233 333 1272 in
358 1247 541 1280 murum,
569 1232 700 1272 secuti
726 1232 866 1273 ordine
892 1232 978 1282 alii,
1005 1247 1099 1273 cum
1118 1232 1299 1287 priorum
1319 1231 1490 1272 audacia
1515 1231 1649 1272 dubiis

291 1295 413 1335 etiam
439 1294 621 1334 animum
648 1294 813 1335 faceret.

377 1355 578 1395 XXIIII.
628 1355 717 1396 Iam
737 1355 846 1396 mille
868 1362 1116 1396 armatorum
1143 1363 1334 1410 ceperant
1358 1363 1528 1409 partem,
1555 1370 1647 1395 cum

291 1423 448 1457 ceterae
463 1418 651 1458 admotae
669 1416 782 1471 [sunt
796 1416 977 1471 copiae],
998 1417 1265 1470 pluribusque
1286 1417 1405 1457 scalis
1426 1417 1467 1456 in
1487 1432 1648 1457 murum

292 1479 519 1520 evadebant
545 1480 663 1534 signo
689 1479 740 1520 ab
765 1479 969 1533 hexapylo
996 1480 1109 1528 dato,
1147 1494 1228 1532 quo
1254 1494 1326 1533 per
1350 1479 1558 1533 ingentem
1586 1494 1650 1520 so-

290 1541 505 1581 litudinem
543 1548 627 1582 erat
664 1548 925 1595 perventum,
963 1541 1059 1593 quia
1090 1556 1241 1595 magna
1271 1555 1366 1595 pars
1398 1541 1440 1581 in
1471 1540 1648 1582 turribus

291 1603 441 1657 epulati
478 1610 547 1643 aut
585 1603 706 1656 sopiti
742 1602 837 1642 vino
880 1609 994 1642 erant
1037 1610 1107 1643 aut
1145 1603 1396 1657 semigraves
1438 1602 1647 1657 potabant.

289 1679 444 1718 paucos
483 1671 619 1704 tamen
657 1679 797 1704 eorum
834 1662 1065 1718 in[proviso
1091 1664 1327 1719 op]pressos
1365 1665 1404 1705 in
1444 1664 1648 1706 eubilibus

288 1726 592 1766 interfecerunt.
652 1740 779 1780 prope
805 1726 1039 1780 hexapylon
1065 1733 1125 1767 est
1156 1726 1318 1781 portula
1347 1742 1498 1782 magna
1523 1727 1563 1767 vi
1587 1741 1650 1767 re-

288 1787 411 1842 fringi
437 1794 599 1842 eoepta3
633 1795 671 1828 et
692 1803 713 1829 e
733 1803 850 1829 muro
870 1803 920 1828 cx
940 1789 1169 1843 composito
1194 1788 1294 1830 tuba
1318 1789 1458 1830 datum
1484 1789 1649 1843 signum

289 1857 373 1890 erat
399 1856 436 1890 et
461 1850 542 1890 iam
567 1850 750 1903 undique
782 1865 864 1891 non
896 1850 1055 1900 furtim,
1096 1851 1167 1891 sed
1200 1851 1239 1891 vi
1269 1858 1406 1905 aperte
1431 1851 1650 1906 gerebatur

288 1926 365 1951 res.
426 1911 577 1966 quippe
615 1912 667 1952 ad
703 1911 923 1966 Epipolas,
967 1912 1224 1965 frequentem
1263 1913 1459 1953 custodiis
1497 1913 1645 1961 locum,

288 1981 529 2027 perventum
556 1981 641 2014 erat
668 1975 927 2028 terrendique
953 1975 1086 2029 magis
1113 1975 1251 2016 hostes
1284 1981 1398 2015 erant
1422 1988 1546 2028 quam
1571 1974 1647 2015 fal-

287 2035 413 2084 lendi,
441 2035 545 2076 sicut
570 2036 697 2076 territi
723 2043 829 2077 sunt.
890 2052 985 2077 nam
1012 2037 1133 2077 simul
1158 2051 1205 2078 ae
1230 2036 1420 2077 tubarum
1446 2043 1508 2077 est
1533 2037 1648 2077 audi-

288 2103 353 2137 tus
386 2104 528 2137 cantus
563 2097 797 2150 clamorque
829 2098 1054 2139 tenentium
1084 2113 1223 2139 muros
1254 2106 1493 2153 partemque
1519 2098 1645 2146 urbis,

288 2159 424 2199 onmia
449 2159 577 2199 teneri
601 2160 795 2200 custodes
821 2160 897 2200 rati
923 2160 991 2200 alii
1016 2175 1088 2214 per
1112 2175 1275 2200 murum
1300 2160 1463 2215 fugere,
1490 2160 1557 2200 alii
1583 2175 1648 2200 sa-

288 2220 359 2261 lire
397 2221 446 2261 de
484 2236 600 2262 muro
637 2222 978 2276 praecipitarique
1015 2222 1135 2263 turba
1169 2223 1419 2276 paventium.
1497 2237 1648 2276 magna

286 2296 380 2336 pars
417 2290 554 2323 tamen
589 2283 735 2338 ignara
771 2284 871 2324 tanti
908 2284 1005 2324 mali
1041 2291 1125 2324 erat
1163 2292 1202 2324 et
1238 2284 1417 2339 gravatis
1455 2284 1645 2325 omnibus

286 2344 381 2385 vino
420 2360 644 2398 somnoque
682 2352 722 2386 et
757 2346 799 2385 in
835 2352 977 2386 vastae
1014 2346 1308 2400 magnitudinis
1340 2345 1439 2387 urbe
1469 2346 1647 2400 partium

288 2420 412 2447 sensu
436 2422 519 2447 non
545 2407 642 2447 satis
669 2407 897 2461 pertinente
927 2407 969 2448 in
1001 2408 1150 2448 omnia.
1213 2407 1288 2448 sub
1318 2407 1410 2448 luce
1442 2407 1646 2462 hexapylo

288 2468 454 2509 effracto
480 2468 704 2510 Marcellus
737 2469 928 2511 omnibus
961 2470 1090 2524 copiis
1121 2471 1266 2511 urbem
1295 2469 1506 2524 ingressus
1539 2470 1648 2510 exci-

289 2530 388 2569 tavit
414 2531 695 2584 convertitque
728 2545 870 2572 omnes
903 2531 955 2572 ad
987 2546 1099 2572 arma
1129 2531 1328 2585 capienda
1350 2545 1574 2585 opemque,
1612 2530 1647 2571 si

288 2604 410 2642 quam
436 2599 622 2645 possent,
660 2593 741 2632 iam
768 2600 910 2647 captae
935 2607 1062 2647 prope
1088 2592 1178 2633 urbi
1209 2592 1432 2633 ferendam.
1489 2592 1643 2646 Epicy-

289 2651 360 2691 des
386 2652 437 2692 ab
463 2653 614 2702 insula,
652 2668 775 2706 quam
806 2654 885 2708 ipsi
909 2654 1052 2695 Nason
1082 2659 1247 2702 vocant,
1286 2654 1407 2694 citato
1433 2654 1644 2708 profectus

289 2713 470 2766 agmine,
519 2714 630 2754 haud
673 2715 842 2764 dubius,
892 2716 991 2768 quin
1032 2730 1186 2769 paucos
1229 2729 1302 2768 per
1341 2713 1642 2768 neglegentiam
