1815 3184
534 235 687 270 LIBER
710 234 894 278 xxvm,
920 232 974 267 45.
1002 235 1050 276 [a.
1066 232 1103 267 6.
1118 232 1200 276 205]
1453 220 1536 262 437

191 339 385 393 postulo‚'
415 338 547 391 inquit
567 341 631 378 ‘ut
650 336 893 378 sententiam
912 335 1011 376 mihi
1030 335 1121 376 ideo
1140 349 1221 375 non
1240 333 1401 382 dicenti,
1416 332 1538 386 quod,

192 400 268 440 etsi
292 400 334 439 in
358 414 491 440 meam
518 398 760 440 sententiam
780 390 1030 445 discedatur,
1056 411 1138 437 non
1159 396 1210 436 sit
1229 402 1361 435 ratum
1381 394 1542 435 habitu—

190 475 262 501 rus
286 461 446 509 consul,
474 460 624 501 auxilio
650 459 763 500 sitis?
810 459 903 499 inde
929 458 1136 498 altercatio
1155 463 1260 505 orta,
1287 471 1379 496 cum
1399 455 1541 496 consul

191 529 359 575 negaret
383 536 559 574 aequum
585 535 675 561 esse
701 520 884 560 tribunos
910 519 1177 567 intercedere,
1204 532 1284 570 quo
1309 517 1446 557 minus
1467 531 1541 557 suo

191 583 364 635 quisque
395 583 485 623 loeo
516 588 683 635 rogatus
717 580 958 621 sententiam
990 580 1152 619 diceret.
1213 578 1364 619 tribuni
1392 578 1448 618 ita
1473 578 1543 617 de-

192 650 422 685 creverunt:
451 644 504 684 ‘si
529 642 670 683 consul
697 642 854 682 senatui
880 642 929 681 de
954 641 1174 694 provinciis
1199 639 1412 693 permittit,
1446 638 1543 678 stari

192 719 258 752 eo,
284 705 395 757 quod
420 710 585 745 senatus
612 703 814 743 censuerit
838 702 942 750 fieri,
974 702 1108 755 placet
1131 715 1207 741 nee
1231 701 1281 741 de
1307 714 1354 740 ea
1378 714 1420 740 re
1445 699 1543 739 ferri

192 766 243 805 ad
268 766 465 819 populum
489 765 709 819 patiemur3
736 764 770 804 si
795 778 876 803 non
899 763 1112 817 permittit,
1145 762 1215 814 qui
1239 762 1289 801 de
1314 776 1362 801 ca
1385 775 1427 800 re
1454 774 1545 800 sen-

192 827 359 867 tentiam
384 826 588 866 recusabit
614 826 746 865 dicere
771 825 923 864 auxilio
949 823 1123 864 erimus.'
1182 822 1324 863 consul
1354 822 1461 861 diem
1492 821 1545 861 ad

193 888 520 940 conloquendum
546 902 638 926 cum
665 886 835 939 conlega
859 886 971 938 petit.
1019 891 1184 938 postero
1210 884 1273 923 dic
1299 883 1544 936 permissum

193 950 351 989 senatui
377 955 449 989 est.
510 948 742 1001 provinciae
767 947 823 986 ita
848 947 1052 986 decretae:
1079 945 1194 985 alteri
1220 944 1377 985 consuli
1404 943 1545 984 Sicilia

193 1016 232 1049 et
268 1009 432 1063 triginta
467 1014 664 1048 rostratae
701 1022 846 1054 naves,
884 1021 985 1058 quas
1019 1005 1067 1046 C.
1103 1004 1301 1046 Servilius
1339 1004 1545 1058 superiore

192 1085 298 1110 anno
324 1069 554 1116 habuisset,
580 1068 925 1121 permissumque,
957 1074 1002 1106 ut
1027 1067 1067 1105 in
1092 1065 1299 1113 Africam,
1332 1066 1366 1105 si
1390 1066 1431 1104 id
1457 1080 1477 1104 e
1502 1080 1545 1105 re

191 1130 356 1184 publica
392 1144 482 1169 esse
514 1135 714 1176 censeret,
753 1128 957 1176 traiceret3
996 1127 1111 1166 alteri
1140 1127 1291 1166 Bruttii
1322 1132 1361 1165 et
1392 1125 1543 1165 bellum

192 1206 285 1231 cum
310 1189 546 1230 Hannibale
573 1204 664 1229 cum
691 1204 738 1229 eo
765 1189 963 1236 exercitu,
1002 1202 1123 1240 quem
1151 1186 1228 1241 [L.
1254 1186 1450 1227 Veturius
1477 1192 1546 1226 aut

193 1251 244 1305 Q.
263 1250 503 1305 Caecilius]
541 1251 594 1291 L.
609 1250 805 1291 Veturius
826 1248 932 1301 etQ.
950 1249 1154 1289 Caecilius
1182 1248 1419 1288 sortirentur
1443 1247 1547 1287 inter

193 1328 236 1354 se
273 1318 630 1366 compararentve,
680 1318 770 1351 uter
804 1311 845 1350 in
882 1310 1054 1350 Bruttiis
1097 1309 1257 1350 duabus
1298 1308 1544 1363 legionibUS,

193 1390 294 1427 quas
322 1374 464 1415 consul
488 1374 738 1426 reliquisset,
765 1386 850 1412 rem
877 1378 1053 1426 gereret,
1085 1371 1384 1425 imperiumque
1409 1371 1449 1410 in
1475 1385 1546 1410 an-

192 1451 291 1476 num
320 1442 607 1489 prorogaretur
637 1434 702 1474 cui
733 1449 781 1474 ea
811 1434 1022 1487 provincia
1052 1433 1268 1473 evenisset.
1329 1439 1368 1473 et
1399 1431 1543 1472 ceteris

193 1502 352 1550 praeter
378 1495 564 1535 consules
590 1502 899 1548 praetoresque,
937 1494 1007 1546 qui
1032 1493 1276 1534 exercitibus
1308 1493 1546 1546 provinciis-

194 1571 273 1610 que
298 1557 523 1610 praefuturi
548 1562 678 1604 erant,
704 1562 924 1609 prorogata
947 1555 1129 1608 imperia.
1174 1554 1225 1606 Q.
1243 1553 1423 1594 Caecilio
1449 1553 1546 1593 sorti

196 1618 347 1666 evenit,
386 1624 429 1657 ut
459 1632 552 1657 cum
583 1617 749 1657 consule
780 1616 821 1655 in
851 1616 1008 1656 Bruttis
1041 1616 1237 1656 adversus
1267 1613 1546 1655 Hannibalem

194 1679 347 1720 bellum
372 1685 543 1732 gereret.

279 1740 393 1780 Ludi
435 1740 581 1779 deinde
621 1737 826 1793 Scipionis
868 1753 1019 1793 magna
1059 1737 1288 1790 frequentia
1329 1743 1369 1777 et
1405 1736 1545 1776 favore

197 1801 466 1854 spectantium
493 1800 696 1840 celebrati.
733 1800 858 1854 legati
873 1800 1061 1852 Delphos
1083 1799 1135 1839 ad
1155 1799 1305 1839 donum
1326 1813 1377 1838 cx
1395 1798 1547 1851 praeda

195 1861 469 1902 Hasdrubalis
506 1862 752 1915 portandum
788 1861 903 1901 missi
938 1861 999 1901 M.
1026 1861 1280 1914 Pomponius
1317 1859 1462 1899 Matho
1499 1873 1547 1899 ae

197 1922 249 1974 Q.
278 1922 434 1963 Catius.
490 1923 667 1962 tulerunt
693 1937 884 1962 coronam
910 1937 1073 1962 auream
1100 1923 1320 1961 ducentum
1345 1921 1482 1974 pondo
1508 1926 1547 1960 et

198 1984 414 2025 simulacra
440 1984 662 2037 spoliorum
688 1998 738 2023 ex
762 1984 871 2023 mille
896 1984 1032 2037 pondo
1058 1983 1215 2037 argenti
1239 1982 1359 2022 faeta.

284 2044 422 2098 Scipio
448 2060 541 2085 cum
567 2053 609 2085 ut
635 2045 827 2085 dilectum
852 2045 1019 2085 haberet
1043 2059 1175 2096 neque
1195 2045 1454 2098 impetrasset
1478 2057 1548 2083 ne-

197 2120 276 2158 que
302 2121 551 2160 magnopere
577 2107 827 2155 tetendisset,
853 2113 898 2146 ut
922 2106 1171 2146 voluntarios
1198 2107 1345 2146 ducere
1371 2105 1448 2145 sibi
1474 2105 1548 2144 mi-

198 2168 289 2208 lites
309 2168 448 2208 liceret
473 2168 601 2208 tenuit
621 2175 671 2216 et,
699 2168 794 2220 quia
819 2168 1014 2222 inpensae
1040 2173 1260 2221 negaverat
1283 2167 1547 2220 reipublicae

199 2229 377 2269 suturam
415 2229 606 2278 classem,
650 2235 694 2268 ut
730 2244 833 2282 quae
870 2229 920 2269 ab
953 2229 1073 2269 sociis
1111 2229 1302 2268 darentur
1332 2229 1384 2268 ad
1419 2243 1547 2268 novas

199 2290 458 2330 fabricandas
484 2305 609 2330 naves
636 2291 849 2344 acciperet.
898 2290 1089 2330 Etruriae
1115 2290 1292 2343 primum
1311 2289 1451 2343 populi
1474 2303 1547 2342 pro

199 2352 282 2392 suis
331 2351 503 2403 quisque
551 2352 812 2392 facultatibus
855 2351 1065 2392 consulem
1106 2351 1315 2391 adiuturos
1362 2350 1546 2403 polliciti:

200 2413 383 2453 Caerites
437 2413 687 2454 frumentum
747 2414 867 2454 sociis
921 2413 1134 2454 navalibus
1193 2419 1546 2465 commeatumque

199 2474 330 2513 omnis
378 2475 539 2528 generis
555 2506 564 2523 ‚
619 2474 947 2528 Populonienses
995 2474 1147 2514 ferrum
1164 2505 1173 2523 ,
1229 2474 1547 2527 Tarquinienses

198 2534 321 2575 lintea
345 2535 385 2574 in
410 2535 519 2584 vela,
546 2535 803 2576 Volaterrani
821 2536 1089 2576 interamenta
1113 2535 1278 2575 navium
1305 2542 1344 2575 et
1367 2535 1549 2575 frumen-

198 2603 301 2645 tum,
338 2596 521 2637 Arretini
552 2598 627 2638 tria
658 2598 769 2637 milia
799 2604 1025 2646 scutorum,
1062 2597 1201 2651 galeas
1228 2597 1413 2645 totidem,
1450 2597 1544 2651 pila,

198 2672 340 2712 gaesa,
373 2659 511 2699 hastas
536 2658 700 2714 longas,
733 2659 889 2699 milium
914 2659 1209 2713 quinquaginta
1234 2674 1436 2700 summam
1460 2660 1548 2714 pari

1573 1444 1612 1474 10

1574 1568 1610 1596 11

1576 2058 1614 2086 13

1575 2180 1614 2209 14

1576 2426 1614 2454 15

1575 2611 1614 2640 16
