1815 3184
458 236 612 271 LIBER
635 236 844 282 XXVIIII,
871 237 924 271 29.
944 237 997 271 30.
1027 239 1074 280 [a.
1090 236 1127 271 O.
1143 236 1224 280 204]
1437 227 1520 268 473

164 340 253 395 regi
290 347 419 395 nupta
455 340 606 390 fuerat,
650 340 912 381 matrimonio
951 340 1028 381 sibi
1064 340 1197 394 iungit
1234 355 1307 395 spe
1346 338 1522 381 Cartha-

166 402 416 457 giniensium
442 402 650 443 societatis
677 409 718 443 et
738 417 832 442 cum
847 401 1042 456 Syphace
1061 401 1287 456 hospitium
1314 408 1522 442 vetustum
1549 414 1589 443 13

165 464 314 518 legatis
344 464 483 504 missis
514 470 705 513 renovat,
744 463 882 504 omnia
912 478 961 504 ea
992 463 1144 504 auxilia
1173 479 1425 519 praeparans
1452 463 1524 504 ad-

167 540 311 566 versus
337 525 622 566 Masinissam.

251 587 409 628 XXX.
458 588 515 628 Et
527 587 775 637 Masinissa,
803 587 943 628 audita
966 594 1098 629 morte
1122 587 1276 642 patrui,
1304 587 1399 628 dein
1422 601 1523 628 nece
1552 600 1565 628 1

166 649 304 690 fratris
330 649 547 704 patruelis,
574 664 625 690 ex
644 649 852 704 Hispania
876 649 919 690 in
942 650 1249 691 Mauretaniam
1273 675 1307 679 —
1329 650 1452 704 Baga
1477 663 1526 689 ea

169 718 416 766 tempestate
441 711 686 752 Maurorum
712 719 800 752 erat
823 737 857 741 —
881 711 1052 752 traiecit.
1113 713 1164 753 ab
1190 726 1238 753 eo
1265 712 1440 767 supplex
1464 711 1526 751 in-
1551 722 1568 752 2

168 773 274 814 fimis
296 773 488 828 precibus
510 774 708 814 auxilium
727 773 880 823 itineri,
907 773 1101 827 quoniam
1119 774 1228 814 bello
1248 789 1331 814 non
1350 780 1524 828 poterat,

168 843 360 888 quattuor
384 833 498 876 milia
521 835 765 877 Maurorum
791 835 1040 890 impetravit.
1084 849 1177 875 cum
1201 835 1270 884 iis,
1296 835 1525 890 praemisso
1552 845 1570 874 3

167 898 311 938 nuntio
344 898 396 938 ad
426 905 621 953 paternos
654 912 833 950 suosque
865 897 1038 946 amicos,
1077 911 1171 937 cum
1202 897 1255 937 ad
1283 897 1377 938 finis
1408 896 1527 952 regni

166 960 444 1015 pervenisset,
483 959 697 1014 quingenti
729 960 857 1000 ferme
882 959 1087 1000 Numidae
1114 959 1166 999 ad
1197 974 1290 999 eum
1322 974 1526 1000 convene-

166 1028 274 1062 runt.
322 1021 447 1075 igitur
470 1021 632 1061 hlauris
658 1021 772 1069 inde,
812 1020 918 1060 sicut
944 1027 1211 1069 convenerat,
1248 1027 1357 1061 retro
1385 1021 1437 1061 ad
1460 1036 1525 1061 re-
1549 1031 1569 1059 4

168 1098 264 1138 gem
298 1082 483 1123 remissis
515 1097 767 1134 quamquam
798 1081 1006 1134 aliquanto
1037 1081 1172 1122 minor
1203 1097 1276 1136 spe
1307 1082 1525 1124 multitudo

167 1159 243 1185 nec
269 1159 362 1184 cum
388 1158 470 1196 qua
495 1150 651 1183 tantam
675 1158 764 1183 rem
791 1143 962 1197 adgredi
995 1142 1094 1183 satis
1121 1144 1292 1183 auderet
1323 1158 1526 1186 convene-

166 1212 248 1254 rat,
279 1212 393 1245 ratus
420 1205 582 1259 agendo
610 1218 656 1245 ac
681 1204 889 1245 moliendo
916 1204 1024 1244 vires
1051 1218 1214 1257 quoque
1241 1205 1294 1245 ad
1320 1206 1526 1260 agendum
1553 1216 1571 1245 5

168 1267 322 1320 aliquid
359 1267 659 1315 conlecturum,
709 1266 987 1321 proficiscenti
1023 1267 1076 1306 ad
1114 1265 1352 1321 Syphacem
1388 1267 1528 1308 Laeu-

142 1324 309 1370 'mazae
345 1329 490 1383 regulo
528 1329 581 1369 ad
617 1328 835 1383 Thapsum
872 1328 1060 1369 occurrit.
1133 1329 1340 1384 trepidum
1377 1345 1527 1384 agmen
1554 1344 1571 1373 6

168 1406 261 1431 cum
286 1391 327 1431 in
351 1391 497 1431 urbem
521 1390 765 1445 refugisset,
792 1391 938 1431 urbem
956 1390 1188 1431 Masinissa
1212 1391 1344 1446 primo
1370 1392 1526 1446 impetu

168 1453 295 1507 capit,
333 1468 384 1493 ex
414 1453 539 1507 regiis
572 1452 674 1493 alios
708 1452 906 1493 tradentis
940 1468 984 1493 se
1015 1452 1178 1507 recipit,
1218 1453 1319 1494 alios
1345 1454 1429 1494 vim
1454 1470 1528 1509 pa-

167 1515 295 1556 rantis
322 1514 482 1555 occidit.
532 1530 627 1568 pars
653 1515 835 1556 maxima
860 1529 952 1555 cum
977 1515 1068 1569 ipso
1093 1530 1221 1570 puero
1246 1516 1353 1556 inter
1378 1518 1529 1557 tumul-

169 1586 257 1617 tum
294 1577 347 1617 ad
378 1575 634 1631 Syphacem,
673 1591 753 1629 quo
790 1577 970 1632 primum
1005 1577 1268 1618 intenderant
1303 1578 1397 1627 iter,
1435 1594 1528 1633 per-

169 1646 383 1680 venerunt.
449 1639 562 1679 fama
598 1638 719 1679 huius
756 1639 944 1679 modicae
980 1639 1040 1679 rei
1075 1639 1118 1678 in
1154 1639 1354 1694 principio
1390 1655 1527 1681 rerum
1555 1653 1572 1681 7

157 1715 365 1755 ‚prospere
392 1707 507 1740 actae
534 1700 734 1757 convertit
760 1700 812 1740 ad
836 1700 1110 1741 Blasinissam
1127 1701 1346 1750 Numidas,
1375 1703 1529 1743 adflue-

170 1764 351 1815 bantque
377 1762 559 1815 undique
591 1777 642 1802 ex
674 1762 784 1817 agris
816 1763 1000 1816 vicisque
1027 1770 1187 1804 veteres
1218 1763 1368 1804 milites
1397 1763 1528 1805 Galae

171 1833 211 1866 et
234 1825 466 1865 invitabant
483 1825 676 1865 iuvenem
696 1825 749 1865 ad
767 1825 1081 1879 reciperandum
1102 1833 1321 1880 paternum
1339 1841 1527 1881 regnum.

170 1902 341 1927 numero
367 1887 544 1927 militum
570 1887 823 1940 aliquantum
848 1887 1128 1928 Mazaetullus
1156 1888 1395 1942 superabat:
1432 1904 1528 1929 nam
1555 1900 1574 1929 8

171 1957 211 1990 et
236 1949 325 2004 ipse
352 1964 446 1989 eum
473 1949 715 1997 exercitum,
750 1964 830 2002 quo
859 1948 1095 2004 Capussam
1121 1949 1292 1999 vicerat,
1326 1957 1367 1990 et
1390 1965 1441 1990 ex
1465 1966 1530 1991 re-

171 2012 301 2066 ceptis
334 2019 428 2066 post
462 2011 632 2051 caedem
662 2011 772 2065 regis
806 2011 961 2064 aliquot
990 2011 1170 2052 habebat
1196 2019 1236 2052 et
1263 2027 1366 2066 puer
1391 2012 1531 2052 Lacu-

171 2089 310 2114 mazes
338 2074 389 2114 ab
411 2073 605 2128 Syphace
632 2073 784 2113 auxilia
808 2073 993 2128 ingentia
1018 2074 1258 2114 adduxerat.
1296 2074 1531 2127 quindecim
1557 2088 1574 2116 9

171 2135 284 2175 milia
320 2135 505 2190 peditum
537 2135 811 2184 EIzzzaetullo,
851 2137 995 2176 decem
1031 2136 1145 2176 milia
1181 2136 1365 2189 equitum
1401 2144 1529 2184 erant,

173 2198 322 2251 quibus
351 2211 444 2237 cum
468 2197 699 2238 Blasiiiissa
728 2212 990 2251 nequaquam
1021 2204 1181 2238 tantum
1206 2197 1391 2252 peditum
1417 2198 1531 2250 equi-

173 2270 312 2300 tumve
349 2259 527 2300 habente
567 2259 652 2300 acie
691 2260 887 2300 conflixit.
959 2259 1058 2300 vicit
1093 2266 1231 2300 tamen
1268 2267 1308 2300 et
1344 2266 1531 2300 veterum

172 2323 348 2362 militum
373 2322 502 2362 virtus
530 2330 570 2363 et
594 2323 812 2376 prudentia
835 2323 942 2363 inter
958 2323 1151 2364 Romana
1175 2329 1216 2363 et
1233 2322 1394 2362 Punica
1419 2337 1532 2362 arma

175 2384 385 2424 exercitati
412 2384 547 2433 ducis3
585 2385 754 2439 regulus
781 2399 874 2425 cum
900 2392 1033 2426 tutore
1059 2399 1110 2424 ex
1137 2384 1288 2438 exigua
1311 2383 1532 2424 Masaesu-

172 2447 321 2487 liorum
346 2461 471 2486 manu
496 2446 537 2486 in
559 2445 949 2501 Carthaginiensem
975 2461 1120 2501 agrum
1145 2445 1340 2500 perfugit.
1388 2446 1446 2486 ita
1468 2461 1533 2486 re-
1560 2459 1600 2488 10

175 2515 369 2562 euperato
406 2523 535 2562 regno
572 2516 744 2563 paterno
780 2509 1034 2557 blasinissa,
1085 2509 1182 2561 quia
1217 2507 1295 2548 sibi
1332 2508 1532 2548 adversus

176 2569 414 2624 Syphacem
440 2570 551 2610 haud
574 2571 698 2625 paulo
718 2570 917 2612 maiorem
940 2578 1097 2611 restare
1120 2569 1426 2611 dimicationem
1445 2584 1533 2610 cer-

173 2633 315 2681 nebat,
342 2632 542 2686 optimum
566 2640 679 2673 ratus
708 2647 802 2673 cum
826 2633 952 2673 fratre
977 2632 1163 2687 patruele
1189 2632 1364 2686 gratiam
1389 2646 1533 2673 recon-

175 2693 331 2743 ciliare,
367 2694 506 2735 missis
539 2694 608 2747 qui
641 2701 681 2735 et
710 2709 839 2749 puero
877 2709 995 2749 spem
1024 2694 1226 2744 facerent,
1265 2693 1300 2735 si
1329 2693 1371 2733 in
1406 2693 1533 2734 fidem
1560 2708 1597 2736 11
