1815 3184
483 238 636 273 LIBER
658 239 864 284 XXVIIII,
891 239 944 273 25.
963 239 1017 274 26.
1046 241 1094 282 [a.
1111 238 1149 273 C.
1163 238 1245 282 204]
1459 229 1542 269 469

189 350 230 384 et
255 342 528 398 quadraginta
552 343 593 383 in
618 342 793 383 navibus
820 357 931 391 esse,
969 348 1056 382 tum
1087 341 1213 382 edixit
1245 340 1461 389 militibus,
1498 347 1545 380 ut

190 406 397 448 silentium
427 406 554 459 quieti
584 406 720 446 nautis
754 406 841 446 sine
874 405 1096 445 certamine
1128 405 1180 444 ad
1211 403 1438 444 ministeria
1473 418 1544 443 ex-

190 469 402 521 sequenda
424 469 530 509 bene
557 467 824 509 oboedientes
854 474 1125 521 praestarent.
1186 480 1280 506 cum
1308 465 1455 520 viginti
1478 480 1545 505 ro-

190 531 328 571 stratis
356 545 399 571 se
426 544 474 571 ac
498 530 551 570 L.
580 528 819 584 Scipionem
845 530 896 569 ab
923 529 1066 570 dextro
1093 543 1237 578 cornu,
1268 528 1450 576 laevum,
1484 535 1545 567 to-

189 592 316 632 tidem
350 599 570 640 rostratas,
607 599 648 632 et
674 590 723 632 C.
750 591 944 631 Laelium
978 590 1235 645 praefectum
1271 589 1415 630 classis
1448 603 1542 629 cum

187 653 249 694 M.
275 653 426 694 Porcio
454 652 614 694 Catone
639 678 673 682 ——
697 660 891 705 quaestor
915 653 950 693 is
976 661 1062 693 tum
1089 660 1175 693 erat
1198 677 1232 681 —
1257 651 1454 693 onerariis
1480 651 1545 691 fu-

189 723 326 755 turum
361 715 592 769 praesidio:
653 715 809 755 lumina
844 714 886 754 in
922 714 1097 754 navibus
1136 713 1299 768 singula
1329 720 1543 761 rostratae,

187 777 286 818 bina
311 777 522 817 onerariae
543 776 760 825 haberent,
787 776 828 815 in
849 775 1054 830 praetoria
1074 790 1179 816 nave
1199 775 1361 830 insigne
1380 781 1545 815 noctur-

188 854 288 879 num
319 839 441 878 trium
471 838 674 878 luminum
710 838 811 878 sore.
871 837 1072 892 Emporia
1103 845 1148 877 ut
1177 844 1365 891 peterent
1394 836 1545 890 guber-

189 900 401 941 natoribus
451 900 591 941 edixit.
673 899 951 940 fertilissimus
1001 914 1099 953 ager
1147 913 1278 951 eoque
1327 898 1543 938 abundans

189 962 300 1002 omni
326 962 445 1017 copia
468 977 605 1002 rerum
631 969 693 1002 est
717 961 850 1016 regio,
885 970 925 1001 et
948 961 1140 1009 inbelles,
1168 961 1279 1014 quod
1302 960 1545 1014 plerumque

188 1025 230 1064 in
255 1024 372 1064 uberi
397 1038 496 1078 agro
523 1023 677 1071 evenit,
715 1022 880 1062 barbari
911 1034 1025 1070 sunt,
1062 1022 1259 1076 priusque
1292 1036 1415 1075 quam
1441 1021 1545 1063 Car-

188 1086 356 1139 thagine
383 1084 671 1125 subveniretur
696 1083 873 1138 opprimi
893 1083 1138 1123 videbantur
1162 1098 1300 1138 posse.
1348 1084 1398 1123 iis
1424 1084 1544 1125 editis

186 1147 369 1201 imperiis
400 1146 534 1185 redire
566 1146 619 1185 ad
649 1160 777 1185 naves
809 1145 929 1193 iussi,
968 1152 1009 1185 et
1037 1152 1204 1199 postero
1231 1145 1295 1186 die
1321 1145 1408 1186 deis
1438 1146 1545 1187 bene

186 1208 424 1248 iuvantibus
451 1207 572 1261 signo
599 1207 695 1247 dato
723 1207 883 1247 solvere
909 1221 1051 1247 naves.

269 1269 445 1311 XXVI.
493 1268 655 1308 Multae
682 1268 836 1309 classes
856 1268 1071 1309 Romanae
1097 1283 1119 1309 e
1140 1267 1281 1309 Sicilia
1307 1276 1429 1321 atque
1454 1269 1545 1324 ipso

185 1331 255 1372 illo
280 1339 401 1386 portu
427 1331 636 1385 profectae
663 1338 798 1379 erant3
831 1338 1013 1371 ceterum
1038 1346 1121 1371 non
1147 1346 1195 1371 eo
1220 1331 1329 1372 bello
1356 1331 1489 1372 solum
1513 1356 1546 1361 —

185 1407 263 1433 nec
298 1393 341 1433 id
375 1393 542 1441 mirum,
579 1393 825 1447 praedatum
861 1392 971 1433 enim
1002 1393 1287 1433 tantummodo
1322 1393 1545 1448 pleraeque

187 1455 342 1495 classes
368 1446 569 1504 ierant—,
591 1455 664 1495 sed
689 1469 740 1495 ne
765 1455 900 1509 priore
927 1455 1093 1508 quidem
1117 1455 1202 1495 ulla
1220 1455 1421 1510 profectio
1442 1456 1545 1496 tanti

188 1516 412 1571 spectaculi
437 1516 533 1564 fuit,
571 1530 838 1569 quamquam,
880 1517 914 1556 si
938 1517 1223 1571 magnitudine
1250 1516 1394 1557 classis
1421 1518 1545 1558 aestin

186 1593 342 1626 mares,
380 1588 420 1619 et
444 1578 530 1618 bini
555 1579 746 1619 consules
773 1592 867 1618 cum
890 1578 998 1619 binis
1025 1578 1272 1619 exercitibus
1304 1587 1399 1619 ante
1425 1579 1546 1620 traie-

188 1648 327 1680 cerant.
352 1648 392 1681 et
416 1655 544 1694 prope
570 1640 741 1680 totidem
760 1647 961 1681 rostratae
980 1640 1023 1680 in
1041 1641 1121 1681 illis
1143 1641 1346 1681 classibus
1366 1641 1543 1690 fuerant,

188 1710 287 1754 quot
312 1702 509 1742 onerariis
527 1700 666 1756 Scipio
693 1712 779 1742 tum
801 1702 1032 1751 traiciebat3
1059 1718 1156 1742 nam
1179 1710 1342 1757 praeter
1368 1704 1545 1756 quadra-

187 1764 303 1818 ginta
327 1764 474 1818 longas
500 1780 627 1805 naves
661 1765 972 1819 quadringentis
1005 1766 1134 1805 ferme
1166 1765 1362 1806 onerariis
1390 1765 1546 1806 exerci-

188 1836 275 1865 tum
313 1826 501 1866 travexit.
564 1826 638 1866 sed
674 1834 714 1866 et
750 1827 904 1867 bellum
942 1827 1047 1868 bello
1085 1828 1314 1867 secundum
1342 1828 1469 1882 priori
1500 1835 1545 1868 ut

189 1888 366 1929 atrocius
409 1888 594 1928 {omanis
621 1888 846 1938 videretur,
885 1902 979 1929 cum
1009 1889 1119 1941 quod
1149 1889 1191 1929 in
1214 1889 1337 1929 Italia
1362 1890 1545 1930 bellaba-

187 1958 271 1997 tur,
315 1958 403 1990 tum
439 1950 628 2005 ingentes
667 1958 827 2005 strages
864 1958 924 1991 tot
960 1951 1214 1991 exercituum
1251 1951 1372 1992 simul
1410 1952 1542 1992 caesis

188 2012 362 2052 ducibus
396 2013 636 2060 effecerant,
675 2020 716 2052 et
741 2012 882 2067 Scipio
914 2012 997 2052 dux
1027 2013 1177 2067 partim
1207 2013 1327 2054 factis
1354 2014 1542 2063 fortibus,

186 2074 337 2127 partim
382 2081 526 2128 suapte
571 2075 736 2114 fortuna
776 2074 954 2127 quadam
996 2074 1155 2129 ingenti
1198 2076 1251 2115 ad
1291 2075 1546 2116 incrementa

187 2135 344 2189 gloriae
371 2136 601 2176 celebratus
628 2143 887 2176 converterat
912 2136 1090 2186 animos3
1118 2136 1238 2177 simul
1258 2145 1298 2177 et
1315 2153 1432 2178 mens
1452 2138 1544 2192 ipsa

188 2196 401 2236 traiciendi
438 2197 539 2237 nulli
573 2205 666 2238 ante
704 2213 751 2238 eo
778 2198 885 2239 bello
918 2198 1012 2238 duci
1044 2206 1260 2253 temptata,
1299 2200 1351 2239 ad
1381 2200 1544 2239 Hanni-

188 2258 323 2298 balem
360 2259 606 2300 trahendum
642 2275 693 2300 ex
723 2260 845 2300 Italia
879 2261 1293 2314 transferendumque
1325 2269 1365 2302 et
1399 2262 1545 2302 finien-

188 2322 285 2361 dum
310 2321 353 2361 in
378 2323 524 2363 Africa
550 2323 704 2363 bellum
729 2339 772 2364 se
800 2323 992 2372 transire,
1031 2324 1200 2378 vulgata
1224 2332 1324 2365 erat.
1373 2338 1544 2365 concur-

187 2392 295 2423 rerat
321 2384 373 2424 ad
399 2385 680 2438 spectaculum
705 2385 747 2425 in
771 2393 935 2440 portum
958 2386 1091 2426 omnis
1117 2386 1237 2433 turba
1255 2401 1336 2427 non
1356 2385 1545 2426 habitan-

188 2445 289 2485 tium
314 2446 437 2487 modo
463 2446 674 2501 Lilybaei,
713 2448 788 2488 sed
817 2447 1072 2501 legationum
1097 2448 1281 2488 omnium
1311 2463 1362 2488 cx
1388 2447 1542 2497 Sicilia,

188 2521 292 2560 quae
319 2508 371 2547 ad
394 2509 730 2562 prosequendum
757 2508 996 2563 Scipionem
1027 2509 1153 2549 officii
1183 2524 1309 2550 causa
1340 2524 1544 2551 convene-

186 2577 279 2608 rant
322 2577 362 2610 et
401 2578 635 2624 praetorem
676 2570 913 2624 provinciae
955 2571 1018 2611 M.
1055 2572 1334 2626 Pomponium
1377 2578 1543 2612 secutae

186 2631 362 2671 fuerant.
423 2632 475 2672 ad
511 2632 590 2673 hoc
624 2632 828 2686 legiones,
867 2647 971 2685 quae
1007 2633 1050 2673 in
1082 2631 1225 2674 Sicilia
1253 2634 1542 2687 relinqueban-

187 2700 275 2743 tur,
326 2694 378 2734 ad
412 2696 725 2749 prosequendos
769 2695 1068 2736 commilitones
1110 2704 1418 2751 processerant3
1465 2711 1544 2738 nec

1573 477 1612 506 10

1573 726 1610 754 11

1572 1096 1610 1126 13

1574 1282 1587 1311 1

1571 1530 1588 1558 2

1570 1717 1588 1745 3

1571 1841 1590 1869 4

1570 2027 1588 2055 5

1570 2151 1587 2180 6
