1815 3184
342 241 421 282 528
639 250 790 284 LIBER
814 250 943 295 XXX,
967 250 1021 283 43.
1043 250 1096 284 44.
1126 252 1264 292 [a.u.e.
1279 250 1359 294 553]

300 367 317 396 7
341 367 442 406 quos
478 352 667 392 mandata
698 367 721 391 a
749 352 985 405 propinquis
1016 352 1221 393 haberent.
1280 353 1427 406 quibus
1458 355 1665 396 conventis

341 429 431 454 cum
460 428 597 453 rursus
628 419 825 466 peterent,
870 413 946 453 sibi
976 428 1076 466 quos
1107 413 1255 454 vellent
1284 428 1334 454 ex
1363 414 1411 455 iis
1446 414 1668 454 redimendi

339 482 517 529 potestas
543 474 672 522 fieret,
697 474 798 514 iussi
822 474 983 514 nomina
1008 475 1124 515 edere
1133 491 1143 524 3
1169 482 1207 515 et
1232 489 1323 515 cum
1347 475 1519 516 ducenta
1541 475 1667 516 ferme

297 549 315 579 8
341 536 520 586 ederent,
554 541 716 576 senatus
742 536 970 576 consultum
995 535 1148 576 factum
1173 543 1250 585 est,
1281 543 1325 576 ut
1347 535 1471 590 legati
1494 536 1668 577 Romani

341 599 532 638 ducentos
559 611 609 637 ex
633 597 819 650 captivis,
845 611 946 650 quos
974 596 1329 652 Carthaginienses
1355 598 1518 647 vellent,
1545 598 1595 638 ad
1618 597 1666 638 P.

341 657 575 701 Cornelium
609 658 650 698 in
674 658 859 699 Africam
894 660 1150 713 deportarent
1183 659 1490 712 nuntiarentque
1520 660 1574 708 ei,
1615 667 1667 707 ut,

341 721 375 761 si
398 735 479 774 pax
503 720 774 768 convenisset,
802 720 886 760 sinc
911 721 1039 774 pretio
1065 735 1133 761 eos
1154 718 1555 774 Carthaginiensibus
1580 721 1670 761 red-

297 795 314 824 9
340 783 462 822 deret.
521 781 677 822 fetiales
709 796 800 821 cum
830 782 870 821 in
895 781 1079 822 Africam
1110 782 1161 822 ad
1190 782 1333 823 foedus
1358 781 1583 822 feriendum
1611 782 1668 822 ire

339 843 588 892 iuberentur,
624 843 723 896 ipsis
749 843 1046 897 postulantibus
1073 850 1234 884 senatus
1266 844 1494 884 consultum
1517 843 1670 884 factum

340 912 401 945 est
424 905 465 944 in
488 904 589 944 haec
612 904 752 953 verba,
778 911 823 944 ut
846 905 981 959 privos
1006 905 1160 959 lapides
1187 905 1318 945 silices
1344 906 1558 959 privasque
1582 919 1670 945 ver-

340 966 464 1007 benas
491 980 628 1006 secum
653 966 819 1006 ferrent:
864 966 921 1006 uti
944 974 1104 1020 praetor
1127 966 1335 1007 Romanus
1360 967 1591 1020 imperaret,
1626 972 1671 1006 ut

340 1028 483 1068 foedus
508 1026 690 1076 ferirent,
714 1027 772 1067 illi
795 1034 1020 1081 praetorem
1047 1028 1229 1082 sagmina
1252 1034 1475 1082 poscerent.
1523 1026 1670 1068 herbae

340 1089 381 1129 id
405 1103 533 1143 genus
559 1103 609 1128 ex
634 1102 724 1128 arce
751 1096 957 1142 sumptum
981 1089 1185 1130 fetialibus
1211 1090 1297 1130 dari
1323 1089 1435 1130 solet.

277 1163 316 1192 10
423 1151 487 1190 Ita
511 1150 667 1190 dimissi
691 1150 740 1189 ab
765 1150 898 1190 Roma
917 1150 1274 1204 Carthaginienses
1299 1165 1391 1190 cun]
1421 1151 1462 1190 in
1485 1149 1670 1190 Africam

339 1211 545 1252 venissent
575 1212 625 1251 ad
652 1209 902 1264 Scipionem,
939 1211 1085 1263 quibus
1116 1221 1206 1252 ante
1238 1212 1389 1251 dictum
1420 1218 1481 1250 est
1508 1210 1667 1264 legibus

277 1286 313 1314 11
340 1287 482 1327 pacem
506 1272 698 1313 fecerunt.
757 1287 882 1312 naves
907 1272 1066 1326 longas,
1093 1272 1344 1325 elephantos,
1370 1271 1580 1325 perfugas,
1606 1270 1669 1309 fu-

341 1334 506 1388 gitivos,
533 1333 781 1387 captivorum
806 1340 995 1386 quattuor
1017 1333 1128 1373 milia
1152 1333 1415 1381 tradiderunt,
1441 1333 1543 1372 inter
1566 1346 1667 1384 quos

278 1410 316 1438 1‘2
344 1395 395 1447 Q.
433 1395 645 1434 Terentius
684 1393 826 1434 Culleo
863 1401 1023 1434 senator
1056 1394 1144 1434 fuit.
1224 1408 1347 1434 naves
1382 1398 1593 1445 provectas
1627 1392 1669 1431 in

342 1456 467 1496 altum
501 1455 660 1495 incendi
694 1455 822 1495 iussit.
893 1455 1134 1508 quingentas
1170 1454 1297 1493 fuisse
1332 1452 1461 1492 omnis
1498 1451 1668 1505 generis,

341 1532 444 1571 quae
473 1517 593 1557 remis
624 1523 854 1570 agerentur,
893 1516 1058 1568 quidam
1087 1515 1265 1554 tradunt:
1308 1527 1479 1566 quarum
1503 1526 1670 1565 conspe—

342 1588 450 1619 ctum
473 1584 635 1632 repente
659 1578 887 1617 incendium
913 1584 994 1617 tarn
1025 1576 1195 1630 lugubre
1225 1575 1351 1616 fuisse
1375 1574 1524 1615 Poenis
1549 1588 1669 1626 quam

280 1654 318 1683 13
345 1641 378 1680 si
407 1640 496 1693 ipsa
521 1638 726 1692 Carthago
757 1638 924 1678 arderet.
985 1638 1034 1678 de
1063 1637 1245 1691 perfugis
1275 1636 1439 1691 gravius
1469 1650 1591 1688 quam
1621 1635 1670 1674 de

342 1701 523 1756 fugitivis
550 1700 796 1748 consultum3
822 1699 994 1739 nominis
1015 1699 1155 1740 Latini
1179 1698 1247 1751 qui
1272 1703 1401 1746 erant,
1428 1696 1558 1738 securi
1581 1710 1671 1750 per-

343 1763 468 1811 cussi,
494 1762 667 1803 Romani
691 1763 731 1801 in
757 1775 916 1802 crucem
942 1761 1100 1802 sublati.

301 1839 315 1866 1
424 1822 718 1865 XXXXHII.
777 1822 910 1863 Annis
941 1830 1032 1863 ante
1061 1822 1327 1877 quadraginta
1349 1836 1430 1876 pax
1453 1835 1544 1861 cum
1571 1819 1672 1860 Car-

342 1885 662 1940 thaginiensibus
686 1891 891 1938 postremo
916 1884 1023 1925 facta
1047 1891 1131 1925 erat
1156 1883 1206 1936 Ω.
1233 1884 1417 1932 Lutatio,
1443 1882 1496 1922 A.
1515 1881 1670 1922 Manlio

300 1958 317 1987 2
343 1946 588 1988 consulibus.
655 1946 803 1987 bellum
838 1946 981 1986 initum
1017 1946 1131 1986 annis
1167 1951 1260 1999 post
1294 1944 1420 1985 tribus
1456 1950 1495 1984 et
1528 1943 1671 1997 viginti

342 2008 390 2048 P.
429 2007 641 2056 Cornelio,
702 2007 764 2047 Ti.
804 2006 1044 2062 Sempronio
1093 2006 1349 2055 consulibus,
1407 2005 1565 2045 finitum
1611 2011 1672 2044 est

346 2070 515 2123 septimo
539 2070 696 2110 decimo
725 2084 830 2110 anno
857 2069 932 2110 Cn.
960 2068 1166 2117 Cornelio,
1203 2067 1251 2108 P.
1276 2067 1396 2108 Aelio
1419 2066 1548 2107 Paeto
1578 2080 1671 2106 con-

302 2144 319 2172 3
346 2131 511 2172 sulibus.
550 2146 669 2185 saepe
693 2138 835 2186 postea
850 2129 1082 2185 Scipionem
1106 2130 1239 2170 ferunt
1258 2129 1420 2177 dixisse,
1447 2127 1509 2168 Ti.
1527 2126 1673 2168 Claudi

344 2193 518 2246 primum
555 2193 833 2246 cupiditatem,
871 2192 964 2232 dein
995 2191 1070 2233 Cn.
1098 2190 1276 2232 Cornelii
1310 2189 1437 2230 fuisse
1471 2189 1513 2229 in
1548 2203 1670 2236 mora,

344 2269 423 2307 quo
447 2255 579 2294 minus
604 2254 645 2294 id
669 2254 820 2294 bellum
845 2254 965 2294 exitio
991 2253 1249 2308 Carthaginis
1274 2251 1415 2291 finiret.

300 2328 320 2355 4
429 2315 666 2370 Carthagini
690 2330 782 2356 cum
806 2315 935 2369 prima
964 2315 1135 2355 conlatio
1165 2313 1359 2368 pecuniae
1389 2312 1541 2352 diutino
1566 2310 1671 2351 bello

345 2377 550 2417 exhaustis
576 2377 750 2417 difficilis
777 2377 978 2417 videretur
1001 2377 1280 2428 maestitiaque
1300 2381 1339 2415 et
1362 2374 1478 2414 fletus
1502 2373 1544 2412 in
1563 2372 1673 2412 curia

302 2451 320 2479 5
345 2445 468 2487 esset,
504 2439 699 2478 ridentem
736 2437 1009 2479 Hannibalem
1045 2438 1178 2477 ferunt
1215 2441 1488 2489 conspectum.
1558 2434 1670 2474 cuius

346 2513 437 2539 cum
461 2499 697 2540 Hasdrubal
721 2499 891 2540 Haedus
916 2500 1041 2540 risum
1066 2499 1288 2552 increparet
1312 2499 1352 2538 in
1376 2496 1538 2551 publico
1562 2495 1670 2544 fletu,

304 2573 320 2602 6
347 2574 438 2600 cum
465 2560 553 2614 ipse
582 2560 836 2601 lacrimarum
866 2576 989 2602 causa
1024 2568 1148 2609 esset,
1187 2560 1241 2600 ‘si
1271 2574 1391 2613 quem
1426 2559 1477 2598 ad
1507 2557 1671 2598 modum

347 2621 424 2660 oris
454 2621 615 2662 habitus
646 2622 820 2662 cernitur
849 2622 1006 2671 oculis,'
1041 2622 1171 2675 inquit
1202 2621 1279 2662 ‘sic
1309 2628 1347 2661 et
1377 2620 1533 2660 animus
1562 2619 1670 2658 intus

347 2682 452 2721 cerni
476 2690 630 2735 posset,
663 2683 780 2724 facile
804 2683 919 2724 vobis
945 2691 1168 2738 appareret,
1199 2697 1281 2724 non
1304 2682 1414 2730 laeti,
1453 2681 1524 2722 sed
1547 2691 1669 2734 prope
