1815 3184
324 257 407 298 274
651 262 805 297 LIBER
830 262 978 306 XXVI,
1004 262 1037 296 8.
1057 263 1089 296 9.
1118 265 1166 305 [a.
1181 274 1215 296 u.
1232 273 1261 296 e.
1275 262 1357 306 543]

278 383 294 410 7
322 366 591 408 obsidendam
627 380 730 419 opus
768 372 896 414 esset,
939 365 1052 419 ipsos
1091 365 1206 406 scire.
1281 365 1315 405 si
1350 365 1407 405 ita
1442 365 1617 409 Romam
1655 383 1676 409 e

320 428 493 469 ducibus
519 428 620 468 alter
645 435 684 468 et
709 427 911 467 exercitus
936 441 1031 480 pars
1057 427 1163 467 mitti
1187 434 1346 481 posset,
1372 433 1417 467 ut
1441 427 1493 468 ab
1518 429 1674 482 reliquo

275 504 294 533 s
321 497 360 530 et
396 490 499 530 duce
536 498 575 530 et
617 489 798 529 exercitu
835 488 981 542 Capua
1016 496 1125 529 recte
1167 488 1445 538 obsideretur,
1493 488 1598 529 inter
1633 505 1676 531 se

321 558 603 605 compararent
621 550 830 591 Claudius
856 550 1129 604 Fulviusque,
1163 551 1240 591 utri
1265 550 1491 591 obsidenda
1518 550 1675 605 Capua,

318 613 481 653 utriad
511 613 809 667 prohibendam
845 611 1059 653 obsidione
1090 613 1263 666 patriam
1292 612 1469 653 Romam
1506 612 1676 652 veniun-

275 687 292 716 9
319 675 415 714 dum
443 682 563 715 esset.
602 674 679 715 11οο
706 682 871 715 senatus
898 673 1085 714 consulto
1106 674 1294 728 Capuam
1319 674 1474 728 perlato
1497 673 1676 725 Quintus

319 736 492 777 Fulvius
514 737 746 791 proconsul,
774 736 839 777 cui
864 736 1021 790 collega
1041 751 1093 776 ex
1110 736 1278 776 vulnere
1298 751 1421 790 aegro
1442 736 1678 790 digrediun-

319 799 416 838 dum
447 799 624 840 Romam
656 807 758 848 erat,
797 813 818 839 e
844 798 973 839 tribus
1006 798 1250 839 exercitibus
1282 799 1409 839 milite
1441 798 1587 847 electo,
1624 799 1676 839 ad

319 861 552 913 quindecim
585 861 697 901 milia
727 861 935 915 peditum,
978 860 1088 901 mille
1122 860 1280 913 equites
1311 860 1563 901 Vulturnum
1599 866 1678 900 tra-

255 933 294 962 10
319 923 442 963 ducit.
514 924 608 964 inde
646 938 739 963 cum
775 923 1055 963 Hannibalem
1090 923 1244 963 Latina
1288 923 1355 963 via
1390 923 1542 963 iturum
1579 923 1677 963 satis

320 985 604 1039 comperisset,
641 985 729 1039 ipse
754 1000 827 1039 per
852 984 1015 1039 Appiae
1049 985 1271 1039 municipia
1302 999 1488 1038 quaeque
1513 991 1679 1039 propter

254 1058 291 1086 11
319 1060 409 1086 eam
435 1047 545 1087 viam
571 1056 683 1102 sunt,
713 1046 889 1095 Setiam,
918 1046 1088 1095 Coram,
1120 1047 1344 1087 Lavinium
1369 1047 1599 1101 praemisit,
1631 1052 1676 1086 ut

319 1116 571 1149 commeatus
607 1116 772 1163 paratos
811 1116 849 1149 et
885 1109 926 1149 in
962 1109 1133 1150 urbibus
1171 1109 1368 1150 haberent
1405 1116 1444 1150 et
1480 1124 1531 1149 ex
1567 1109 1676 1163 agris

321 1169 449 1210 deviis
481 1170 523 1210 in
554 1171 663 1210 viam
700 1170 929 1224 proferrent
964 1171 1250 1224 praesidiaque
1281 1170 1323 1210 in
1354 1170 1476 1211 urbes
1514 1177 1671 1211 contra-

319 1230 478 1279 herent,
506 1238 549 1271 ut
576 1247 649 1271 sua
676 1233 822 1284 cuique
847 1246 912 1272 res
937 1231 1103 1285 publica
1128 1232 1169 1271 in
1194 1247 1318 1272 manu
1344 1238 1464 1272 esset.

278 1305 291 1332 1
405 1292 551 1333 VIIII.
589 1293 801 1334 Hannibal
827 1308 908 1347 quo
934 1294 999 1334 die
1013 1293 1264 1334 Vulturnum
1291 1302 1353 1334 cst
1378 1302 1674 1349 transgressus,

274 1364 292 1393 2
319 1352 429 1394 haud
453 1355 594 1408 procul
625 1370 648 1395 a
672 1355 838 1395 flumine
871 1363 1003 1395 castra
1033 1356 1188 1409 posuit,
1226 1363 1390 1408 postero
1421 1355 1486 1395 die
1517 1363 1677 1409 praeter

320 1414 443 1456 Cales
475 1417 515 1456 in
541 1432 685 1470 agrum
714 1415 942 1457 Sidicinum
973 1416 1171 1470 pervenit.
1230 1416 1287 1456 ibi
1318 1417 1425 1456 diem
1450 1431 1579 1456 unum
1604 1432 1677 1470 po-

318 1477 498 1530 pulando
531 1487 712 1518 moratus
750 1493 824 1532 per
851 1477 1109 1519 Suessanum
1141 1476 1454 1530 Allifanumque
1487 1484 1526 1518 et
1557 1477 1676 1518 Casi-

317 1546 452 1579 natem
479 1554 624 1593 agrum
650 1540 716 1579 via
740 1540 893 1579 Latina
919 1540 1030 1579 ducit
1057 1538 1132 1579 sub
1160 1538 1372 1579 Casinum.
1431 1538 1524 1593 [ibi]
1552 1539 1677 1580 biduo

274 1612 292 1640 3
319 1600 465 1640 stativa
491 1600 629 1640 habita
656 1610 693 1641 et
720 1601 874 1654 passim
900 1601 1185 1654 populationes
1210 1600 1357 1641 factae.
1399 1601 1493 1641 inde
1518 1608 1679 1655 praeter

316 1660 595 1701 Interamnam
626 1661 924 1715 Aquinumque
955 1662 997 1702 in
1027 1662 1319 1716 Fregellanum
1351 1677 1496 1717 agrum
1527 1662 1579 1702 ad
1602 1662 1678 1702 Li-

316 1722 391 1762 rim
418 1723 589 1764 fiuvium
615 1733 801 1773 ventum,
829 1724 899 1765 ubi
924 1724 1162 1765 intercisum
1188 1734 1354 1779 pontem
1380 1740 1404 1765 a
1421 1724 1676 1779 Fregellanis

272 1797 289 1825 4
317 1786 502 1825 morandi
538 1786 693 1827 itineris
732 1802 856 1827 causa
893 1786 1060 1826 invenit.
1138 1793 1175 1826 et
1212 1786 1408 1826 Fulvium
1445 1786 1676 1827 Vulturnus

316 1854 499 1888 tenuerat
536 1849 686 1897 amnis,
724 1849 898 1890 navibus
932 1848 983 1889 ab
1009 1848 1245 1889 Hannibale
1277 1849 1454 1889 incensis
1486 1856 1593 1889 rates
1625 1848 1678 1888 ad

318 1909 586 1950 traiciendum
624 1911 848 1951 exercitum
885 1911 925 1950 in
963 1926 1115 1965 magna
1150 1910 1289 1964 inopia
1324 1910 1518 1950 materiae
1555 1924 1677 1963 aegre

272 1982 291 2011 5
318 1979 635 2026 comparantem.
698 1973 866 2013 traiecto
903 1972 1058 2013 ratibus
1091 1973 1271 2013 exercitu
1301 1972 1499 2012 relicuum
1530 1971 1677 2012 Fulvio

316 2034 551 2088 expeditum
582 2035 658 2075 iter
688 2050 770 2075 non
801 2050 874 2089 per
904 2034 1026 2075 urbes
1052 2035 1193 2083 modo,
1232 2035 1303 2075 sed
1335 2034 1442 2074 circa
1472 2034 1579 2074 viam
1606 2048 1677 2073 ex-

315 2096 458 2149 positis
508 2096 686 2152 benigne
735 2097 1032 2138 commeatibus
1082 2104 1190 2146 erat,
1247 2096 1485 2149 alacresque
1527 2095 1677 2135 milites

316 2159 419 2200 alius
451 2159 595 2209 alium,
633 2167 678 2200 ut
710 2160 877 2200 adderet
908 2160 1083 2215 gradum
1109 2174 1266 2200 memor
1297 2159 1348 2199 ad
1374 2157 1676 2198 defendendam

273 2236 290 2265 6
315 2221 363 2261 iri
399 2222 591 2275 patriam,
634 2221 914 2263 hortabantur.
986 2222 1164 2262 Romam
1201 2220 1472 2275 Fregellanus
1510 2219 1676 2259 nuntius

315 2283 423 2323 diem
449 2290 694 2337 noctemque
723 2284 866 2324 itinere
893 2283 1128 2324 continuato
1159 2283 1369 2338 ingentem
1395 2281 1527 2322 attulit
1552 2287 1678 2320 terro-

316 2359 400 2385 rem
410 2361 420 2394 ;
453 2345 744 2386 tumultuosius
771 2360 895 2398 quam
921 2345 1088 2385 allatum
1115 2352 1198 2385 erat
1225 2359 1347 2385 cursu
1368 2342 1580 2383 hominum
1606 2341 1677 2382 ad-

274 2422 288 2450 7
316 2406 558 2461 fingentium
584 2422 690 2447 vana
721 2407 870 2448 auditis
903 2414 1030 2447 totam
1056 2406 1200 2448 urbem
1233 2405 1433 2446 concibat.
1493 2404 1676 2458 ploratus

316 2468 533 2508 mulierum
565 2484 646 2509 non
684 2484 734 2510 ex
766 2469 935 2523 privatis
975 2469 1108 2509 solum
1139 2468 1330 2509 domibus
1369 2465 1676 2514 exaudiebatur,

318 2531 389 2570 sed
425 2531 606 2584 undique
645 2538 854 2572 matronae
890 2531 931 2571 in
968 2531 1179 2585 publicum
1217 2531 1372 2570 effusae
1411 2529 1518 2570 circa
1555 2528 1677 2567 desim

317 2591 488 2632 delubra
519 2593 768 2642 discurrunt,
808 2592 987 2634 crinibus
1021 2593 1155 2647 passis
1194 2607 1284 2632 aras
1318 2597 1526 2631 verrentes
1557 2588 1676 2628 nixae

273 2666 292 2695 S
318 2653 512 2707 genibus,
564 2655 732 2708 supinas
768 2670 915 2695 manus
954 2655 1006 2695 ad
1042 2654 1200 2695 caelum
1237 2668 1284 2694 ac
1321 2653 1420 2692 deos
1463 2650 1675 2690 tendentes

319 2721 582 2768 orantesque,
619 2724 663 2756 ut
694 2716 845 2776 urbenr
862 2716 1094 2757 Romanam
1120 2730 1142 2756 e
1166 2713 1356 2754 manibus
1387 2711 1568 2752 hostium
1601 2710 1676 2751 eri-
