1815 3184
320 258 402 298 206
569 263 722 298 LIBER
747 264 916 307 XXIIII,
943 264 997 297 41.
1017 264 1071 298 42.
1101 266 1148 307 [a.
1164 275 1198 298 u.
1213 275 1242 298 e.
1257 265 1333 300 540.
1346 266 1428 310 541]

318 368 410 421 plus
437 367 547 407 mille
578 367 792 407 hominum
824 372 988 421 captum
1021 380 1113 406 cum
1147 380 1220 407 sex
1244 373 1283 408 et
1308 367 1474 422 triginta
1497 369 1678 411 militari-

257 444 291 471 11
320 430 397 470 bus
436 430 578 484 signis.
638 430 693 470 ita
731 429 782 470 ab
814 429 976 483 Iliturgi
1005 443 1216 470 recessum
1247 436 1320 469 est.
1380 430 1554 485 Bigerra
1582 432 1676 472 inde

320 490 416 531 urbs
442 516 474 519 —
506 491 607 531 socii
643 498 681 531 et
718 491 760 531 hi
793 491 1076 531 Romanorum
1114 498 1228 531 erant
1252 516 1284 520 —
1309 507 1333 531 a
1365 491 1678 547 Carthaginien-

320 552 433 593 sibus
471 552 701 607 oppugnari
737 559 882 606 coepta
919 559 992 593 est.
1053 567 1144 593 eam
1182 552 1440 594 obsidionem
1476 554 1563 594 sine
1595 569 1679 595 cer-

319 615 469 655 tamine
495 615 718 655 adveniens
747 614 824 655 Cn.
853 613 994 668 Scipio
1021 614 1153 655 solvit.

276 689 289 716 1
402 676 655 717 XXXXII.
715 675 786 716 Ad
810 675 1014 716 Mundam
1041 676 1187 716 exinde
1213 684 1347 717 castra
1370 676 1529 717 Punica
1554 684 1677 725 mota,

319 744 358 777 et
382 737 563 778 Romani
594 753 642 779 eo
676 738 894 779 confestim
932 738 1060 778 secuti
1093 745 1198 778 sunt.
1259 738 1316 778 ibi
1347 738 1475 793 signis
1508 738 1678 779 conlatis

316 808 545 853 pugnatum
572 815 644 854 per
669 807 862 853 quattuor
886 800 1015 840 ferme
1041 799 1182 848 horas,
1209 800 1456 854 egregieque
1481 800 1679 840 vincenti-

316 860 394 901 bus
420 861 620 902 Romanis
659 862 824 916 signum
849 861 1031 915 receptui
1062 868 1124 902 est
1149 862 1307 910 datum,
1346 862 1457 915 quod
1483 861 1560 902 Cn.
1590 860 1679 902 Sci-

316 922 447 975 pionis
479 923 614 963 femur
644 923 805 979 tragula
837 923 1044 964 confixum
1081 929 1167 963 erat
1202 937 1411 977 pavorque
1447 924 1555 964 eirea
1585 938 1678 964 eum

271 996 290 1025 3
316 992 479 1037 ceperat
504 985 671 1034 milites,
698 1000 749 1026 ne
769 985 1025 1026 mortiferum
1051 992 1160 1025 esset
1184 985 1342 1026 volnus.
1381 991 1561 1026 ceterum
1579 985 1679 1025 haut

315 1046 485 1087 dubium
513 1047 606 1096 fuit,
645 1048 762 1100 quin,
802 1048 880 1088 nisi
906 1062 954 1088 ea
984 1062 1099 1088 mora
1128 1048 1433 1097 intervenisset,
1471 1055 1605 1088 castra
1630 1063 1678 1088 eo

316 1108 380 1148 die
411 1108 571 1149 Punica
610 1110 701 1163 capi
737 1110 955 1163 potuerint.
1016 1110 1098 1150 iam
1128 1125 1210 1150 non
1240 1110 1388 1149 milites
1422 1109 1572 1158 solum,
1617 1116 1678 1149 set

316 1169 521 1223 elephanti
546 1170 668 1211 etiam
694 1185 824 1223 usque
845 1171 897 1211 ad
916 1170 1068 1211 vallum
1088 1171 1166 1211 acti
1187 1177 1300 1211 erant
1319 1185 1521 1225 superque
1541 1170 1678 1224 ipsum

271 1243 291 1271 4
317 1245 465 1271 novem
503 1238 542 1272 et
578 1232 745 1286 triginta
788 1232 995 1286 elephanti
1037 1232 1130 1286 pilis
1168 1232 1327 1272 confixi.
1399 1232 1477 1273 hoe
1513 1247 1677 1285 quoque

314 1292 467 1345 proelio
493 1293 546 1333 ad
571 1293 788 1333 duodecim
813 1294 924 1334 milia
944 1293 1156 1334 hominum
1175 1293 1365 1334 dicuntur
1384 1308 1522 1343 caesa,
1549 1308 1677 1348 prope

314 1353 391 1393 tria
415 1360 534 1407 capta
559 1369 652 1394 cum
679 1355 806 1409 signis
832 1354 1075 1395 militaribus
1102 1362 1259 1408 septem
1285 1361 1324 1395 et
1343 1355 1652 1410 quinquaginta.

269 1428 289 1458 5
399 1414 470 1455 Ad
491 1414 722 1470 Auringem
748 1416 842 1456 inde
869 1416 1012 1456 urbem
1025 1415 1156 1456 Poeni
1180 1430 1404 1464 recessere,
1432 1423 1469 1456 et
1494 1423 1539 1456 ut
1564 1417 1677 1456 terri-

314 1476 365 1517 tis
391 1477 578 1525 instaret,
607 1485 772 1518 secutus
799 1478 1024 1518 Romanus.
1073 1477 1130 1517 ibi
1155 1477 1302 1517 iterum
1324 1476 1463 1531 Scipio
1489 1477 1677 1518 lecticula

314 1539 355 1577 in
381 1539 510 1579 aciem
535 1539 684 1579 inlatus
711 1539 907 1579 conflixit.
962 1553 1038 1579 nec
1063 1538 1189 1579 dubia
1213 1539 1382 1579 victoria
1407 1539 1503 1588 fuit3
1540 1540 1676 1580 minus

314 1607 451 1639 tamen
476 1600 643 1641 dimidio
668 1600 848 1641 hostium
868 1614 992 1653 quam
1018 1607 1154 1649 antea,
1181 1601 1277 1653 quia
1301 1601 1514 1654 pauciores
1537 1615 1678 1654 super-

270 1675 287 1703 6
314 1660 474 1701 fuerant
506 1661 576 1713 qui
606 1669 856 1716 pugnarent,
901 1661 1096 1702 occisum.
1159 1670 1219 1702 set
1250 1676 1352 1716 gens
1389 1670 1485 1703 nata
1520 1662 1677 1703 instau-

311 1723 448 1762 randis
485 1724 806 1776 reparandisque
843 1723 981 1772 bellis,
1025 1723 1210 1778 Magone
1247 1724 1299 1764 ad
1336 1723 1675 1777 conquisitionem

311 1784 487 1824 militum
514 1783 575 1839 [a]
604 1784 727 1825 fratre
754 1785 900 1834 misso,
927 1785 1043 1826 brevi
1063 1785 1235 1839 replevit
1254 1786 1476 1826 exercitum
1497 1786 1676 1826 animos-

312 1860 390 1898 que
418 1846 470 1886 ad
495 1847 779 1901 temptandum
806 1847 856 1887 de
882 1847 1043 1902 integro
1074 1854 1281 1888 certamen
1311 1847 1407 1888 fecit
1417 1863 1427 1896 3
1465 1847 1532 1887 alii
1555 1847 1676 1902 pleri-

311 1922 390 1960 que
416 1908 583 1957 milites,
611 1908 715 1949 sicut
740 1923 813 1963 pro
839 1915 954 1963 parte
980 1909 1127 1949 totiens
1153 1909 1259 1949 intra
1282 1923 1438 1962 paucos
1460 1910 1547 1949 dies
1568 1909 1675 1949 victa

312 1970 442 2009 isdem
462 1970 608 2011 animis
629 1970 778 2023 quibus
799 1972 974 2025 priores,
1000 1971 1057 2011 ita
1076 1970 1221 2011 eodem
1245 1977 1394 2010 eventu
1418 1985 1673 2024 pugnavere:

267 2045 284 2074 8
310 2030 402 2084 plus
429 2038 520 2072 octo
546 2032 658 2072 milia
681 2032 896 2072 hominum
921 2046 1042 2073 caesa
1066 2039 1106 2073 et
1129 2032 1230 2072 haut
1248 2032 1376 2072 multo
1395 2032 1530 2072 minus
1550 2045 1673 2084 quam

310 2093 420 2132 mille
458 2100 623 2147 captum
660 2100 700 2134 et
743 2094 861 2149 signa
898 2093 1089 2135 militaria
1130 2094 1430 2148 quinquaginta
1475 2101 1586 2142 oct03
1635 2099 1675 2133 et

312 2154 441 2207 spolia
471 2155 647 2209 plurima
679 2154 841 2196 Gallica
873 2156 1008 2205 fuere,
1045 2156 1157 2196 aurei
1194 2162 1359 2209 torques
1396 2154 1672 2208 armillaeque,

310 2231 486 2271 magnus
518 2232 726 2258 numerus.
777 2217 859 2258 duo
892 2218 1016 2258 ctiam
1046 2217 1231 2272 insignes
1254 2216 1387 2272 reguli
1415 2215 1675 2258 Gallorum—

310 2277 627 2332 Moeniacoepto
658 2286 697 2320 et
722 2278 917 2320 Vismaro
953 2279 1119 2320 nomina
1149 2285 1263 2319 erant
1286 2303 1321 2307 —
1345 2293 1393 2318 eo
1423 2278 1578 2332 proelio
1609 2292 1674 2318 ce-

311 2340 508 2381 ciderunt.
569 2347 662 2382 octo
689 2341 896 2395 elephanti
922 2340 1049 2395 capti,
1075 2347 1157 2381 tres
1184 2340 1321 2381 occisi.
1435 2342 1439 2345 ’

266 2415 283 2444 9
397 2401 506 2442 Cum
530 2409 615 2443 tam
638 2417 859 2457 prosperae
878 2417 943 2443 res
963 2403 1004 2442 in
1017 2402 1224 2457 Hispania
1243 2408 1399 2452 essent,
1426 2402 1673 2443 verecundia

310 2462 520 2506 Romanos
546 2465 710 2506 tandem
737 2465 864 2519 cepit,
904 2464 1138 2520 Saguntum
1165 2465 1381 2519 oppidum,
1418 2479 1523 2519 quae
1549 2479 1674 2505 causa

311 2523 407 2565 belli
443 2533 570 2576 esset,
607 2533 799 2567 octavum
834 2527 917 2567 iam
954 2542 1106 2567 annum
1140 2526 1216 2568 sub
1252 2527 1434 2567 hostium
1470 2532 1672 2580 potestate

246 2604 287 2633 10
312 2601 415 2628 esse.
475 2589 612 2642 itaque
637 2589 678 2629 id
704 2589 900 2643 oppidum
932 2589 973 2629 vi
1002 2589 1122 2643 pulso
1146 2589 1350 2643 praesidio
1375 2589 1533 2630 Punico
1562 2601 1673 2628 rece-

311 2657 457 2700 perunt
488 2650 795 2704 cultoribusque
827 2651 1025 2704 antiquis,
1064 2665 1166 2704 quos
1199 2665 1251 2692 ex
1279 2651 1329 2692 iis
1360 2651 1423 2691 vis
1453 2650 1670 2702 reliquerat

247 2722 285 2750 11
312 2708 426 2757 belli,
463 2712 740 2752 restituerunt.
802 2719 841 2752 et
865 2712 1146 2761 Turdetanos,
1183 2713 1253 2765 qui
1289 2716 1574 2752 contraxerant
1611 2708 1668 2748 eis

274 749 292 777 tx:

269 1860 284 1887 λ]
