1815 3184
462 201 615 235 LIBER
638 200 802 244 xxvu,
828 200 956 234 4140.
985 198 1087 243 [ao.
1103 199 1185 243 207]
1414 189 1498 231 375

156 321 283 347 annos
297 305 487 347 Romano
508 304 775 346 exercitatum
792 304 913 354 bello,
934 302 1100 358 gemina
1112 302 1283 344 victoria
1294 301 1500 357 insignem

156 369 315 410 duobus
341 368 586 410 exercitibus
613 382 708 408 00111
733 366 970 408 clarissimis
997 366 1170 406 ducibus
1198 365 1356 406 deletis.
1404 380 1500 405 nam

154 430 308 472 itineris
329 430 495 484 quidem
515 429 720 470 celeritate
741 444 791 470 ex
804 428 1012 484 Hispania
1030 435 1070 469 et
1090 427 1302 469 concitatis
1323 427 1376 467 ad
1389 441 1502 467 arma

158 491 327 533 Gallicis
359 492 552 546 gentibus
584 492 711 533 multo
742 491 875 545 magis
908 505 1031 544 quam
1054 489 1334 530 Hannibalem
1365 488 1503 543 ipsum

155 554 320 608 gloriari
349 569 491 608 posse:
529 553 680 608 quippe
710 552 753 593 111
782 553 831 593 iis
862 552 962 594 locis
995 552 1104 592 hunc
1135 551 1322 606 coegisse
1348 550 1502 592 exerci-

156 625 260 665 tum,
288 616 434 669 quibus
454 616 522 657 ille
541 616 739 657 maiorem
757 622 916 670 partem
933 614 1109 654 militum
1128 614 1238 654 fame
1264 627 1311 654 ac
1335 613 1501 668 frigore,

155 692 260 730 quae
284 677 514 718 miserrima
537 677 679 718 mortis
705 692 859 731 genera
884 676 982 725 sint,
1009 675 1228 716 amisisset.
1273 675 1504 716 adiciebant

155 739 278 780 etiam
296 739 415 794 periti
433 755 571 780 rerum
590 739 839 794 Hispaniae,
866 739 977 779 haud
997 753 1090 779 00111
1113 738 1255 793 ignoto
1281 753 1375 779 eum
1400 738 1502 778 duce

156 800 205 842 C.
238 802 402 842 Nerone
439 816 776 856 congressurum,
816 801 890 842 sed
926 815 1049 854 quem
1084 800 1127 840 in
1164 800 1271 841 saltu
1305 799 1502 854 impedito

156 864 382 917 deprensus
414 863 519 904 forte
550 863 661 903 haud
692 877 810 903 secus
843 877 966 915 quam
995 876 1168 916 puerum
1194 861 1502 903 conscribendis

153 926 368 966 fallacibus
395 925 704 967 condicionibus
729 925 843 980 pacis
869 925 1091 965 frustratus
1118 924 1322 966 elusisset.
1366 924 1504 965 omnia

153 987 308 1028 maiora
339 987 462 1027 etiam
495 1002 591 1028 vero
616 987 824 1042 praesidia
848 987 1048 1036 hostium,
1081 986 1241 1028 minora
1267 1002 1359 1036 sua,
1390 994 1502 1027 metu

152 1049 372 1103 interprete
399 1064 561 1103 semper
584 1049 627 1089 in
653 1049 856 1090 deteriora
879 1049 1094 1097 inclinato,
1121 1049 1339 1089 ducebant.

235 1110 484 1153 XXXXV.
526 1112 636 1152 Nero
656 1118 878 1165 postquam
898 1117 1057 1151 tantum
1075 1109 1280 1150 intervalli
1306 1110 1357 1150 ab
1383 1109 1501 1150 hoste

151 1172 323 1221 fecerat,
350 1179 394 1212 ut
414 1172 551 1228 detegi
576 1172 793 1214 consilium
820 1172 919 1213 satis
945 1179 1079 1212 tutum
1104 1179 1233 1221 esset,
1259 1171 1402 1227 paucis
1428 1171 1503 1211 mi-

150 1234 243 1275 lites
288 1234 518 1288 alloquitur.
584 1242 711 1289 negat
752 1234 874 1274 ullius
913 1234 1130 1275 consilium
1166 1233 1425 1288 imperatoris
1462 1233 1505 1274 in

152 1296 332 1351 speciem
357 1296 573 1345 audacius,
605 1311 649 1337 re
674 1297 767 1352 ipsa
791 1296 918 1337 tutius
944 1296 1074 1337 fuisse
1101 1311 1225 1349 quam
1259 1311 1391 1337 suum.
1453 1296 1505 1336 ad

152 1366 307 1399 certam
337 1373 408 1399 eos
442 1373 486 1399 se
511 1358 726 1399 victoriam
751 1359 919 1399 ducere:
958 1358 1112 1413 quippe
1138 1358 1190 1398 ad
1216 1358 1326 1411 quod
1350 1357 1505 1398 bellum

152 1421 312 1475 collega
335 1436 418 1461 non
444 1428 555 1470 ante,
588 1435 711 1474 quam
737 1421 790 1462 ad
816 1421 1047 1462 satietatem
1072 1420 1202 1475 ipsius
1227 1421 1414 1475 peditum
1445 1428 1505 1461 at-

153 1498 232 1536 que
264 1482 447 1536 equitum
478 1483 598 1524 datae
624 1484 675 1524 ab
702 1491 848 1524 senatu
873 1483 1015 1538 copiae
1040 1483 1218 1524 fuissent
1241 1483 1417 1524 maiores
1443 1483 1505 1523 in-

155 1545 474 1598 structioresque
506 1560 631 1599 quam
661 1546 696 1586 si
721 1546 920 1587 adversus
945 1545 1084 1600 ipsum
1108 1545 1390 1586 Hannibalem
1414 1545 1504 1595 iret,

154 1608 363 1663 profectus
391 1607 460 1657 sit,
493 1623 541 1649 eo
566 1608 699 1663 ipsos,
733 1617 1110 1661 quantumcumque
1141 1608 1289 1648 virium
1320 1623 1505 1649 momen-

155 1679 241 1710 tum
267 1670 516 1719 addiderint,
542 1685 630 1711 rem
654 1686 818 1712 omnem
842 1671 1125 1712 inclinaturos.
1176 1671 1362 1711 auditum
1380 1671 1503 1712 modo

154 1734 196 1774 in
221 1733 308 1774 acie
331 1757 365 1762 —
388 1749 485 1774 nam
508 1748 559 1774 116
586 1741 680 1774 ante
706 1733 927 1783 audiretur,
959 1734 1151 1774 daturum
1177 1748 1346 1788 operam
1369 1756 1414 1783 —,
1448 1733 1506 1773 al-

154 1807 286 1837 terum
328 1796 540 1836 consulem
581 1803 621 1836 et
663 1795 837 1836 alterum
878 1796 1103 1837 exercitum
1140 1796 1358 1837 advenisse
1394 1795 1506 1836 haud

155 1857 322 1898 dubiam
353 1857 566 1898 victoriam
595 1858 812 1898 facturum.
873 1857 1027 1898 famam
1058 1858 1213 1899 bellum
1238 1858 1439 1899 conficere
1464 1865 1503 1898 et

154 1935 283 1975 parva
324 1927 532 1961 momenta
571 1920 614 1960 in
652 1935 769 1974 spem
804 1927 1040 1974 metumque
1075 1920 1286 1975 impellere
1324 1920 1503 1961 animos:

156 1981 309 2036 gloriae
346 1982 513 2034 quidem
548 1996 600 2022 ex
634 1996 678 2022 re
709 1983 815 2023 bene
846 1990 966 2037 gesta
995 1990 1137 2037 partae
1168 1983 1346 2023 fructum
1377 1997 1505 2037 prope

156 2058 320 2084 0111116111
348 2045 462 2098 ipsos
486 2044 660 2093 laturos3
694 2059 856 2099 semper
881 2045 992 2098 quod
1015 2051 1272 2099 postremum
1299 2044 1505 2085 adiectum

158 2105 228 2154 sit,
254 2106 296 2146 id
319 2121 406 2147 rem
431 2113 559 2148 totam
584 2106 715 2147 videri
740 2106 929 2148 traxisse.
973 2121 1139 2148 06111616
1164 2107 1277 2162 ipsos
1303 2122 1383 2160 quo
1410 2121 1506 2147 con-

159 2182 301 2217 011150,
340 2182 421 2221 qua
452 2169 739 2219 admiratione,
777 2184 857 2223 quo
883 2170 1024 2210 favore
1049 2169 1262 2211 hominum
1285 2169 1361 2209 iter
1387 2184 1507 2209 suum

159 2229 398 2271 celebretur.
459 2238 498 2272 et
530 2231 694 2272 hercule
724 2246 798 2286 per
822 2231 1023 2273 instructa
1047 2231 1186 2273 omnia
1209 2231 1420 2272 ordinibus
1447 2231 1507 2271 vi-

158 2306 296 2332 rorum
321 2292 619 2345 mulierumque
638 2293 819 2346 undique
840 2308 891 2334 ex
911 2294 1020 2349 agris
1042 2294 1268 2335 effusorum
1287 2293 1392 2334 inter
1410 2300 1507 2334 vota

160 2361 199 2394 et
234 2368 377 2409 preces
415 2361 456 2395 et
489 2354 633 2396 laudes
670 2355 802 2405 ibant3
845 2356 936 2397 illos
973 2356 1180 2412 praesidia
1214 2355 1274 2396 rei
1303 2355 1504 2410 publicae,

160 2416 342 2457 vindices
375 2417 487 2457 urbis
513 2417 726 2459 Romanae
755 2418 996 2473 imperiique
1027 2418 1309 2474 appellabant:
1346 2417 1388 2458 in
1416 2418 1506 2459 illo-

160 2493 251 2518 rum
281 2478 404 2519 armis
436 2479 673 2533 dextrisque
707 2495 842 2530 suam,
879 2481 1102 2522 liberorum
1133 2495 1300 2522 suorum
1332 2480 1506 2521 salutem

161 2555 208 2582 ac
238 2541 467 2583 libertatem
497 2543 721 2597 repositam
752 2558 857 2585 esse.
918 2544 1017 2585 deos
1049 2543 1182 2585 omnis
1209 2543 1389 2596 deasque
1412 2558 1505 2598 pre-

160 2604 370 2653 cabantur,
402 2612 448 2645 ut
470 2605 550 2645 illis
575 2605 757 2646 faustum
782 2605 858 2646 iter
868 2605 1002 2659 (que),
1034 2606 1134 2647 felix
1157 2621 1314 2661 pugna,
1346 2614 1506 2646 matura

160 2680 211 2706 ex
241 2666 427 2708 hostibus
459 2667 629 2709 victoria
659 2676 770 2709 esset
801 2668 1172 2722 damnarenturque
1197 2667 1275 2723 ipsi
1301 2674 1501 2717 votorum,

1527 562 1545 592 8

1529 688 1545 717 9

1530 938 1569 967 10

1529 2558 1548 2587 8
