1815 3184
446 263 597 297 Llssssn
622 263 734 305 xxr,
759 262 812 295 60.
831 262 883 295 61.
913 263 961 304 [a.
978 260 1015 295 c.
1031 261 1111 305 ais]
1409 251 1462 291 51

105 368 276 410 dicionis
297 367 406 408 fecit.
449 366 544 407 inde
565 366 779 407 conciliata
806 363 975 420 [gratia]
1004 364 1324 416 clementiaeque
1349 362 1462 403 sama>
1487 376 1507 404 4

107 446 190 472 non
226 430 278 471 ad
313 428 539 469 maritimos
576 427 699 468 niodo
735 426 929 481 populos,
969 426 1042 467 sed
1076 426 1119 466 in
1155 423 1462 466 mediterraneis

106 507 270 546 quoque
296 506 343 532 ac
369 490 573 531 montanis
600 490 652 530 ad
683 489 904 530 ferociores
930 488 1012 528 iam
1036 494 1180 543 gentes
1205 487 1331 527 valuit
1341 503 1351 536 3
1388 500 1463 526 nec

106 570 188 609 pax
207 553 329 594 modo
350 559 448 607 aput
468 567 552 601 eos,
574 552 647 592 sed
669 551 842 591 societas
868 550 990 590 etiam
1011 564 1216 590 armorum
1240 556 1383 603 parata
1402 554 1464 588 est

110 616 352 667 validaeque
384 614 539 667 aliquot
570 613 813 654 auxiliorum
846 612 1034 652 cohortes
1061 626 1112 652 ex
1136 612 1185 651 iis
1211 610 1465 664 conscriptae

111 684 218 718 sunt.
261 676 480 716 Hannonis
503 675 560 716 cis
575 675 780 715 Hiberum
805 674 1017 728 provincia
1042 680 1146 723 erat3
1174 688 1267 714 eum
1292 672 1466 725 relique·
1491 680 1509 708 5

110 746 171 779 rat
196 738 407 778 Hannibal
433 737 485 778 ad
508 737 688 792 regionis
715 736 802 776 eius
828 735 1091 790 praesidium.
1151 735 1307 788 itaque,
1334 734 1466 787 prius-

110 816 235 854 quam
261 800 534 841 alienarentur
553 799 702 847 omnia,
726 797 890 838 obviam
916 798 1097 838 eundum
1121 803 1232 838 ratus
1260 796 1404 837 castris
1424 796 1467 835 in

111 869 333 916 conspectu
358 861 540 902 hostium
565 860 710 914 positis
736 860 779 899 in
804 859 934 900 aciem
961 859 1113 899 eduxit.
1174 873 1249 899 nec
1274 858 1463 899 Romano
1491 863 1509 893 6

112 924 384 964 differendum
412 930 617 963 certamen
642 921 791 970 visum,
818 921 970 974 quippe
995 921 1065 973 qui
1091 920 1212 961 sciret
1237 935 1330 960 cum
1349 919 1468 960 Han-

110 1000 217 1026 none
243 993 282 1025 et
306 984 572 1025 Hasdrubale
605 983 684 1024 sibi
716 983 995 1023 dimicandum
1028 997 1119 1023 esse
1144 982 1364 1034 malletque
1396 981 1467 1021 ad-

109 1060 253 1087 versus
280 1045 464 1100 singulos
493 1044 712 1098 separatim
733 1059 855 1096 quam
881 1044 1079 1084 adversus
1105 1043 1208 1083 duos
1236 1042 1357 1083 simul
1381 1057 1466 1082 rem
1495 1048 1498 1054 '

109 1121 264 1162 gerere.
314 1121 389 1147 nec
414 1106 555 1160 magni
581 1105 813 1146 certaminis
834 1119 882 1145 ea
902 1104 1110 1145 dimicatio
1135 1104 1231 1144 suit:
1259 1118 1333 1144 sex
1357 1103 1468 1143 milia
1496 1110 1512 1138 7

109 1169 288 1210 hostium
315 1183 447 1217 caesa,
474 1168 556 1208 duo
583 1174 702 1221 capta
727 1181 821 1207 cum
846 1166 1052 1220 praesidio
1078 1172 1318 1206 castrorum.
1373 1180 1469 1205 nam

110 1237 149 1271 et
168 1237 301 1271 castra
326 1236 562 1284 expugnata
588 1235 683 1270 sunt
709 1235 831 1282 atque
856 1229 944 1282 ipse
964 1229 1049 1268 dux
1068 1243 1161 1268 cum
1181 1227 1335 1280 aliquot
1360 1227 1469 1281 prin-

111 1291 269 1346 cipibus
297 1291 513 1346 capiuntur
532 1298 571 1332 et
587 1290 719 1332 Cissis
744 1291 989 1344 propincum
1014 1290 1159 1330 castris
1181 1290 1378 1343 oppidum
1400 1303 1470 1328 ex-

110 1362 328 1409 pugnatur.
391 1360 571 1393 ceterum
601 1353 754 1407 praeda
778 1352 918 1406 oppidi
942 1352 1059 1406 parvi
1082 1351 1186 1406 preti
1216 1366 1352 1392 rerum
1378 1350 1467 1399 fuit,
1495 1356 1514 1385 S

113 1416 299 1470 supellex
323 1415 536 1456 barbarica
560 1430 607 1456 ac
627 1415 768 1455 vilium
794 1415 1112 1469 mancipiorun];
1140 1421 1273 1454 castra
1298 1413 1469 1453 militem
1496 1420 1513 1448 9

113 1477 292 1518 ditavere
324 1492 405 1517 non
431 1477 517 1517 eius
551 1477 673 1517 modo
699 1477 901 1517 exercitus
934 1476 1004 1529 qui
1028 1476 1161 1517 victus
1193 1482 1296 1524 erat,
1332 1475 1404 1515 sed
1431 1480 1471 1514 et

114 1539 200 1579 eius
227 1539 296 1592 qui
321 1553 415 1579 cum
439 1538 675 1579 Hannibale
701 1539 743 1578 in
767 1538 888 1579 Italia
918 1537 1139 1585 militabat,
1167 1537 1357 1577 omnibus
1383 1536 1469 1576 fere

115 1601 218 1640 caris
244 1600 379 1649 rebus,
405 1615 456 1640 ne
475 1600 617 1655 gravia
642 1600 920 1654 inpedimenta
939 1599 1165 1640 ferentibus
1193 1605 1342 1647 essent,
1370 1598 1470 1638 citra

116 1661 373 1716 Pyrenaeum
399 1662 564 1703 relictis.

199 1723 323 1764 LXI.
372 1723 622 1777 Priusquam
653 1730 763 1764 certa
792 1724 915 1764 huius
949 1724 1076 1764 cladis
1111 1723 1221 1764 fama
1254 1723 1467 1771 accideret,
1500 1736 1511 1763 1

114 1793 396 1839 transgressus
421 1785 627 1827 Hiberum
653 1785 897 1826 Hasdrubal
922 1801 1014 1826 cum
1041 1793 1133 1826 octo
1159 1785 1324 1826 milibus
1356 1785 1471 1839 pedi-

115 1855 220 1896 tum,
254 1847 364 1888 mille
397 1849 580 1901 equitum
606 1854 816 1901 tamquam
848 1848 901 1888 ad
924 1849 1102 1902 primum
1135 1849 1357 1889 adventum
1388 1847 1472 1888 Ro-

115 1924 328 1949 manorum
364 1924 628 1958 occursurus,
666 1916 886 1963 postquam
922 1910 1103 1964 perditas
1134 1925 1200 1950 res
1233 1910 1285 1950 ad
1317 1909 1471 1950 Cissim

115 1971 348 2023 amissaque
381 1979 515 2011 castra
545 1973 721 2025 accepit,
754 1971 830 2011 iter
861 1972 913 2011 ad
945 1986 1056 2012 mare
1089 1971 1300 2012 convertit.
1360 1971 1470 2010 haud

116 2032 256 2084 procul
271 2032 501 2072 Tarracone
523 2033 717 2073 classicos
743 2033 890 2073 milites
916 2033 1167 2085 navalesque
1189 2032 1322 2073 socios
1342 2046 1471 2085 vagos

118 2093 374 2146 palantisque
410 2109 482 2147 per
513 2109 653 2148 agros,
687 2095 798 2147 qnod
830 2094 958 2134 ferme
989 2094 1052 2143 fit,
1086 2103 1132 2134 ut
1164 2094 1370 2134 secundae
1405 2107 1471 2133 res

119 2153 418 2208 neglegentiam
451 2162 606 2204 creent,
639 2156 775 2208 equite
805 2156 961 2209 passim
993 2155 1164 2196 dimisso
1194 2170 1290 2195 cum
1321 2170 1473 2209 magna

119 2215 261 2264 caede,
287 2216 440 2256 maiore
464 2216 565 2271 fuga
589 2217 641 2257 ad
665 2232 791 2257 naves
818 2217 1023 2270 conpellit.
1083 2231 1159 2257 nee
1184 2216 1338 2257 diutius
1364 2217 1470 2256 circa
1498 2229 1516 2257 3

119 2290 167 2316 ca
190 2276 281 2317 loca
306 2277 454 2318 morari
479 2292 622 2326 ausus,
649 2293 700 2319 ne
725 2278 776 2319 ab
803 2277 998 2332 Scipione
1024 2279 1332 2332 opprimeretur,
1359 2284 1470 2318 trans

119 2337 322 2377 Hiberum
349 2352 440 2379 sese
464 2339 628 2393 recepit.
685 2347 724 2380 et
751 2338 892 2394 Scipio
917 2340 1065 2394 raptim
1090 2340 1142 2380 ad
1168 2340 1321 2380 famam
1345 2354 1473 2379 novo·
1498 2352 1517 2379 4

119 2413 208 2438 rum
233 2398 413 2439 hostium
437 2400 600 2454 agmine
627 2407 736 2449 acto,
770 2415 863 2441 cum
895 2401 937 2440 in
960 2415 1114 2455 paucos
1145 2400 1376 2455 praefectos
1402 2416 1473 2441 na-

118 2460 231 2500 vium
257 2460 630 2510 animadvertisset,
657 2462 861 2516 praesidio
887 2462 1119 2503 Tarracone
1145 2462 1306 2503 modico
1330 2462 1471 2502 relicto

120 2521 338 2576 Emporias
364 2537 458 2563 cum
483 2523 614 2565 classe
638 2524 769 2564 rediit.
817 2524 986 2564 vixdum
1013 2524 1200 2578 digresso
1221 2538 1268 2564 eo
1281 2523 1472 2564 Hasdru·
1497 2537 1516 2565 5

117 2583 185 2624 bal
210 2583 362 2633 aderat,
385 2590 424 2625 et
438 2584 661 2639 Ilergetum
686 2585 852 2639 populo,
874 2586 944 2639 qui
963 2585 1128 2626 obsides
1145 2584 1330 2639 Scipioni
1349 2585 1472 2626 dede-

116 2651 190 2694 rat,
212 2645 264 2686 ad
284 2646 556 2687 defectionem
580 2647 755 2702 inpulso,
777 2662 869 2688 cum
890 2662 1028 2688 eorum
1054 2648 1237 2702 ipsorum
1262 2647 1471 2687 iuventute

117 2722 237 2761 agros
268 2707 451 2748 fidelium
482 2708 680 2750 Romanis
714 2709 918 2750 sociorum
950 2716 1096 2750 vastat.
1157 2709 1291 2750 excito
1323 2709 1469 2749 deinde
1496 2722 1512 2750 G

1196 2775 1243 2808 4*

1498 1983 1515 2010 10
