1815 3184
351 228 434 270 374
639 233 792 268 LIBER
808 208 981 277 xxxin,
1007 234 1061 267 43.
1080 233 1136 266 44.
1163 237 1211 277 [a.
1225 246 1260 268 u.
1275 245 1304 268 e.
1318 235 1400 281 547]

307 353 326 383 8
352 345 538 379 verteret.
593 336 737 378 litteris
762 336 1039 377 Hasdrubalis
1063 336 1242 378 Romam
1266 337 1319 378 ad
1344 345 1532 378 senatum
1554 339 1691 380 missis

307 538 324 567 9

287 662 326 691 10

286 972 323 1000 11

309 1782 325 1810 10

352 400 473 441 simul
502 407 541 440 et
571 399 660 453 ipse
689 406 828 453 patres
854 398 1107 453 conscriptos
1134 398 1233 452 quid
1254 406 1419 454 pararet
1443 399 1604 450 edocet,
1634 411 1692 449 ut,

352 477 445 502 cum
475 461 518 501 in
541 461 719 503 Umbria
749 475 793 502 se
823 475 1089 502 occursurum
1112 461 1354 502 Hasdrubal
1383 461 1499 502 fratri
1530 462 1692 511 scribat,

350 524 556 578 legionem
592 538 617 564 a
652 521 799 578 Capua
832 523 1011 564 Romam
1047 530 1276 572 arcessant,
1315 523 1508 564 dilectum
1536 523 1694 565 Romae

350 586 547 635 habeant,
574 585 798 626 exercitum
823 586 1026 626 urbanum
1051 585 1103 626 ad
1120 585 1318 626 Narniam
1339 585 1448 626 hosti
1473 594 1693 640 opponant.

350 648 452 689 haec
483 655 628 689 senatu
662 648 825 702 scripta.
884 647 1101 702 praemissi
1130 648 1228 688 item
1252 663 1326 702 per
1351 663 1497 702 agrum
1520 648 1696 689 Larina-

350 717 453 759 tem,
478 709 781 758 Marrucinum,
805 710 1079 759 Frentanum,
1109 709 1443 759 Praetutianum,
1476 724 1556 763 qua
1580 725 1696 751 exer-

351 771 476 812 citum
503 772 699 812 ducturus
725 780 829 820 erat,
861 780 906 812 ut
930 787 1072 813 omnes
1099 787 1150 812 ex
1175 771 1285 827 agris
1310 771 1562 824 urbibusque
1587 786 1696 813 com-

351 842 510 874 meatus
546 841 713 890 paratos
750 833 869 874 militi
899 834 951 874 ad
982 834 1234 874 vescendum
1264 834 1307 874 in
1337 833 1446 874 viam
1477 834 1695 883 deferrent,

352 910 480 949 equos
505 895 767 948 iumentaque
794 895 873 936 alia
890 896 1182 951 producerent,
1207 903 1253 936 ut
1271 895 1554 937 vehiculorum
1572 896 1695 938 fessis

353 958 472 1012 copia
507 966 630 999 esset.
689 958 778 1013 ipse
817 958 867 998 (le-
903 966 988 999 toto
1020 958 1202 999 exercitu
1232 957 1382 998 civium
1412 957 1696 1012 sociorumque

352 1021 463 1073 quod
485 1021 644 1062 loboris
670 1029 757 1061 erat
782 1020 952 1075 delegit,
980 1035 1055 1061 sex
1078 1020 1191 1061 milia
1213 1019 1417 1090 peditum,
1449 1020 1560 1061 mille
1585 1021 1698 1074 equi-

352 1089 433 1131 tes,
464 1083 701 1136 pronuntiat
726 1097 927 1137 occupare
954 1097 997 1123 se
1021 1082 1064 1122 in
1088 1082 1272 1123 Lucanis
1297 1082 1529 1137 proximam
1552 1083 1696 1123 urbem

351 1144 636 1198 Punicumque
671 1145 713 1185 in
749 1160 798 1185 ea
833 1144 1085 1199 piaesidium
1119 1144 1243 1192 ere,
1286 1152 1330 1184 ut
1367 1145 1419 1184 ad
1454 1144 1531 1185 iter
1565 1145 1697 1199 palati

354 1221 496 1247 omnes
534 1214 685 1247 essent.
743 1207 954 1261 profectus
995 1213 1115 1247 nocte
1157 1206 1271 1246 flexit
1306 1205 1348 1246 in
1383 1206 1597 1247 Picenum.
1659 1215 1698 1247 et

353 1269 496 1309 consul
521 1269 687 1322 quidem
712 1268 874 1322 quantis
898 1268 1087 1309 maximis
1113 1268 1326 1308 itineribus
1348 1275 1509 1323 poterat
1529 1269 1582 1309 ad
1602 1283 1698 1310 con—

351 1330 489 1386 legam
518 1331 693 1372 ducebat
723 1331 864 1372 relicto
890 1330 943 1382 Q.
972 1327 1092 1371 Catio
1118 1330 1274 1385 legato,
1312 1330 1381 1383 qui
1405 1331 1549 1371 castris
1580 1346 1698 1385 prae-

355 1403 478 1433 esset.

437 1454 736 1499 XXXXHH.
773 1454 932 1494 Romae
952 1453 1063 1493 haud
1081 1452 1216 1493 minus
1237 1452 1402 1494 terroris
1429 1467 1476 1494 ac
1502 1454 1697 1495 tumultus

353 1528 457 1566 crat,
496 1531 620 1570 quam
649 1517 784 1556 fuerat
813 1515 978 1556 biennio
1011 1522 1122 1564 ante,
1160 1529 1253 1555 cum
1285 1523 1419 1556 castra
1442 1516 1603 1557 Punica
1627 1517 1699 1558 ob—

351 1580 457 1620 iecta
479 1578 679 1619 Romanis
710 1578 926 1619 moenibus
957 1578 1169 1632 portisque
1200 1578 1375 1619 fuerant.
1434 1593 1567 1632 neque
1599 1579 1698 1620 satis

352 1642 568 1683 constabat
599 1640 764 1689 animis,
802 1648 886 1681 tam
917 1641 1053 1681 audax
1082 1640 1159 1681 iter
1191 1640 1369 1681 consulis
1402 1641 1616 1682 laudarent
1640 1642 1700 1683 vi-

351 1712 660 1758 tuperarentne3
687 1704 930 1758 apparebat,
957 1717 1037 1756 quo
1056 1703 1157 1743 nihil
1176 1703 1354 1757 iniquius
1376 1711 1450 1753 est,
1477 1719 1529 1745 ex
1549 1711 1699 1745 eventu

352 1768 506 1807 famam
531 1765 785 1806 habiturum:
830 1774 964 1806 castra
995 1780 1122 1820 prope
1146 1766 1426 1806 Hannibalem
1450 1766 1613 1808 hostem
1635 1782 1700 1808 re-

352 1829 448 1878 licta
473 1828 560 1869 sine
587 1828 709 1877 duce,
741 1843 835 1869 cum
861 1828 1061 1877 exercitu,
1093 1827 1158 1868 cui
1183 1828 1410 1869 detractum
1443 1829 1548 1870 foret
1579 1844 1699 1870 omne

353 1890 464 1944 quod
486 1890 665 1939 roboris,
693 1891 803 1944 quod
827 1890 937 1931 floris
963 1890 1104 1939 fuerit,
1137 1898 1177 1931 et
1202 1890 1414 1931 consulem
1437 1891 1479 1930 in
1503 1891 1699 1933 Lucanos

354 1952 585 1994 ostendisse
617 1953 706 2002 iter,
738 1967 832 1993 cum
855 1952 1058 1993 Picenum
1089 1959 1129 1993 et
1155 1951 1335 1993 Galliam
1358 1960 1534 2007 peteret,
1566 1960 1701 1994 castra

352 2015 650 2068 relinquentem
675 2015 788 2055 nulla
814 2015 893 2056 alia
916 2030 961 2056 re
986 2015 1136 2056 tutiora
1155 2029 1278 2068 quam
1299 2030 1434 2056 errore
1453 2015 1603 2065 hostis,
1630 2016 1701 2069 qui

354 2078 501 2118 ducem
541 2077 636 2118 inde
680 2085 802 2131 atque
845 2077 1048 2118 exercitus
1090 2086 1249 2132 partem
1291 2077 1437 2117 abesse
1478 2077 1699 2131 ignoraret.

355 2140 453 2193 quid
487 2140 690 2189 futurum,
728 2140 763 2181 si
793 2140 835 2180 id
864 2140 1002 2195 palam
1031 2139 1103 2180 fiat
1134 2146 1175 2180 et
1204 2146 1273 2180 aut
1302 2139 1464 2192 insequi
1493 2140 1700 2181 Neronem

355 2217 448 2243 cum
492 2217 566 2243 sex
604 2202 770 2243 milibus
813 2209 1062 2244 armatorum
1096 2201 1329 2256 profectum
1364 2201 1578 2242 Hannibal
1614 2209 1699 2242 toto

355 2264 537 2306 exercitu
580 2265 679 2305 velit
715 2272 785 2305 aut
821 2272 956 2305 castra
991 2264 1186 2304 invadere
1222 2264 1400 2318 praedae
1436 2263 1578 2305 relicta
1613 2263 1699 2305 sine

355 2327 529 2376 viribus,
568 2326 655 2367 sine
685 2326 875 2381 imperio,
915 2326 1002 2367 sine
1034 2326 1242 2381 auspicio?
1289 2334 1448 2367 veteres
1481 2326 1568 2366 eius
1603 2325 1701 2367 belli

355 2389 511 2438 clades,
550 2389 631 2430 duo
663 2389 853 2430 consules
884 2388 1072 2443 proximo
1103 2403 1210 2429 anno
1240 2388 1444 2429 interfecti
1475 2388 1699 2429 terrebant:

356 2462 395 2491 et
421 2466 469 2491 ea
493 2451 630 2492 omnia
655 2451 874 2500 accidisse,
908 2466 1000 2492 cum
1024 2466 1130 2492 unus
1156 2451 1389 2505 imperator,
1414 2465 1521 2491 unus
1547 2449 1699 2491 exerci-

355 2520 421 2552 tus
447 2512 629 2554 hostium
652 2513 695 2554 in
718 2513 840 2554 Italia
864 2520 992 2562 esset3
1024 2527 1134 2553 nunc
1158 2513 1238 2553 duo
1262 2512 1373 2553 bella
1394 2512 1555 2553 Punica
1578 2511 1697 2559 facta,

357 2575 460 2615 duos
485 2574 663 2629 ingentis
689 2575 913 2625 exercitus,
945 2576 1048 2616 duos
1073 2589 1201 2630 prope
1225 2574 1484 2615 Hannibales
1515 2573 1557 2613 in
1579 2571 1699 2613 Italia

358 2650 462 2676 esse.
522 2636 674 2691 quippe
710 2645 751 2677 et
785 2637 1096 2678 Hasdrubalem
1130 2645 1246 2691 patre
1282 2636 1426 2677 eodem
1461 2633 1696 2675 Hamilcare

358 2697 559 2751 genitum,
603 2712 731 2751 aeque
767 2699 974 2753 inpigrum
1011 2699 1175 2747 ducem,
1217 2713 1288 2752 per
1323 2704 1382 2738 tot
1416 2697 1459 2736 in
1493 2693 1697 2750 Hispania
