1815 3184
407 271 557 305 LIBER
581 271 712 315 XXII,
738 271 792 304 ⁶22.
813 270 866 304 23.
895 272 943 312 [a.
960 270 998 303 C.
1013 269 1095 312 217]
1379 258 1430 298 77

82 375 288 417 custodias
325 374 505 415 hostium
540 373 716 424 falleret,
755 373 1052 421 constituisset,
1094 371 1146 412 ad
1182 370 1437 425 conpositam

82 452 174 478 eum
205 438 254 477 iis
286 436 427 477 horam
460 436 646 476 excitatis
679 435 919 476 custodibus
955 448 1176 488 puerorum
1212 433 1435 487 profectus,

82 499 207 539 veluti
243 499 409 553 ignarus
446 498 487 537 in
523 504 786 552 praeparatas
825 512 900 538 sua
935 496 1079 536 fraude
1109 495 1278 535 insidias
1310 494 1434 535 ducit.

82 562 123 601 in
160 567 294 601 castra
323 559 512 600 Romana
542 559 746 613 perducti:
791 566 923 599 cetera
960 557 1096 598 omnia
1134 557 1184 597 dc
1220 556 1438 596 reddendis
1467 569 1506 598 18

83 621 315 670 obsidibus,
354 621 460 661 sicut
490 635 583 661 cum
610 621 783 661 Bostare
810 620 1074 661 constitutum
1106 625 1209 667 erat,
1247 624 1338 658 acta
1368 632 1441 671 per

83 684 258 724 eundem
290 683 430 723 ordine
461 697 541 735 quo
574 683 608 723 si
635 681 1039 737 Carthaginiensium
1070 680 1234 720 nomine
1261 680 1317 720 sic
1344 693 1440 733 age-

82 753 204 786 retur.
265 745 394 784 maior
423 744 630 797 aliquanto
656 744 936 785 Romanorum
961 743 1092 797 gratia
1118 742 1195 782 suit
1219 742 1261 781 in
1285 756 1327 781 re
1352 741 1441 795 pari
1468 754 1506 783 19

84 822 206 860 quam
233 814 387 860 quanta
411 806 549 846 futura
577 805 981 860 Carthaginiensium
1008 804 1152 844 fuerat.
1212 803 1303 843 illos
1330 803 1438 843 enim

82 869 240 923 gravis,
279 867 477 922 superbos
508 868 550 907 in
580 867 705 908 rebus
743 867 933 908 secundis
971 873 1160 920 expertos
1198 866 1364 906 fortuna
1400 873 1440 904 et

83 931 203 970 timor
238 930 448 984 mitigasse
484 929 609 969 videri
639 935 816 982 poterat:
853 929 1066 968 Romanus
1098 928 1229 981 primo
1261 927 1441 967 adventu
1466 939 1507 968 20

85 992 317 1046 incognitus
344 997 436 1031 ante
463 990 513 1031 ab
540 1005 582 1030 re
608 990 800 1030 clementi
825 989 1064 1041 liberalique
1089 989 1249 1028 initium
1276 988 1440 1028 fecerat.

85 1062 123 1095 et
152 1054 338 1102 Abelux,
376 1053 438 1093 vir
473 1053 672 1106 prudens,
717 1053 829 1092 haud
868 1052 1020 1091 frustra
1056 1050 1272 1090 videbatur
1308 1050 1441 1090 socios

82 1123 276 1156 mutasse.
336 1115 474 1167 itaque
516 1115 674 1169 ingenti
722 1128 928 1154 consensu
976 1112 1249 1153 defectionem
1297 1126 1439 1151 omnes
1467 1124 1504 1152 ⁴21

83 1186 265 1231 spectare
275 1193 284 1226 3
317 1190 512 1229 armaque
538 1176 744 1230 extemplo
770 1183 882 1215 mota
907 1175 1059 1223 forent,
1086 1174 1127 1213 ni
1152 1173 1303 1220 hiems,
1335 1187 1441 1225 quae

81 1239 291 1280 Romanos
328 1252 493 1291 quoquc
531 1245 570 1278 et
605 1237 971 1292 Carthaginienses
1012 1235 1234 1276 concedere
1265 1234 1307 1274 in
1338 1241 1445 1274 tecta

83 1302 234 1356 coegit,
261 1300 561 1341 intervenisset.

165 1362 344 1403 XXIII.
405 1362 524 1403 Haec
559 1363 601 1403 in
632 1362 839 1417 Hispania
875 1375 1037 1415 quoque
1075 1359 1253 1401 secunda
1288 1366 1443 1400 aestate
1472 1373 1484 1400 1

83 1425 230 1466 Punici
260 1425 356 1465 belli
387 1432 522 1479 gesta,
560 1439 653 1465 eum
684 1425 725 1464 in
751 1424 871 1464 Italia
897 1423 1064 1478 paulum
1090 1422 1292 1463 intervalli
1319 1421 1444 1462 cladi-

84 1487 161 1527 bus
198 1486 397 1527 Romanis
435 1487 577 1527 sollers
615 1487 820 1527 cunctatio
857 1485 978 1526 Fabii
1014 1485 1200 1533 fecisset3
1250 1498 1354 1537 quae
1400 1490 1441 1523 ut
1469 1497 1486 1525 2

85 1548 361 1589 Hannibalem
399 1563 481 1589 non
512 1549 708 1590 mediocri
740 1548 959 1589 sollicitum
992 1562 1090 1588 cura
1120 1545 1318 1594 habebat,
1357 1552 1444 1585 tan-

85 1613 178 1653 dem
209 1626 302 1652 eum
333 1611 500 1651 militiae
532 1612 776 1666 magistrum
809 1611 1012 1665 delegisse
1037 1610 1250 1651 Romanos
1277 1622 1444 1649 cernen-

85 1682 186 1722 tem,
223 1673 292 1726 qui
329 1672 480 1713 bellum
516 1673 693 1722 ratione,
731 1688 813 1713 non
849 1672 1013 1713 fortuna
1044 1678 1222 1727 gereret,
1260 1671 1317 1711 ita
1348 1684 1444 1710 con-
1471 1684 1488 1712 3

85 1742 240 1789 tempta
265 1741 349 1775 erat
374 1735 478 1775 inter
503 1735 603 1775 civis
630 1742 808 1775 armatos
834 1735 986 1788 pariter
1010 1740 1275 1788 togatosque,
1303 1732 1442 1785 utique

84 1806 302 1852 postquam
340 1796 510 1837 absente
547 1811 594 1837 co
631 1797 858 1837 temeritate
896 1797 1082 1851 magistri
1119 1795 1301 1849 equitum
1338 1794 1445 1834 lacto

85 1860 220 1900 verius
258 1858 430 1898 dixerim
466 1873 590 1911 quam
627 1873 824 1912 prospero
857 1865 1006 1898 eventu
1037 1864 1266 1911 pugnatum
1298 1856 1443 1896 suerat.

86 1927 342 1962 accesserant
384 1920 489 1960 duae
528 1920 592 1960 res
631 1921 681 1960 ad
719 1920 951 1975 augendam
988 1919 1185 1959 invidiam
1221 1917 1443 1964 dictatoris,
1472 1931 1491 1958 4

86 1997 167 2022 una
197 1982 340 2022 fraude
366 1996 413 2022 ac
438 1981 532 2022 dolo
558 1981 830 2030 Hannibalis,
863 1982 991 2034 quod,
1025 1996 1117 2022 cum
1150 1996 1173 2021 a
1198 1979 1383 2034 perfugis
1410 1979 1446 2018 ci

88 2050 334 2084 monstratus
355 2058 453 2098 ager
472 2044 680 2084 dictatoris
701 2051 821 2092 esset,
849 2043 1038 2084 omnibus
1060 2044 1167 2083 circa
1188 2042 1274 2082 solo
1295 2056 1445 2093 aequa-

89 2105 138 2145 tis
170 2105 220 2144 ab
252 2120 333 2145 uno
364 2120 412 2145 eo
443 2105 597 2145 ferrum
628 2106 851 2159 ignemque
883 2112 922 2145 et
951 2105 1035 2145 vim
1068 2118 1231 2145 omnem
1264 2103 1446 2142 hostium

89 2166 282 2207 abstineri
306 2167 444 2215 iussit,
477 2174 521 2207 ut
545 2167 694 2207 occulti
719 2167 891 2207 alieuius
916 2167 1026 2220 pacti
1051 2181 1098 2206 ea
1129 2179 1285 2205 merces
1316 2164 1446 2204 videri

88 2234 246 2281 posset,
273 2227 398 2268 altera
422 2228 552 2282 ipsius
579 2228 707 2277 facto,
734 2228 867 2282 primo
885 2227 1055 2268 forsitan
1077 2226 1221 2275 dubio,
1249 2226 1344 2279 quia
1363 2239 1446 2265 non
1471 2239 1490 2268 5

90 2296 303 2343 expectata
326 2289 368 2328 in
393 2304 441 2329 eo
468 2297 633 2330 senatus
661 2290 882 2330 auctoritas
909 2296 989 2338 est,
1017 2289 1068 2329 ad
1088 2295 1315 2329 extremum
1334 2288 1445 2328 haud

90 2350 281 2404 ambigue
306 2351 348 2390 in
372 2351 593 2391 maximam
618 2351 782 2391 laudem
808 2365 939 2391 verso.
982 2351 1023 2390 in
1042 2350 1322 2404 permutandis
1348 2364 1443 2404 cap-
1472 2364 1489 2393 6

91 2413 202 2461 tivis,
230 2413 339 2464 quod
365 2413 421 2452 sic
441 2413 571 2466 primo
591 2413 748 2453 Punico
768 2412 876 2453 bello
896 2413 1048 2453 factum
1071 2418 1172 2461 erat,
1200 2418 1446 2452 convenerat

89 2475 193 2513 inter
217 2474 341 2514 duces
368 2474 599 2514 Romanum
624 2475 914 2527 Poenumque,
946 2481 991 2514 ut
1015 2489 1120 2527 quae
1145 2489 1239 2528 pars
1264 2474 1358 2528 plus
1382 2489 1446 2514 re-

90 2536 240 2590 ciperet
261 2550 383 2588 quam
410 2537 523 2576 daret
548 2537 705 2591 argenti
729 2537 867 2591 pondo
892 2536 989 2577 bina
1014 2543 1053 2577 et
1079 2536 1248 2577 selibras
1274 2537 1314 2576 in
1340 2536 1446 2576 mili-

90 2605 171 2638 tem
196 2604 431 2651 praestaret.
482 2598 679 2639 ducentos
706 2598 978 2653 quadraginta
1004 2605 1161 2652 septem
1188 2613 1281 2638 cum
1305 2598 1443 2652 plures
1472 2612 1487 2640 7

88 2660 300 2701 Romanus
332 2674 454 2713 quam
484 2660 651 2701 Poenus
684 2661 908 2714 recepisset
943 2666 1239 2715 argentumque
1275 2675 1348 2714 pro
1385 2661 1443 2701 eis

89 2721 271 2762 debitum
298 2736 419 2776 saepe
445 2721 593 2762 iactata
617 2722 657 2762 in
685 2729 829 2763 senatu
861 2736 922 2771 re,
961 2722 1152 2775 quoniam
1184 2736 1265 2762 non
1297 2736 1443 2762 consu-
