1815 3184
468 220 621 254 LIBER
645 219 777 263 xxm,
803 219 959 253 52—54.
989 220 1036 262 [a.
1052 216 1089 252 e.
1104 218 1186 261 216]
1425 209 1503 250 103

154 341 177 366 a
198 324 418 365 Canusinis
439 329 648 377 acceptos,
674 321 897 371 frumento,
924 328 1056 370 veste,
1082 321 1231 361 viatico
1251 321 1372 361 etiam
1392 321 1506 370 iuvit,

155 403 226 442 pro
257 402 339 440 qua
368 387 405 428 ei
435 385 712 426 munificentia
741 392 886 439 postea
915 384 1021 425 bello
1058 384 1238 439 perfeeto
1275 383 1326 424 ab
1365 393 1508 425 senatu

156 451 330 491 honores
355 448 484 489 habiti
510 454 615 487 sunt.

239 510 362 550 LIII.
424 509 618 550 Ceterum
650 523 743 549 eum
775 507 830 548 ibi
856 507 1006 548 tribuni
1031 507 1204 548 militum
1231 514 1421 561 quattuor
1445 523 1509 548 cs-
1538 522 1551 549 1

156 580 257 621 sent,
283 572 438 612 Fabius
456 571 667 612 Maximus
688 571 738 611 de
758 570 917 624 legione
937 570 1080 624 prima,
1107 570 1222 610 cuius
1242 579 1358 624 pater
1376 570 1508 624 priore
1535 584 1552 613 2

155 649 260 674 anno
293 634 465 674 dictator
494 634 646 681 fuerat,
684 639 722 673 et
748 633 797 672 de
823 632 983 686 legione
1009 632 1190 672 secunda
1215 633 1267 673 L.
1294 632 1508 673 Publicius

156 697 328 737 Bibulus
361 705 399 737 ct
430 697 477 737 P.
512 695 728 737 Cornelius
763 694 903 749 Scipio
934 701 974 735 et
1005 695 1054 735 de
1085 694 1246 749 legione
1277 694 1395 735 tertia
1425 694 1507 748 Ap.

156 758 356 799 Claudius
392 758 583 806 Pulcher,
627 758 696 810 qui
732 757 917 811 proxime
953 756 1094 797 aedilis
1132 756 1283 805 fuerat,
1327 756 1507 797 omnium
1535 770 1553 800 3

155 836 359 861 consensu
389 821 440 861 ad
465 820 514 860 P.
543 819 780 873 Scipionem
811 819 1033 859 admodum
1064 819 1369 859 adulescentem
1395 826 1433 859 et
1459 819 1510 859 ad

157 882 238 936 Ap.
267 882 487 923 Claudium
514 897 675 922 summa
700 880 845 934 imperi
871 880 1005 920 delata
1030 886 1103 920 est.

241 943 403 996 Quibus
435 942 760 983 consultantibus
791 942 896 982 int-er
925 956 1079 995 paucos
1112 941 1162 981 de
1189 957 1350 982 summa
1374 957 1509 982 rerum
1536 956 1555 984 4

154 1007 312 1046 nuntiat
330 1005 378 1045 P.
400 1005 549 1044 Furius
569 1004 734 1052 Philus,
762 1003 988 1043 consularis
1008 1003 1083 1043 viri
1109 1003 1235 1051 filius,
1261 1004 1510 1056 nequiquam

156 1082 224 1107 005
261 1066 460 1120 perditam
499 1080 614 1119 spem
650 1065 808 1113 fovere,
852 1065 1111 1118 desperatam
1149 1064 1510 1118 conploratamque

154 1143 237 1168 rem
276 1142 367 1168 csse
403 1126 629 1180 publicam:
672 1126 830 1166 nobiles
867 1126 1036 1166 iuvenes
1073 1126 1293 1178 quosdam,
1337 1141 1510 1179 quorum
1536 1141 1555 1169 5

154 1189 379 1243 principem
399 1189 452 1229 L.
470 1187 696 1229 Caecilium
711 1186 940 1236 Metellum,
967 1202 1078 1228 mare
1098 1202 1145 1229 ae
1165 1202 1291 1228 naves
1313 1195 1510 1242 spectare,

156 1258 198 1291 ut
234 1251 395 1292 deserta
425 1250 545 1291 Italia
581 1251 634 1291 ad
668 1265 813 1305 regum
850 1250 1027 1303 aliquem
1064 1250 1352 1304 transfugiant.
1401 1251 1512 1303 quod
1539 1266 1556 1293 6

155 1313 326 1361 malum,
352 1318 639 1366 praeterquam
658 1320 793 1360 atrox,
821 1327 944 1366 super
962 1319 1021 1353 tot
1040 1312 1177 1354 clades
1198 1313 1320 1353 etiam
1345 1328 1510 1361 novum,

155 1390 247 1415 eum
275 1382 439 1429 stupore
465 1389 513 1415 ae
537 1375 733 1415 miraculo
760 1375 940 1428 torpidos
961 1375 1170 1415 defixisset
1195 1375 1265 1428 qui
1285 1376 1452 1415 aderant
1475 1383 1515 1417 et

156 1437 370 1477 consilium
397 1437 682 1477 advocandum
708 1437 757 1477 dc
784 1451 830 1477 eo
856 1444 1088 1486 censerent,
1114 1444 1238 1491 negat
1258 1438 1401 1478 consili
1426 1453 1511 1478 rem

157 1514 247 1540 csse
275 1498 414 1553 Scipio
439 1499 618 1548 iuvenis,
646 1499 780 1540 fatalis
806 1500 891 1540 dux
915 1500 1087 1540 huiusce
1112 1499 1220 1540 belli.
1276 1501 1510 1540 audendum
1540 1514 1555 1541 7

156 1568 277 1614 atque
303 1561 521 1615 agendum,
548 1576 630 1601 non
655 1561 969 1602 consultandum
996 1562 1051 1602 ait
1075 1562 1117 1602 in
1142 1568 1254 1602 tanto
1273 1562 1381 1602 malo
1401 1577 1512 1602 csse:

156 1623 260 1663 irent
292 1637 431 1662 secum
463 1623 668 1677 extemplo
700 1623 862 1672 armati,
900 1623 970 1676 qui
1000 1639 1086 1664 rem
1117 1623 1324 1678 publicam
1358 1624 1513 1663 salvam

159 1684 320 1725 vellent.
364 1684 475 1724 nullo
496 1684 586 1725 loco
606 1685 740 1726 verius
761 1700 884 1738 quam
911 1685 981 1726 ubi
1006 1700 1054 1726 ea
1079 1686 1310 1740 cogitentur
1334 1686 1511 1726 hostium
1539 1700 1557 1729 8

157 1754 292 1787 eastra
327 1762 430 1787 esse.
491 1747 624 1801 pergit
658 1748 716 1787 ire
747 1747 1013 1800 sequentibus
1044 1748 1187 1802 paucis
1218 1749 1259 1788 in
1290 1748 1511 1802 hospitium
1540 1762 1557 1791 9

157 1808 334 1857 Metelli,
362 1816 400 1849 et
426 1824 519 1849 cum
539 1810 755 1850 concilium
774 1810 830 1850 ibi
850 1810 1064 1860 iuvenum,
1092 1811 1141 1851 de
1162 1811 1312 1864 quibus
1333 1811 1515 1851 adlatum

158 1878 261 1919 crat,
290 1871 533 1919 invenisset,
561 1872 699 1912 stricto
727 1887 850 1926 super
875 1873 1008 1927 capita,
1033 1872 1351 1913 consultantium
1376 1873 1514 1927 gladio

159 1937 228 1973 ‘ex
254 1933 333 1972 mei
358 1933 482 1973 animi
509 1934 724 1974 sententia'
750 1934 881 1988 inquit
907 1940 970 1975 ‘ut
995 1950 1072 1989 ego
1097 1950 1183 1975 rem
1209 1934 1415 1989 publicam
1441 1949 1514 1988 po·
1545 1948 1582 1976 10

158 1994 243 2048 puli
268 1995 444 2035 Romani
469 2011 551 2036 non
576 1996 781 2045 deseram,
814 2012 946 2050 neque
972 1997 1097 2037 alium
1123 1997 1254 2037 civem
1280 1997 1514 2037 Romanuin

159 2056 345 2096 deserere
370 2057 519 2110 patiar3
558 2058 591 2098 si
618 2058 750 2098 sciens
776 2058 892 2107 fallo,
925 2066 1011 2099 tum
1037 2074 1101 2099 me
1127 2058 1312 2112 Iuppiter
1336 2058 1514 2111 optimus
1544 2071 1579 2099 11

160 2118 383 2167 maximus,
423 2119 609 2168 domum,
647 2120 844 2161 familiam
875 2136 1043 2172 remque
1069 2136 1203 2161 meam
1228 2121 1408 2174 pessimo
1434 2121 1514 2160 leto

161 2179 336 2219 adficiat.
395 2180 437 2220 in
461 2180 563 2221 haee
588 2182 731 2230 verba,
765 2183 817 2222 L.
846 2182 1018 2231 Caecili,
1051 2183 1158 2222 iures
1185 2182 1347 2235 postulo
1373 2183 1515 2222 ceteri·
1545 2196 1581 2223 12

160 2256 240 2293 que
271 2242 340 2294 qui
371 2243 542 2291 adestis3
579 2244 649 2296 qui
680 2259 761 2284 non
792 2244 1002 2291 iuraverit,
1040 2244 1081 2284 in
1113 2259 1157 2284 se
1188 2243 1297 2284 hunc
1332 2244 1516 2298 gladium

163 2303 346 2343 strictum
372 2318 463 2345 esse
490 2304 615 2345 sciat.'
663 2305 773 2345 haud
794 2321 912 2346 secus
932 2306 1088 2359 pavidi,
1115 2320 1238 2358 quam
1266 2305 1300 2345 si
1320 2306 1516 2346 victorem
1545 2320 1582 2348 13

162 2365 439 2406 Hannibalem
471 2374 698 2416 cernerent,
730 2368 864 2408 iurant
887 2382 1030 2409 omnes
1056 2367 1428 2421 custodiendosque
1454 2383 1518 2408 se-

164 2434 243 2466 met
270 2427 381 2480 ipsos
409 2426 593 2482 Scipioni
619 2430 794 2470 tradunt.

248 2489 394 2530 LIHL
454 2484 519 2531 Eo
562 2497 762 2544 tempore,
811 2506 892 2544 quo
929 2491 1030 2532 haee
1068 2491 1239 2533 Canusii
1275 2491 1514 2546 agebantur,
1546 2505 1557 2532 1

164 2549 390 2591 Venusiam
433 2552 485 2592 ad
521 2553 730 2593 consulem
767 2553 819 2594 ad
855 2560 1046 2606 quattuor
1080 2554 1192 2594 milia
1228 2561 1267 2594 et
1303 2554 1515 2609 quingenti

164 2612 321 2665 pedites
359 2613 615 2667 equitesque,
660 2615 729 2668 qui
766 2615 898 2669 sparsi
933 2615 1034 2670 suga
1070 2630 1143 2669 per
1178 2631 1299 2671 agros
1342 2616 1514 2665 fuerant,

166 2687 395 2726 pervenere.
445 2690 513 2717 eos
546 2692 687 2717 01111105
714 2676 914 2718 Venusini
945 2691 1017 2732 per
1046 2678 1221 2719 familias
1248 2677 1424 2733 benigne
1450 2693 1516 2718 ac-
1542 2690 1559 2718 2
