1815 3184
293 250 374 292 306
599 257 750 291 LIBER
777 257 923 301 XXVI,
949 258 1003 292 37.
1022 259 1075 291 38.
1104 260 1199 301 [a.u.
1216 260 1341 303 e.544]

249 378 265 406 7
291 361 553 416 pudebatque
584 360 687 401 adeo
718 374 762 401 se
793 366 969 414 spretos,
1007 367 1051 400 ut
1083 361 1320 402 sedentibus
1352 362 1454 416 ipsis
1485 364 1537 404 ad
1561 363 1644 405 Ro-

290 437 409 463 mana
435 422 597 462 moenia
622 421 700 462 alia
724 429 841 476 porta
865 423 1066 463 exercitus
1091 422 1305 463 Romanus
1331 423 1371 463 in
1397 424 1645 478 Hispaniam

246 500 265 529 s
291 485 516 525 duceretur.
576 484 690 537 ipsae
726 498 888 537 quoque
918 483 1165 538 Hispaniae,
1208 499 1289 537 quo
1325 485 1492 540 propius
1530 500 1644 540 spem

290 552 486 586 venerant
511 545 633 586 tantis
660 545 820 586 duobus
852 545 1027 586 ducibus
1060 546 1388 600 exercitibusque
1419 547 1550 588 caesis
1576 547 1646 588 de-

290 607 485 648 bellatum
516 606 572 648 ibi
603 621 651 647 ac
680 607 823 661 pulsos
854 607 949 647 inde
974 607 1185 648 Romanos
1217 622 1326 657 esse,
1365 622 1413 649 eo
1443 608 1555 663 plus,
1593 608 1645 649 ab

290 671 342 710 L.
370 669 529 710 Marcio
560 670 823 711 tumultuario
855 670 959 710 duce
990 670 1039 710 ad
1068 685 1220 710 vanum
1252 678 1292 711 et
1321 671 1487 711 inritum
1517 671 1646 712 victo-

247 746 263 775 9
289 732 391 772 riam
426 731 635 772 redactam
672 746 782 781 esse,
824 732 1117 786 indignationis
1153 731 1416 786 praebebant.
1488 733 1544 773 ita
1579 746 1646 772 ae-

290 800 441 847 quante
477 793 642 834 fortuna
684 808 886 848 suspensa
930 794 1066 834 omnia
1106 794 1290 847 utrisque
1333 801 1448 834 erant
1488 794 1646 848 integra

292 871 382 910 spe,
414 856 574 911 integro
599 862 730 906 nictu,
767 856 879 897 velut
903 856 972 897 illo
997 862 1180 910 tempore
1205 856 1383 910 primum
1408 854 1561 896 bellum
1585 855 1646 895 in-

292 919 484 972 ciperent.

247 994 262 1022 1
374 979 644 1020 XXXVIII.
705 979 985 1021 Hannibalem
1017 987 1109 1021 ante
1135 980 1272 1021 omnia
1302 978 1496 1035 angebat,
1535 978 1646 1032 quod

292 1041 437 1096 Capua
468 1042 716 1096 pertinacius
749 1049 986 1097 oppugnata
1016 1042 1067 1082 ab
1092 1042 1291 1083 Romanis
1321 1057 1445 1095 quam
1475 1040 1646 1082 defensa

246 1117 264 1146 2
291 1103 342 1144 ab
369 1118 411 1144 se
437 1104 657 1144 multorum
682 1104 825 1144 Italiae
851 1103 1094 1157 populorum
1120 1104 1278 1144 animos
1304 1110 1516 1152 averterat,
1542 1116 1644 1155 quos

290 1180 424 1218 neque
449 1166 581 1206 omnis
613 1172 749 1206 tenere
779 1166 1014 1219 praesidiis,
1052 1165 1131 1206 nisi
1162 1165 1283 1206 vellet
1313 1165 1355 1205 in
1380 1164 1528 1205 multas
1553 1178 1645 1218 par-

290 1241 445 1279 vasque
475 1227 601 1280 partis
634 1241 798 1280 carpere
835 1226 1077 1275 exercitum,
1115 1227 1223 1279 quod
1253 1226 1420 1267 minime
1456 1232 1543 1266 tum
1575 1240 1645 1266 ex-

290 1288 498 1342 pediebat,
534 1294 690 1342 poterat
722 1303 797 1328 1100
821 1288 1007 1328 deductis
1032 1287 1245 1342 praesidiis
1273 1288 1360 1342 spei
1383 1287 1554 1329 liberam
1579 1286 1644 1327 vel

249 1364 267 1393 3
293 1349 512 1391 obnoxiam
537 1350 669 1390 timori
697 1350 900 1390 sociorum
925 1350 1158 1402 ‘relinquere
1187 1349 1322 1389 fidem.
1381 1363 1577 1403 praeceps
1603 1348 1645 1388 in

290 1412 501 1452 avaritiam
528 1419 567 1451 et
592 1412 870 1452 crudelitatem
904 1411 1063 1451 animus
1090 1411 1142 1451 ad
1168 1411 1382 1465 spolianda
1411 1425 1516 1463 quae
1541 1410 1645 1451 tueri

245 1487 266 1516 4
290 1473 504 1527 nequibat,
541 1482 586 1513 ut
615 1480 775 1514 vastata
805 1473 913 1514 hosti
943 1473 1285 1525 relinquerentur,
1322 1472 1543 1512 inclinavit.
1602 1472 1645 1512 id

290 1535 458 1576 foedum
484 1535 699 1575 consilium
725 1549 817 1575 cum
843 1535 1023 1588 incepto,
1050 1542 1137 1574 tum
1163 1534 1286 1574 etiam
1311 1534 1422 1574 exitu
1446 1533 1536 1575 fuit.
1574 1548 1645 1575 ne-

291 1611 370 1650 que
397 1597 505 1636 enim
529 1596 699 1651 indigna
723 1596 967 1650 patientium
991 1596 1112 1636 modo
1144 1595 1482 1637 abalienabantur
1506 1596 1643 1645 animi,

291 1658 363 1698 sed
394 1665 619 1698 ceterorum
651 1658 791 1698 etiam:
835 1658 985 1712 quippe
1017 1658 1068 1698 ad
1098 1657 1226 1711 pluris
1257 1657 1490 1712 exemplum
1521 1672 1644 1711 quam

246 1719 507 1773 5pe1-[nicies
539 1719 795 1773 per]tinebat.
867 1734 941 1760 nee
979 1719 1122 1760 consul
1152 1719 1365 1761 Romanus
1397 1720 1643 1774 temptandis

247 1794 264 1824 6
292 1780 480 1829 urbibus,
519 1781 686 1821 sicunde
713 1795 807 1835 spes
833 1780 970 1833 aliqua
995 1795 1038 1821 se
1064 1781 1329 1830 ostendisset,
1366 1781 1516 1822 deerat.
1567 1780 1645 1822 Sa-

289 1842 420 1895 lapiae
445 1842 649 1897 principes
676 1850 790 1883 erant
814 1842 971 1883 Dasius
997 1850 1036 1883 et
1061 1843 1238 1883 Blattius
1248 1859 1258 1892 3
1300 1843 1457 1883 Dasius
1482 1842 1645 1883 Hanni-

289 1902 371 1944 bali
397 1903 570 1953 amicus,
597 1904 794 1953 Blattius,
827 1910 1023 1958 quantum
1049 1919 1100 1945 ex
1125 1911 1212 1945 tuto
1236 1911 1412 1958 poterat,
1449 1919 1534 1944 rem
1559 1904 1636 1945 Ro-

289 1980 453 2005 manam
479 1965 647 2006 fovebat
677 1972 716 2006 et
746 1981 819 2020 per
849 1966 1029 2007 occultos
1060 1967 1224 2007 nuntios
1257 1981 1372 2020 spem
1400 1966 1642 2020 proditionis

290 2026 443 2068 fecerat
471 2027 684 2069 Marcello.
751 2029 823 2068 sed
861 2029 947 2069 sine
985 2028 1167 2070 adiutore
1202 2028 1336 2070 Dasio
1370 2043 1436 2069 res
1472 2029 1643 2083 transigi

290 2104 372 2130 non
401 2096 572 2144 poterat.
632 2090 805 2131 multum
837 2105 884 2131 ac
915 2091 985 2131 diu
1017 2097 1250 2141 cunctatus,
1288 2098 1328 2132 et
1357 2098 1444 2131 tum
1479 2105 1643 2145 quoque

290 2151 422 2206 magis
454 2152 592 2207 inopia
623 2153 781 2193 consilii
810 2153 979 2207 potioris
1011 2168 1134 2206 quam
1166 2167 1237 2207 spe
1269 2153 1440 2194 effectus
1465 2152 1642 2193 Dasium

290 2214 535 2268 appellabat.
596 2222 637 2256 at
661 2216 746 2265 ille,
785 2230 877 2256 cum
904 2215 955 2256 ab
980 2230 1023 2256 re
1049 2230 1237 2264 aversus,
1274 2222 1360 2256 tum
1386 2214 1546 2256 aemulo
1571 2229 1644 2268 po-

246 2287 265 2317 8
291 2283 469 2317 tentatus
494 2278 703 2328 inimicus,
742 2293 829 2318 rem
854 2277 1082 2319 Hannibali
1106 2278 1246 2332 aperit.
1308 2277 1503 2318 arcessito
1533 2284 1644 2317 utro—

290 2352 369 2390 que
394 2338 606 2381 Hannibal
632 2355 724 2380 cum
748 2355 822 2394 pro
853 2339 1044 2380 tribunali
1070 2340 1271 2393 quaedam
1303 2346 1441 2394 ageret
1465 2353 1562 2380 mox
1593 2339 1643 2379 de

291 2399 443 2441 Blattio
476 2402 714 2456 cogniturus
746 2409 980 2454 starentque
1012 2409 1217 2442 summoto
1248 2401 1400 2455 populo
1431 2406 1644 2442 aecusator

247 2473 264 2502 9
292 2467 330 2500 et
354 2476 466 2511 reus,
493 2463 670 2504 Blattius
696 2464 746 2504 (10
771 2463 999 2517 proditione
1024 2462 1202 2503 Dasium
1229 2462 1472 2517 appellabat.
1516 2462 1644 2502 enim-

290 2536 386 2563 vero
411 2524 477 2565 ille
504 2525 615 2565 velut
633 2525 675 2565 in
694 2524 914 2565 manifesta
931 2540 975 2565 10
996 2525 1214 2573 exclamat,
1243 2524 1319 2565 sub
1340 2523 1468 2564 oculis
1482 2523 1644 2564 Hanni-

295 2582 397 2625 balis
429 2600 569 2626 secum
601 2587 650 2628 de
682 2587 909 2641 proditione
941 2586 1020 2641 agi.
1079 2585 1306 2627 Hannibali
1337 2592 1459 2638 atque
1489 2585 1548 2625 eis
1572 2583 1643 2636 qui

293 2644 476 2695 aderant,
515 2662 595 2700 quo
631 2648 823 2688 audacior
857 2662 922 2688 res
959 2654 1061 2696 erat,
1098 2647 1233 2688 minus
1266 2647 1408 2688 similis
1439 2646 1525 2686 veri
1553 2645 1642 2684 visa

227 2714 267 2744 10
292 2711 369 2745 est:
407 2708 720 2749 aemulationem
745 2709 928 2762 profecto
955 2715 1076 2761 atque
1102 2708 1242 2749 odium
1261 2721 1352 2748 esse
1371 2713 1410 2748 et
1428 2707 1470 2746 id
1489 2706 1640 2746 crimen

248 2103 264 2131 *1
