1815 3184
267 489 286 518 5

270 860 285 888 7

272 2221 291 2248 4

274 2467 293 2496 5

311 240 394 282 486
647 245 797 280 LtBER
820 244 949 288 XXX,
975 244 1005 277 3.
1024 244 1057 278 4.
1085 246 1132 287 [a.
1146 254 1181 279 u.
1197 254 1227 278 e.
1240 243 1322 287 551]

393 351 506 391 Inter
536 349 637 389 haec
666 362 718 388 ne
750 346 954 402 Syphacis
988 346 1153 400 quidem
1188 346 1479 387 reconciliandi
1513 361 1650 389 curam

311 428 361 454 ex
386 412 520 452 animo
546 410 730 458 miserat,
764 409 798 449 si
823 409 927 450 forte
951 408 1033 448 iam
1059 407 1183 448 satias
1210 407 1358 448 amoris
1384 407 1426 448 in
1449 423 1576 449 uxore
1601 425 1651 450 ex

310 474 438 514 multa
463 472 580 527 copia
605 471 795 526 cepisset.
845 471 896 511 ab
924 470 1116 525 Syphace
1140 469 1272 523 magis
1297 469 1410 524 pacis
1437 483 1529 510 cum
1551 468 1653 511 Car-

309 534 637 589 thaginiensibus
659 532 932 581 condiciones,
952 540 997 571 ut
1010 531 1187 572 Romani
1201 531 1364 580 Africa,
1383 531 1514 572 Poeni
1534 531 1654 572 Italia

310 597 574 645 excederent,
600 609 741 649 quam,
768 594 803 634 si
827 594 1064 642 bellaretur,
1092 607 1185 647 spes
1211 592 1295 633 ulla
1314 593 1563 633 desciturum
1583 594 1654 633 ad-

311 658 529 699 ferebatur.
589 656 690 697 haec
720 671 793 711 per
823 655 988 696 nuntios
1020 662 1111 696 acta
1140 654 1273 709 magis
1305 654 1494 708 equidem
1524 655 1654 696 credi—

312 720 441 761 derim
466 745 498 748 —
523 727 563 760 et
593 719 649 759 ita
678 734 774 774 pars
812 718 940 759 maior
971 724 1156 758 auctores
1189 725 1285 757 sunt
1308 742 1341 745 —
1366 731 1488 770 quam
1518 717 1653 772 ipsum

314 782 569 838 Syphacem,
594 790 639 821 ut
663 781 814 821 Antias
838 780 1031 823 Valerius
1055 779 1209 835 prodit,
1240 779 1283 820 in
1308 789 1442 820 castra
1464 779 1655 821 Romana

313 846 365 886 ad
390 844 651 898 conloquium
676 843 852 884 venisse.
901 843 1032 898 primo
1058 858 1128 884 eas
1148 842 1408 884 condiciones
1434 843 1654 897 imperator

310 908 522 949 Romanus
548 906 617 947 vix
642 906 806 946 auribus
829 905 1010 954 admisit3
1036 912 1198 960 postea,
1224 912 1267 945 ut
1289 919 1413 946 causa
1431 905 1654 959 probabilis

313 969 397 1010 suis
429 968 686 1010 commeandi
716 968 821 1008 foret
852 967 894 1007 in
924 974 1058 1008 castra
1089 966 1285 1016 hostium,
1323 966 1485 1007 mollius
1512 967 1656 1007 eadem

312 1032 381 1071 illa
407 1031 583 1071 abnuere
610 1044 657 1070 ac
682 1044 798 1084 spem
822 1029 957 1070 facere
983 1028 1146 1083 saepius
1170 1028 1276 1070 ultro
1296 1028 1477 1082 citroque
1497 1029 1655 1083 agitan-

313 1093 422 1133 tibus
447 1107 534 1133 rem
559 1099 866 1132 conventuram.

396 1153 678 1194 Hibernacula
716 1152 1138 1207 Carthaginiensium,
1183 1159 1379 1206 congesta
1414 1159 1567 1192 temere
1603 1166 1654 1191 ex

314 1216 423 1271 agris
448 1215 619 1256 materia
643 1215 927 1263 exaedificata,
959 1214 1096 1268 lignea
1120 1214 1248 1254 ferme
1274 1222 1358 1255 tota
1383 1220 1508 1254 erant.
1567 1213 1654 1253 Nu-

312 1278 447 1318 midae
471 1277 689 1332 praecipue
715 1276 941 1316 harundine
966 1276 1088 1317 textis
1115 1283 1330 1328 storeaque
1355 1290 1450 1330 pars
1475 1274 1655 1315 maxima

313 1339 431 1380 tectis
461 1338 617 1394 passim
647 1338 758 1378 nullo
791 1338 950 1386 ordine,
988 1337 1172 1391 quidam,
1209 1346 1254 1377 ut
1280 1336 1367 1377 sine
1392 1336 1561 1391 imperio
1587 1349 1655 1376 oc-

314 1401 470 1456 cupatis
502 1401 620 1449 locis,
659 1408 774 1440 extra
803 1400 960 1441 fossam
991 1400 1114 1440 etiam
1138 1399 1371 1451 vallumque
1402 1398 1653 1439 habitabant.

314 1463 416 1503 haec
450 1462 578 1502 relata
610 1460 794 1515 Scipioni
831 1476 947 1515 spem
982 1461 1164 1502 fecerant
1199 1467 1334 1500 castra
1369 1459 1548 1500 hostium
1582 1474 1655 1513 per

315 1525 573 1565 occasionem
598 1522 856 1563 incendendi.

397 1586 502 1627 IIII.
563 1583 672 1626 Cum
696 1584 862 1639 legatis,
895 1599 997 1637 quos
1022 1583 1201 1624 mitteret
1226 1583 1278 1624 ad
1305 1582 1557 1637 Syphacem,
1590 1597 1656 1624 ca-

314 1648 454 1689 lonum
484 1646 573 1687 loco
604 1646 757 1701 primos
790 1645 952 1686 ordines
986 1652 1193 1700 spectatae
1224 1644 1384 1685 virtutis
1416 1652 1536 1697 atque
1561 1659 1657 1699 pru-

315 1709 475 1750 dentiae
513 1708 650 1749 servili
685 1707 827 1748 habitu
863 1707 1068 1756 mittebat,
1106 1707 1193 1760 qui,
1231 1707 1328 1747 dum
1363 1706 1404 1747 in
1441 1706 1656 1760 conloquio

313 1772 439 1827 legati
464 1779 620 1819 essent,
647 1770 742 1825 vagi
766 1785 840 1825 per
865 1778 1016 1819 castra,
1050 1769 1152 1810 alius
1180 1769 1258 1809 alia
1283 1769 1416 1809 aditus
1442 1769 1656 1822 exitusque

314 1849 475 1883 omnes,
520 1833 643 1874 situm
678 1833 934 1885 formamque
971 1840 1011 1873 et
1046 1831 1330 1872 universorum
1360 1838 1586 1871 castrorum
1617 1838 1657 1871 et

314 1897 508 1952 partium,
546 1910 627 1948 qua
661 1895 810 1944 Poeni,
853 1909 933 1947 qua
967 1894 1170 1935 Numidae
1207 1893 1421 1941 haberent,
1461 1900 1657 1945 quantum

314 1958 516 1999 intervalli
540 1958 645 1998 inter
670 1957 946 1997 Hasdrubalis
973 1971 1020 1996 ac
1043 1955 1157 2011 regia
1182 1963 1316 1996 castra
1345 1962 1472 2003 esset,
1512 1968 1656 2008 specu-

315 2021 494 2061 larentur
518 2033 755 2072 moremque
783 2018 903 2059 simul
927 2025 1145 2059 noscerent
1165 2017 1386 2057 stationum
1406 2016 1656 2071 vigiliarum-

315 2098 413 2136 que,
438 2090 558 2123 nocte
585 2097 637 2122 an
660 2081 838 2121 interdiu
863 2080 1174 2135 opportuniores
1195 2078 1404 2120 insidianti
1429 2085 1579 2119 essent.
1617 2086 1657 2119 et

314 2145 419 2185 inter
456 2145 598 2185 crebra
635 2142 851 2197 conloquia
887 2143 955 2183 alii
991 2150 1114 2195 atque
1143 2141 1210 2183 alii
1241 2141 1291 2182 de
1321 2140 1539 2189 industria,
1577 2154 1656 2193 quo

315 2207 499 2262 pluribus
532 2206 669 2248 omnia
697 2213 796 2246 nota
826 2212 982 2254 essent,
1020 2204 1296 2245 mittebantur.
1368 2217 1460 2243 cum
1492 2202 1656 2257 saepius

317 2271 469 2325 agitata
504 2285 569 2310 res
607 2268 821 2309 certiorem
852 2283 967 2323 spem
1003 2267 1116 2322 pacis
1148 2267 1191 2306 in
1221 2266 1307 2306 dies
1340 2272 1380 2306 et
1405 2263 1587 2319 Syphaci
1618 2273 1658 2304 et

318 2330 729 2386 Carthaginiensibus
754 2344 827 2385 per
853 2344 946 2370 eum
970 2329 1142 2378 faceret,
1167 2327 1293 2383 legati
1305 2326 1483 2369 Romani
1508 2326 1655 2367 vetitos

317 2408 361 2434 se
391 2393 539 2434 reverti
576 2393 628 2433 ad
657 2392 945 2446 imperatorem
976 2391 1089 2431 aiunt
1116 2390 1197 2430 nisi
1228 2396 1383 2430 certum
1412 2402 1657 2442 responsum

318 2455 452 2496 detur:
494 2454 684 2509 proinde,
724 2468 797 2494 seu
825 2453 905 2507 ipsi
937 2460 1062 2493 staret
1090 2452 1172 2492 iam
1203 2451 1421 2500 sententia,
1460 2465 1532 2491 seu
1562 2463 1658 2491 con-

319 2517 512 2558 sulendus
527 2515 767 2557 Hasdrubal
787 2523 827 2556 et
841 2514 1205 2570 Carthaginienses
1226 2521 1382 2563 essent,
1409 2512 1656 2560 consuleret3

318 2585 478 2633 tempus
505 2593 596 2619 esse
622 2585 692 2618 aut
714 2592 859 2632 pacem
884 2577 1074 2632 componi
1105 2584 1173 2617 aut
1197 2576 1350 2617 bellum
1374 2574 1532 2615 naviter
1556 2572 1655 2627 geri.

276 2653 294 2684 6
319 2640 415 2680 dum
451 2641 674 2682 consulitur
703 2640 943 2680 Hasdrubal
979 2640 1030 2680 ab
1063 2638 1274 2694 Syphace,
1311 2639 1362 2679 ab
1394 2634 1655 2677 Hasdrubale

320 2700 703 2757 Carthaginienses,
735 2709 774 2742 et
800 2702 1077 2756 speculatores
1104 2701 1240 2743 omnia
1266 2699 1426 2741 visendi
1451 2706 1491 2739 et
1515 2694 1654 2750 Scipio
