1815 3184
511 239 664 273 LIBER
687 239 813 280 XXV,
840 239 894 272 11.
918 239 969 272 10.
998 241 1045 281 [a.
1062 236 1195 282 0212]
1454 228 1534 269 227

184 343 285 384 mari
321 342 561 384 transmissa
602 349 686 391 051,
734 342 926 396 plaustris
968 340 1228 381 transveham
1269 354 1394 381 naves
1437 340 1536 381 haut

183 419 334 459 magna
358 403 476 444 mole.
531 410 571 444 et
595 418 705 445 mare
729 410 913 444 nostrum
940 403 1031 451 erit,
1057 416 1137 454 quo
1162 416 1270 442 nunc
1299 402 1438 443 hostes
1464 416 1536 455 po-

183 467 354 515 tiuntur,
382 472 421 506 et
445 465 554 506 illine
578 465 698 513 mari,
724 465 819 505 hinc
845 471 951 505 terra
976 462 1365 504 circumsedebimus
1387 478 1534 512 arcem,

183 529 308 569 immo
332 528 447 569 brevi
472 534 542 568 aut
565 528 747 568 relictam
778 527 828 568 ab
854 526 1040 568 hostibus
1068 533 1137 567 aut
1162 541 1255 567 cum
1285 527 1385 580 ipsis
1410 525 1537 567 hosti-

183 590 259 631 bus
286 589 526 644 capiemus'.
586 590 688 630 haec
713 589 840 630 oratio
865 604 945 629 non
979 603 1093 642 spem
1119 588 1241 629 modo
1267 588 1438 628 effectus
1465 587 1537 628 sed

182 652 391 706 ingentem
429 651 549 691 etiam
586 651 701 691 (lucis
734 650 1043 691 admirationem
1073 649 1181 690 fecit.
1231 656 1437 690 contracta
1467 664 1538 689 ex-

183 713 335 766 templo
371 713 553 765 undique
584 713 767 766 plaustra
796 712 1015 765 iunctaque
1045 711 1150 751 inter
1180 725 1223 751 se
1255 718 1296 751 et
1325 710 1538 751 machinae

183 775 236 814 ad
272 774 559 814 subducendas
596 788 723 814 naves
760 774 947 814 admotae
984 772 1269 825 munitumque
1309 772 1408 821 iter,
1457 786 1537 825 quo

183 835 365 876 faciliora
394 835 576 888 plaustra
606 835 819 888 minorque
855 834 984 875 moles
1015 834 1057 874 in
1089 834 1260 874 transitu
1297 840 1417 874 esset.
1477 833 1538 874 iu-

183 905 318 936 menta
343 896 436 936 inde
463 903 501 936 et
525 896 710 936 homines
736 895 932 936 contracti
958 901 997 935 et
1022 909 1125 948 opus
1151 895 1309 949 inpigre
1329 900 1536 949 coeptumg

182 973 417 1012 paucosque
453 964 547 1011 post
583 958 670 997 dies
708 957 851 997 classis
888 957 1087 996 instructa
1118 970 1165 996 ac
1195 962 1337 1010 parata
1368 956 1540 996 circum-

182 1020 344 1060 vehitur
367 1034 502 1059 arcem
528 1025 567 1058 et
591 1024 684 1058 ante
710 1033 754 1058 os
780 1018 915 1071 ipsum
935 1024 1076 1070 portus
1097 1032 1266 1057 ancoras
1286 1017 1393 1057 iacit.
1430 1017 1538 1057 1111110

183 1087 333 1120 statum
368 1095 504 1120 rerum
534 1079 746 1119 Hannibal
771 1078 940 1118 Tarenti
975 1078 1166 1130 relinquit
1201 1092 1413 1132 regressus
1452 1077 1538 1131 ipse

181 1143 222 1182 in
247 1141 427 1182 hiberna.
489 1147 668 1180 ceterum
695 1139 870 1180 defectio
897 1139 1212 1179 Tarentinorum
1243 1146 1380 1179 utrum
1404 1139 1538 1193 priore

180 1218 287 1243 anno
312 1218 364 1242 an
387 1201 465 1242 1100
491 1202 599 1242 facta
625 1202 694 1250 sit,
720 1201 763 1241 in
787 1201 996 1241 diversum
1021 1206 1208 1241 auctores
1235 1200 1411 1241 trahunt.
1449 1200 1539 1254 plu—

179 1279 244 1306 res
269 1264 560 1318 propioresque
586 1270 718 1305 aetate
744 1263 964 1304 memoriae
983 1277 1120 1303 rerum
1145 1262 1223 1303 hoe
1249 1277 1357 1303 anno
1382 1262 1538 1304 factum

182 1326 358 1367 tradunt.

265 1387 371 1427 XII.
431 1387 589 1428 Romae
614 1387 803 1428 consules
829 1392 1119 1440 praetoresque
1151 1401 1282 1439 usque
1313 1394 1405 1427 ante
1431 1386 1538 1427 diem

182 1465 219 1490 v.
246 1448 326 1489 kal.
352 1448 488 1489 Maias
513 1449 690 1489 Latinae
716 1455 945 1489 tenuerunt.
1002 1463 1050 1489 eo
1077 1448 1141 1489 die
1166 1454 1397 1502 perpetrato
1424 1463 1540 1489 sacro

182 1512 224 1551 in
249 1516 385 1550 11101110
411 1510 452 1549 111
478 1525 573 1550 suas
599 1510 772 1563 quisque
804 1510 1034 1564 provincias
1065 1510 1390 1564 proficiscuntur.
1450 1510 1542 1550 reli-

183 1573 252 1627 gio
289 1572 435 1612 deinde
473 1586 580 1612 nova
621 1571 781 1613 obiecta
823 1578 885 1612 est
927 1586 978 1612 ex
1019 1571 1266 1613 carminibus
1302 1571 1538 1612 Marcianis.

184 1640 298 1674 vates
334 1633 399 1673 1110
434 1632 616 1673 Marcius
659 1633 840 1673 inlustris
877 1632 1036 1681 suerat,
1086 1639 1125 1673 et
1167 1647 1259 1672 011111
1297 1633 1540 1686 conquisitio

183 1695 315 1749 priore
341 1709 447 1735 anno
473 1708 524 1734 ex
549 1700 714 1734 senatus
741 1693 926 1734 consulto
952 1694 1093 1734 talium
1118 1693 1315 1735 librorum
1340 1694 1473 1743 fieret,
1498 1694 1541 1734 in

183 1756 244 1797 M.
270 1755 423 1796 Aemili
448 1756 645 1809 praetoris
671 1755 834 1804 urbani,
867 1755 937 1808 qui
963 1769 1052 1795 eam
1077 1770 1163 1795 rem
1189 1754 1355 1810 agebat,
1395 1771 1540 1796 manus

183 1824 389 1859 venerant.
438 1818 472 1858 is
500 1818 682 1871 protinus
708 1832 815 1857 novo
840 1817 1016 1871 praetori
1039 1815 1181 1858 Sullae
1207 1818 1440 1859 tradiderat.
1490 1832 1540 1858 ex

183 1880 304 1919 huius
330 1879 479 1919 Marcii
509 1879 670 1919 duobus
704 1878 953 1919 carminibus
980 1878 1145 1919 alterius
1172 1885 1267 1933 post
1290 1894 1377 1920 rem
1409 1886 1541 1920 actam

184 1941 282 1981 editi
307 1955 400 1981 cum
424 1947 511 1981 rato
537 1941 758 1981 auctoritas
785 1948 933 1980 eventu
959 1940 1073 1980 alteri
1099 1954 1274 1993 quoque,
1301 1941 1416 1981 cuius
1442 1956 1542 1981 non-

185 2003 283 2042 dum
319 2008 480 2056 tempus
517 2009 701 2051 venerat,
740 2001 951 2042 adferebat
987 2001 1122 2041 fidem.
1194 2001 1327 2056 priore
1364 2002 1541 2042 carmine

187 2063 418 2104 Cannensis
462 2064 672 2118 praedicta
714 2064 850 2104 clades
892 2063 935 2103 in
983 2063 1085 2104 haec
1132 2063 1217 2104 fere
1264 2063 1391 2104 verba
1438 2070 1540 2103 erat:

188 2125 622 2180 ‘amnem‚Troiugena
645 2126 884 2178 (Romane),
897 2124 996 2179 fuge
1023 2124 1229 2174 Cannam,
1262 2140 1313 2165 ne
1339 2132 1377 2165 te
1403 2125 1543 2165 alieni-

186 2201 316 2240 genae
341 2194 491 2241 cogant
516 2188 557 2227 in
589 2202 732 2241 campo
757 2187 975 2228 Diomedis
1007 2201 1220 2227 conserere
1250 2201 1409 2227 manus.
1471 2186 1543 2227 sed

188 2262 318 2300 neque
345 2248 485 2289 credes
511 2256 555 2289 tu
580 2248 699 2298 mihi,
731 2249 861 2289 donec
886 2248 1087 2302 conpleris
1115 2248 1313 2302 sanguine
1339 2263 1541 2302 campum,

188 2310 396 2362 multaque
445 2310 556 2350 milia
602 2311 738 2351 occisa
785 2317 855 2350 tua
901 2310 1057 2351 deferet
1105 2310 1236 2351 amnis
1283 2310 1326 2350 in
1372 2316 1543 2364 pontum

189 2386 384 2425 magnum
416 2386 467 2412 ex
497 2379 603 2412 terra
632 2372 849 2426 frugifera3
886 2371 1069 2426 piscibus
1102 2378 1224 2425 atque
1256 2371 1399 2412 avibus
1425 2371 1543 2412 feris-

188 2447 285 2485 que,
324 2447 428 2486 quae
464 2433 646 2474 incolunt
683 2440 828 2482 terras,
865 2435 900 2474 15
937 2433 1026 2474 fuat
1056 2448 1150 2474 esca
1181 2448 1274 2474 caro
1307 2439 1387 2473 tua.
1447 2448 1542 2473 nam

188 2494 287 2534 1111111
312 2494 368 2535 ita
390 2495 576 2549 Iuppiter
600 2495 709 2536 fatus
737 2495 827 2536 est'.
888 2501 928 2536 01
952 2495 1169 2536 Diomedis
1195 2494 1344 2549 Argivi
1375 2510 1541 2549 campos

189 2563 227 2596 et
254 2555 441 2596 Cannam
466 2557 617 2597 flumen
642 2557 688 2606 ii,
727 2557 797 2610 qui
827 2557 1099 2597 militaverant
1129 2557 1169 2596 in
1201 2556 1249 2597 iis
1274 2556 1394 2605 locis,
1430 2557 1544 2597 iuxta

1565 598 1603 628 18

1566 845 1603 874 19

1566 1462 1583 1490 (ὗ

1570 2510 1586 2538 7

188 2624 308 2671 atque
346 2619 478 2672 ipsam
515 2619 672 2659 cladem
709 2618 998 2673 agnoscebant.
1059 2625 1146 2659 tum
1177 2618 1348 2659 alterum
1380 2633 1543 2659 carmen
1567 2632 1586 2662 8

188 2681 419 2727 recitatum‚
456 2695 538 2721 non
569 2696 616 2721 eo
648 2687 806 2721 tantum
837 2680 1070 2730 obscurius,
1108 2681 1203 2734 quia
1234 2680 1449 2721 incertiora
1480 2679 1544 2720 fu-

1244 2746 1309 2778 15*
