1815 3184
482 236 635 272 LIBER
658 236 844 282 XXVIII,
869 237 923 270 33.
942 236 996 271 34.
1025 239 1072 280 [a.
1089 237 1126 271 e.
1141 236 1224 280 206]
1449 227 1530 269 4:21

175 354 350 381 cessere.
410 356 494 381 non
519 341 708 395 capiebat
733 339 866 381 omnis
899 339 1039 395 copias
1073 346 1269 395 angusta,
1308 340 1414 380 sieut
1438 346 1532 380 ante

175 402 330 442 dietum
367 410 448 451 est,
485 403 634 451 valles3
674 402 780 442 duae
817 402 947 442 ferme
983 401 1169 455 peditum
1203 409 1362 456 partes,
1399 401 1531 442 omnis

175 464 379 515 equitatus
404 464 448 503 in
473 463 603 503 aciem
628 462 860 512 descendit,
893 463 1004 515 quod
1026 463 1197 503 relicum
1221 463 1407 517 peditum
1433 470 1531 511 erat,

174 525 340 577 obliquo
367 525 668 566 constituerunt
693 525 809 565 colle.
873 523 1033 579 Scipio,
1066 540 1140 579 pro
1170 540 1213 565 se
1240 540 1332 566 esse
1356 524 1436 565 loci
1462 540 1533 564 anu

173 587 332 640 gustias
358 594 471 627 ratus
499 595 539 627 et
565 587 676 639 quod
700 587 742 627 in
768 594 855 627 arto
881 601 1022 641 pugna
1036 587 1226 628 Romano
1252 587 1384 642 aptior
1410 601 1533 639 quam

173 649 365 703 Hispano
402 648 521 689 militi
558 649 697 689 futura
733 648 950 688 videbatur
988 656 1027 689 et
1059 649 1170 701 quod
1199 648 1241 689 in
1272 663 1367 689 eum
1396 648 1533 688 locum

174 710 357 750 detracta
383 710 564 751 hostium
596 710 703 750 acies
737 717 866 759 esset,
905 710 975 762 qui
1006 725 1089 751 non
1114 726 1279 751 omnem
1304 709 1532 750 multitudi-

173 786 267 811 nem
294 786 436 812 eorum
461 779 644 827 caperet,
676 787 783 813 novo
810 772 934 812 etiam
959 772 1130 813 consilio
1156 772 1306 813 adiecit
1331 772 1530 812 animum:

173 833 354 885 equitem
377 848 454 874 nec
481 849 524 874 se
548 849 674 888 posse
700 834 954 874 circumdare
975 834 1167 875 cornibus
1187 835 1228 875 in
1249 842 1333 875 tam
1353 840 1530 888 angusto

174 895 306 949 spatio
343 902 384 935 et
419 895 547 943 hosti,
586 910 710 948 quem
747 909 841 935 eum
876 896 1015 950 pedite
1048 896 1308 946 deduxisset,
1345 896 1531 936 inutilem

172 958 273 997 fore.
333 957 471 1009 itaque
502 957 678 1011 imperat
707 957 875 1005 Laelio,
912 964 958 996 ut
987 972 1060 1011 per
1093 958 1207 998 collis
1240 973 1364 1010 quam
1395 958 1531 998 occul-

172 1019 331 1059 tissime
356 1019 500 1059 itinere
527 1019 807 1058 circumducat,
832 1019 990 1070 equites
1012 1027 1304 1073 segregetque,
1332 1027 1531 1072 quantum

170 1088 331 1134 posset,
358 1088 592 1133 equestrem
619 1081 669 1120 ab
694 1080 877 1134 pedestri
902 1095 1107 1135 pugnam3
1132 1081 1222 1135 ipse
1249 1081 1387 1122 omnia
1412 1081 1532 1136 signa

169 1141 355 1195 peditum
379 1142 422 1181 111
447 1142 578 1182 1105115
606 1142 745 1190 vertit,
785 1150 978 1194 quattuor
1009 1142 1189 1183 cohortis
1220 1143 1263 1183 in
1288 1144 1423 1183 fronte
1450 1150 1532 1183 sta-

170 1203 262 1251 tuit,
295 1203 390 1255 quia
415 1203 538 1244 latius
563 1204 746 1258 pandere
773 1204 904 1244 aciem
928 1219 1013 1245 11011
1036 1211 1211 1259 poterat.
1272 1220 1432 1245 moram
1456 1219 1532 1258 pu-

169 1265 326 1319 gnandi
350 1265 507 1305 nullam
532 1265 648 1315 feeit,
686 1273 730 1305 ut
754 1266 845 1320 ipso
871 1266 1095 1307 certamine
1128 1273 1332 1307 averteret
1357 1267 1408 1307 ab
1435 1281 1531 1307 eon-

171 1334 315 1381 spectu
340 1328 643 1368 transeuntium
667 1343 741 1383 per
766 1328 892 1369 eolles
919 1329 1114 1381 equitum.
1174 1343 1309 1382 neque
1336 1336 1429 1369 ante
1455 1328 1532 1368 eir-

170 1389 411 1430 eumductos
445 1404 612 1431 sensere
646 1405 769 1443 quam
800 1391 1021 1431 tumultum
1053 1391 1255 1444 equestris
1287 1406 1453 1445 pugnae
1480 1391 1531 1431 ab

170 1459 286 1505 tergo
313 1466 521 1506 accepere.
559 1453 615 1493 ita
635 1453 716 1493 duo
736 1453 893 1507 proelia
913 1461 1047 1494 erant:
1075 1454 1180 1494 duae
1200 1454 1387 1508 peditum
1407 1453 1529 1501 acies,

171 1514 252 1554 duo
289 1514 494 1566 equitatus
524 1529 599 1568 per
628 1515 932 1569 longitudinem
963 1515 1096 1569 campi
1105 1547 1116 1564 ,
1154 1515 1250 1568 quia
1278 1515 1443 1556 misceri
1479 1530 1531 1555 ex

171 1590 324 1629 genere
349 1583 522 1628 utroque
547 1576 750 1630 proelium
782 1576 999 1631 angustiae
1024 1592 1107 1617 non
1138 1577 1418 1631 patiebantur,
1456 1592 1531 1631 pu-

170 1639 366 1691 gnabant.
400 1638 686 1692 Hispanorum
707 1652 801 1678 eum
816 1653 949 1691 neque
964 1639 1091 1693 pedes
1113 1639 1240 1691 equiti
1253 1653 1386 1691 neque
1402 1653 1528 1691 eques

170 1699 298 1754 pediti
318 1699 469 1739 auxilio
491 1708 613 1748 esset,
639 1700 767 1754 pedes
782 1700 932 1740 fiducia
951 1700 1098 1753 equitis
1115 1709 1268 1741 temere
1283 1700 1528 1741 commissus

172 1776 317 1816 eampo
355 1762 620 1810 caederetur,
670 1776 796 1814 eques
834 1762 1138 1803 circumventus
1175 1777 1252 1803 nec
1287 1763 1469 1818 peditem
1507 1779 1531 1803 a

170 1824 305 1865 fronte
323 1847 358 1853 =
376 1824 458 1864 iam
484 1824 593 1865 enim
619 1831 770 1865 stratae
795 1825 999 1878 pedestris
1026 1825 1168 1879 copiae
1194 1834 1355 1866 010111-
1374 1839 1451 1865 1100
1477 1826 1528 1865 ab

171 1896 287 1941 tergo
314 1887 494 1940 equitem
520 1886 759 1935 sustineret,
792 1893 833 1927 et
855 1886 954 1941 ipsi,
987 1901 1080 1927 eum
1105 1887 1176 1927 diu
1199 1887 1242 1927 in
1267 1887 1409 1928 orbem
1435 1902 1528 1928 sese

171 1949 375 1990 stantibus
403 1949 518 2002 equis
546 1949 848 1998 defendissent,
882 1950 934 1989 ad
959 1964 1087 1990 unum
1112 1965 1255 1991 omnes
1282 1950 1392 1991 caesi
1419 1957 1527 1999 suut,

170 2026 247 2052 1100
272 2012 490 2065 (11115(1110111
515 2012 701 2066 peditum
727 2012 963 2064 equitumve
990 2012 1211 2067 superfuit,
1249 2012 1319 2064 qui
1348 2012 1391 2052 in
1421 2012 1528 2052 valle

170 2081 472 2127 pugnaverunt.
533 2073 652 2113 tertia
676 2089 792 2127 pars,
833 2088 937 2126 quae
968 2073 1011 2114 in
1036 2074 1140 2114 eolle
1166 2075 1218 2114 ad
1245 2074 1528 2128 spectaculum

171 2135 304 2189 magis
331 2142 465 2175 tutum
490 2150 613 2188 quam
639 2136 691 2176 ad
715 2144 874 2190 partem
893 2150 1059 2190 pugnae
1080 2136 1380 2191 capessendam
1406 2143 1530 2177 51010-

170 2204 251 2244 rat,
278 2204 318 2237 et
342 2197 480 2237 locum
505 2205 545 2237 et
570 2205 733 2251 tempus
760 2198 813 2238 ad
837 2197 1083 2252 fugiendum
1108 2197 1264 2238 habuit.
1323 2197 1430 2238 inter
1455 2213 1525 2239 eos

172 2266 212 2298 et
242 2258 374 2312 reguli
404 2258 484 2313 ipsi
514 2259 728 2312 fugerunt,
776 2259 1018 2314 priusquam
1048 2267 1135 2301 tota
1165 2260 1529 2301 circumveniretur

172 2320 280 2360 acies
306 2320 411 2360 inter
437 2321 658 2361 tumultum
684 2322 826 2376 elapsi.

256 2381 509 2423 XXXIIII.
572 2382 723 2424 Castra
758 2383 906 2425 eodem
943 2384 1007 2425 die
1043 2385 1330 2439 Hispanorum
1365 2392 1528 2439 praeter

172 2452 352 2486 ceteram
393 2445 593 2499 praedam
637 2460 730 2485 cum
773 2445 903 2486 tribus
946 2446 1076 2487 ferme
1112 2446 1277 2486 milibus
1315 2446 1528 2487 hominum

172 2507 400 2561 capiuntur.
459 2507 641 2548 Romani
674 2507 856 2560 sociique
889 2508 942 2548 ad
966 2508 1077 2549 mille
1104 2508 1271 2549 ducenti
1297 2523 1345 2549 00
1369 2508 1526 2563 11100110

171 2570 424 2619 ceciderunt,
452 2570 667 2611 vulnerata
692 2571 867 2625 amplius
894 2571 972 2611 tria
991 2571 1104 2612 milia
1124 2571 1350 2612 hominum.
1389 2571 1524 2611 minus

170 2639 339 2672 eruenta
363 2632 534 2673 victoria
559 2632 726 2681 fuisset,
755 2632 789 2672 si
813 2632 1042 2687 patentiore
1068 2647 1214 2688 eampo
1240 2639 1281 2673 et
1306 2633 1358 2673 ad
1382 2632 1526 2688 fugam

170 2695 471 2749 capessendam
494 2694 606 2735 facili
630 2695 737 2736 foret
760 2701 1004 2750 pugnatum.

1561 847 1599 876 10

1560 971 1593 998 11

1561 1094 1597 1122 12

1560 1218 1598 1247 15

1559 1465 1597 1494 14

1558 1651 1597 1679 15

1557 2089 1595 2118 16

1554 2213 1594 2241 17
