1815 3184
246 482 264 511 10

225 2090 263 2118 10

223 2337 261 2365 11

293 235 346 274 70
638 242 792 276 LIBER
816 243 949 286 XXII,
978 244 1030 277 15.
1060 245 1299 287 [a.u.c.537]

291 346 410 386 etiam
439 345 597 385 Romae
627 345 825 385 infamem
856 360 974 386 suam
999 346 1299 386 cunctationem
1325 361 1435 396 esse,
1466 347 1646 388 obstina-

291 415 356 448 tus
401 416 538 446 tamen
579 413 718 447 tenore
762 407 905 448 eodem
943 408 1206 448 consiliorum
1243 408 1409 449 aestatis
1444 409 1647 462 reliquum

292 463 483 518 extraxit,
516 476 561 509 ut
586 469 799 510 Hannibal
824 470 1043 511 destitutus
1069 470 1119 511 ab
1147 485 1218 524 spe
1245 486 1407 511 summa
1431 486 1508 525 ope
1533 472 1647 525 petiti

291 531 522 574 certaminis
559 532 639 572 iam
677 531 857 572 hibernis
893 532 1029 573 locum
1062 533 1436 587 circumspectaret,
1475 533 1570 586 quia
1601 548 1649 572 ea

289 595 403 649 regio
428 594 655 648 praesentis
688 602 774 634 erat
805 594 963 648 copiae,
1001 609 1082 635 non
1113 602 1354 648 perpetuae,
1392 594 1559 635 arbusta
1590 595 1649 634 vi-

290 670 473 708 neaeque
500 662 539 696 et
563 656 721 696 consita
747 656 883 696 omnia
904 656 1036 711 magis
1059 657 1240 696 amoenis
1261 671 1383 709 quam
1404 656 1647 697 necessariis

291 718 506 759 fructibus.
556 717 657 757 haec
683 732 756 771 per
780 718 1057 772 exploratores
1083 718 1209 758 relata
1234 717 1377 758 Fabio.
1428 732 1521 758 eum
1549 718 1647 758 satis

291 780 411 821 sciret
442 795 516 834 per
546 780 713 820 easdem
740 780 972 834 angustias,
1005 779 1155 832 quibus
1181 780 1403 820 intraverat
1426 779 1646 820 Falernum

290 858 455 897 agrum,
489 842 733 891 rediturum,
768 841 1011 883 Calliculam
1043 850 1223 883 montem
1255 850 1294 883 et
1321 841 1550 883 Casilinum
1582 857 1649 883 oc-

291 912 413 959 cupat
455 903 627 944 modieis
669 904 904 958 praesidiis,
954 919 1058 957 quae
1099 904 1197 945 urbs
1234 903 1439 944 Vulturno
1482 904 1647 944 flumine

291 968 493 1021 dirempta
522 967 744 1007 Falernum
776 982 800 1007 a
833 966 1046 1021 Campano
1084 982 1183 1021 agro
1221 967 1383 1007 dividit:
1421 967 1509 1021 ipse
1539 966 1647 1021 iugis

291 1030 420 1070 isdem
453 1029 677 1069 exereitum
709 1029 866 1069 reducit
897 1030 1024 1070 misso
1055 1029 1310 1082 exploratum
1337 1044 1429 1068 cum
1456 1028 1647 1081 quadrin-

291 1091 425 1146 gentis
458 1090 663 1144 equitibus
698 1091 901 1131 sociorum
934 1091 986 1131 L.
1019 1091 1200 1132 Hostilio
1225 1090 1435 1130 Mancino.
1496 1090 1565 1143 qui
1597 1104 1647 1130 ex

292 1153 410 1193 turba
440 1153 636 1193 iuvenum
668 1153 921 1193 audientium
960 1168 1082 1207 saepe
1119 1152 1308 1193 ferociter
1344 1153 1645 1192 contionantem

290 1215 532 1269 magistrum
566 1214 750 1267 equitum
781 1229 1024 1269 progressus
1055 1214 1186 1268 primo
1219 1214 1484 1268 exploratoris
1510 1214 1644 1261 modo,

290 1283 334 1316 ut
371 1292 422 1317 ex
458 1283 545 1316 tuto
583 1276 863 1330 specularetur
898 1277 1076 1325 hostem,
1115 1276 1184 1316 ubi
1217 1292 1344 1330 vagos
1383 1276 1538 1330 passim
1575 1290 1647 1330 per

292 1338 402 1378 vicos
417 1337 617 1378 Numidas
638 1338 757 1387 vidit,
785 1353 857 1392 per
877 1338 1135 1378 occasionem
1158 1339 1279 1378 etiam
1305 1352 1458 1391 paucos
1485 1338 1644 1386 oceidit,

290 1400 495 1453 extemplo
528 1407 750 1454 occupatus
783 1400 1002 1440 certamine
1035 1407 1096 1440 est
1128 1400 1289 1440 animus
1326 1400 1646 1452 excideruntque

288 1468 507 1515 praecepta
533 1462 761 1510 dictatoris,
789 1462 859 1514 qui
884 1468 1083 1514 quantum
1109 1467 1195 1501 tuto
1221 1471 1363 1514 posset
1381 1475 1646 1515 progressum

288 1523 401 1577 prius
435 1523 616 1577 recipere
644 1538 735 1563 sese
759 1523 934 1564 iusserat
960 1538 1082 1576 quam
1108 1523 1150 1562 in
1175 1531 1440 1577 conspectum
1467 1523 1645 1563 hostium

289 1585 457 1625 veniret.
517 1584 720 1626 Numidae
752 1585 819 1625 alii
845 1592 967 1638 atque
994 1585 1060 1625 alii
1087 1593 1348 1625 occursantes
1374 1585 1646 1639 refugientes-

289 1661 367 1699 que
394 1646 447 1687 ad
472 1654 602 1687 eastra
629 1662 755 1701 prope
775 1647 910 1701 ipsum
932 1662 1025 1687 eum
1045 1647 1285 1702 fatigatione
1307 1662 1503 1700 equorum
1525 1655 1646 1700 atque

289 1708 500 1749 hominum
526 1709 772 1763 pertrahere.
821 1710 916 1750 inde
943 1709 1158 1758 Carthalo,
1185 1724 1311 1763 penes
1338 1724 1459 1762 quem
1487 1724 1646 1750 summa

288 1771 489 1824 equestris
534 1772 692 1825 imperii
736 1779 839 1820 erat,
890 1772 1101 1812 concitatis
1146 1772 1260 1824 equis
1303 1772 1489 1812 invectus
1539 1786 1645 1820 cum,

286 1833 527 1886 priusquam
571 1833 623 1873 ad
661 1833 889 1873 coniectum
928 1833 996 1873 teli
1032 1833 1207 1882 veniret,
1253 1833 1467 1873 avertisset
1503 1833 1644 1881 hostis,

288 1894 469 1947 quinque
500 1894 628 1935 ferme
659 1896 768 1935 milia
802 1895 1026 1935 continenti
1058 1910 1181 1935 cursu
1206 1901 1371 1935 secutus
1398 1902 1460 1934 est
1485 1894 1647 1948 fugien-

289 1955 354 1995 tis.
409 1955 649 2005 Mancinus,
675 1963 894 2010 postquam
920 1971 994 1996 nec
1021 1956 1181 1996 hostem
1207 1956 1404 1996 desistere
1431 1956 1546 2008 sequi
1571 1971 1646 1996 nec

289 2032 405 2071 spem
441 2017 542 2057 vidit
574 2017 799 2072 effugiendi
831 2033 940 2067 esse,
980 2018 1214 2059 cohortatus
1248 2033 1343 2057 suos
1375 2018 1416 2057 in
1446 2017 1645 2071 proelium

288 2079 407 2119 rediit
443 2080 554 2120 omni
589 2088 703 2133 parte
740 2080 887 2120 virium
924 2080 1052 2134 inpar.
1114 2080 1250 2132 itaque
1293 2079 1381 2133 ipse
1425 2087 1465 2119 et
1500 2079 1646 2119 delecti

289 2142 473 2193 equitum
493 2142 758 2182 circumventi
779 2143 1038 2190 occiduntur3
1066 2141 1187 2182 ceteri
1211 2141 1342 2181 effuso
1362 2156 1504 2181 rursus
1524 2156 1647 2182 eursu

290 2204 413 2245 Cales
444 2205 640 2259 primum,
678 2205 772 2245 inde
806 2220 932 2259 prope
962 2205 1084 2245 inviis
1117 2204 1288 2245 callibus
1320 2204 1371 2244 ad
1408 2204 1645 2244 dictatorem

287 2266 569 2321 perfugerunt.

373 2329 438 2370 Eo
469 2329 573 2370 forte
604 2330 668 2370 die
700 2328 911 2370 Minucius
949 2343 992 2369 se
1029 2328 1294 2369 coniunxerat
1325 2327 1457 2368 Fabio
1494 2327 1645 2367 missus

288 2390 341 2430 ad
365 2390 611 2431 firmandum
636 2391 840 2446 praesidio
866 2391 1034 2439 saltum,
1067 2390 1137 2443 qui
1163 2405 1286 2444 super
1312 2389 1578 2429 Tarracinam
1603 2389 1645 2429 in

289 2460 396 2492 artas
422 2460 587 2493 coaetus
614 2453 754 2493 fauces
779 2453 948 2492 inminet
969 2452 1090 2499 mari,
1117 2467 1168 2492 ne
1189 2451 1239 2492 ab
1263 2450 1463 2492 Sinuessa
1477 2450 1643 2491 Poenus

288 2514 452 2568 Appiae
477 2515 604 2555 limite
630 2516 841 2568 pervenire
866 2515 908 2554 in
929 2530 1072 2569 agrum
1093 2514 1328 2554 Romanum
1347 2520 1500 2568 posset.
1550 2528 1644 2554 con-

289 2575 437 2616 iunctis
470 2577 716 2617 exercitibus
749 2577 921 2617 dictator
945 2591 991 2616 ac
1017 2576 1213 2630 magister
1238 2576 1420 2629 equitum
1446 2581 1580 2616 eastra
1603 2575 1644 2614 in

289 2636 398 2676 viam
434 2637 642 2686 deferunt,
680 2653 762 2691 qua
791 2637 1003 2679 Hannibal
1040 2638 1236 2678 ducturus
1275 2644 1370 2678 erat.
1432 2637 1513 2677 duo
1548 2636 1642 2676 inde

290 2697 400 2738 milia
426 2698 564 2740 hostes
591 2700 771 2741 aberant.
