1815 3184
312 218 393 260 282
604 222 759 257 LIBER
783 222 932 266 XXVI,
958 222 1010 255 15.
1034 221 1086 255 16.
1114 223 1162 265 [a.
1177 233 1211 256 u.
1227 232 1256 256 e.
1270 222 1351 266 543]

271 344 289 372 5
315 340 606 382 oppressurum
642 325 1011 376 extincturumque.
1072 323 1123 364 ab
1154 323 1232 364 1100
1264 337 1450 364 sermone
1481 338 1574 364 eum
1604 324 1664 363 di-

313 388 446 445 gressi
470 393 606 428 essent
632 392 671 427 et
694 385 860 440 Appius
885 385 1073 438 quamvis
1105 385 1294 426 ferociter
1324 385 1558 438 loquentem
1583 385 1665 425 col-

313 452 448 505 legam
473 464 555 489 non
579 448 783 489 dubitaret
803 454 943 488 tamen
960 447 1114 487 litteras
1135 461 1258 500 super
1276 452 1388 487 tanta
1405 461 1447 486 re
1468 445 1519 486 ab
1532 445 1666 486 Roma

271 526 289 555 6
316 517 643 566 expectaturum,
686 510 879 558 Fulvius,
920 523 971 549 ne
1001 509 1042 549 id
1073 509 1211 562 ipsum
1241 508 1578 562 impedimentum
1606 507 1667 547 in-

316 581 434 628 cepto
476 573 604 622 foret,
654 572 861 612 dimittens
903 571 1152 625 praetorium
1194 570 1368 611 tribunis
1411 569 1585 610 militum
1620 583 1668 609 ac

315 635 532 690 praefectis
560 635 717 675 socium
741 632 975 688 imperavit,
1012 633 1072 673 uti
1101 631 1261 673 duobus
1293 630 1457 672 milibus
1486 630 1668 683 equitum

317 698 484 739 delectis
527 696 835 744 denuntiarent,
886 701 931 735 ut
973 695 1026 735 ad
1067 694 1225 734 tertiam
1272 693 1465 734 bucinam
1506 698 1668 746 praesto

274 773 289 800 7
318 766 466 801 essent.
522 773 616 799 cum
640 758 718 798 hoe
744 757 927 810 equitatu
951 763 1070 797 nocte
1095 756 1283 797 Teanum
1308 755 1515 810 profectus
1540 754 1671 808 prima

316 823 407 863 luce
432 828 591 876 portam
616 820 781 861 intravit
806 826 927 872 atque
952 819 995 859 in
1012 819 1147 859 forum
1166 818 1361 872 perrexit,
1389 830 1671 868 concursuque

318 884 370 925 ad
406 884 582 937 primum
619 882 801 935 equitum
837 882 1069 936 ingressum
1105 880 1215 921 facto
1245 879 1532 934 magistratum
1564 876 1672 919 Sidi-

319 947 456 987 cinum
482 944 595 985 citari
619 944 738 984 iussit
762 943 1077 997 imperavitque,
1104 949 1149 982 ut
1173 942 1416 996 produceret
1436 940 1672 994 Campanos

274 1018 293 1048 8
320 1022 422 1060 quos
448 1007 489 1046 in
515 1006 701 1046 custodia
725 1005 906 1046 haberet.
955 1003 1144 1058 producti
1169 1018 1311 1044 omnes
1337 1002 1546 1057 virgisque
1565 999 1673 1041 caesi

320 1083 368 1109 ae
394 1068 525 1108 securi
551 1067 748 1121 percussi.
802 1067 896 1106 inde
922 1066 1044 1106 citato
1071 1080 1175 1118 equo
1203 1064 1326 1106 Cales
1351 1063 1566 1118 percurrit:
1602 1061 1675 1102 ubi

322 1145 414 1170 eum
450 1130 492 1169 in
529 1128 720 1169 tribunali
757 1127 1011 1168 consedisset
1042 1127 1311 1181 productique
1338 1124 1541 1179 Campani
1576 1123 1676 1164 deli-

321 1198 515 1246 garentur
539 1191 591 1230 ad
615 1190 773 1243 palum,
801 1203 925 1241 eques
952 1188 1055 1229 citus
1082 1187 1132 1228 ab
1146 1188 1280 1228 Roma
1305 1187 1415 1227 venit
1439 1186 1676 1238 litterasque

322 1269 346 1293 a
384 1252 432 1293 C.
472 1251 695 1305 Calpurnio
735 1257 921 1304 praetore
962 1249 1110 1289 Fulvio
1153 1255 1192 1289 et
1235 1255 1400 1289 senatus
1444 1247 1676 1288 consultum

277 1329 295 1357 9
322 1314 457 1355 tradit.
516 1328 701 1353 murmur
737 1311 788 1352 ab
825 1311 1017 1352 tribunali
1053 1318 1181 1351 totam
1217 1310 1448 1350 contionem
1477 1308 1675 1364 pervasit:

322 1375 477 1416 differri
500 1389 586 1415 rem
611 1374 812 1428 integram
837 1373 889 1413 ad
913 1380 1049 1426 patres
1076 1373 1126 1412 de
1153 1371 1391 1425 Campanis.
1440 1377 1480 1411 et
1503 1370 1676 1411 Fulvius

321 1437 365 1478 id
388 1437 445 1476 ita
469 1450 560 1476 esse
584 1442 696 1475 ratus
723 1440 911 1488 acceptas
942 1434 1096 1473 litteras
1127 1447 1261 1485 neque
1285 1431 1487 1473 resolutas
1519 1446 1613 1472 cum
1637 1431 1679 1471 in

322 1498 478 1554 gremio
508 1497 777 1550 reposuisset,
820 1495 1013 1549 praeconi
1042 1494 1275 1548 imperavit,
1314 1500 1358 1533 ut
1380 1493 1564 1534 lictorem
1588 1493 1679 1547 lege

323 1573 445 1614 agere
470 1559 638 1599 iuberet.
699 1558 756 1598 ita
781 1558 831 1597 de
856 1557 905 1596 iis
937 1571 1100 1609 quoque
1131 1556 1202 1608 qui
1228 1554 1400 1596 Calibus
1431 1561 1545 1595 erant
1571 1569 1681 1595 sum-

259 1634 299 1663 10
325 1628 441 1675 ptum
467 1619 727 1673 supplicium.
788 1625 875 1658 tum
900 1618 1057 1658 litterae
1082 1618 1210 1658 lectae
1243 1624 1493 1670 senatusque
1519 1616 1682 1658 consul-

324 1691 409 1723 tum
436 1696 571 1722 serum
597 1681 649 1720 ad
673 1680 977 1734 impediendam
1002 1694 1088 1720 rem
1114 1686 1266 1728 actam,
1292 1693 1398 1732 quae
1424 1694 1585 1720 summa
1604 1692 1681 1732 ope
1720 1669 1728 1673 ⁷

260 1757 297 1785 11
325 1745 593 1797 adproperata
618 1749 721 1790 erat,
754 1757 804 1782 110
829 1742 1018 1796 impediri
1043 1748 1195 1796 posset.
1256 1747 1574 1796 consurgentem
1599 1741 1681 1781 iam

323 1805 517 1846 Fulvium
537 1804 701 1844 Taurea
714 1803 917 1844 Vibellius
940 1803 1199 1857 Campanus,
1225 1817 1298 1857 per
1322 1803 1500 1844 inediam
1525 1803 1681 1843 vadens

325 1867 504 1915 turbam,
531 1866 696 1907 nomine
721 1866 957 1906 inclamavit
976 1872 1032 1914 et,
1059 1880 1153 1906 cum
1172 1864 1459 1913 mirabundus,
1486 1864 1682 1917 quidnam

261 1942 299 1971 12
327 1943 416 1969 sese
442 1928 581 1977 vellet,
618 1928 838 1968 resedisset
864 1927 1058 1976 Flaccus,
1099 1931 1182 1966 ‘me
1208 1926 1387 1979 quoque'
1412 1926 1544 1979 inquit
1570 1925 1683 1966 ‘iube

327 1990 476 2039 occidi,
513 1997 557 2030 ut
587 1990 753 2045 gloriari
783 1989 918 2043 possis
950 1989 1079 2030 multo
1112 1988 1323 2029 fortiorem
1353 2002 1478 2041 quam
1513 1987 1602 2041 ipse
1639 2002 1682 2027 es

266 2066 303 2095 13
326 2053 459 2093 virum
490 2052 564 2092 abs
596 2059 635 2092 te
667 2052 849 2092 occisum
881 2051 1002 2092 esse'.
1062 2066 1156 2092 cum
1185 2050 1361 2091 Flaccus
1392 2055 1562 2104 negaret
1591 2063 1684 2103 pro-

328 2115 436 2155 fecto
463 2114 561 2155 satis
588 2120 819 2168 compotem
849 2113 997 2154 mentis
1031 2128 1140 2162 csse,
1178 2113 1300 2153 modo
1331 2111 1536 2166 prohiberi
1562 2111 1684 2151 etiam

264 2189 304 2218 14
330 2191 392 2225 se,
430 2176 464 2215 si
493 2176 537 2216 id
566 2176 706 2224 vellet,
746 2182 911 2216 senatus
943 2175 1130 2216 consulto
1161 2175 1330 2222 diceret,
1369 2180 1456 2214 tum
1480 2172 1684 2214 Vibellius

331 2237 513 2290 ‘quando
539 2237 722 2290 qnidem'
746 2237 895 2290 inquit,
942 2241 1080 2291 ‘capta
1103 2237 1246 2291 patria,
1258 2235 1497 2290 propinquis
1525 2234 1686 2275 amicis-

329 2314 409 2352 que
446 2299 627 2349 amissis,
666 2313 760 2339 011111
795 2300 885 2353 ipse
921 2315 1047 2339 manu
1083 2314 1175 2340 mea
1206 2298 1424 2353 coniugem
1454 2297 1686 2350 liberosque

330 2360 622 2409 interfecerim,
659 2375 710 2401 ne
736 2362 836 2414 quid
865 2361 1023 2415 indigni
1053 2367 1306 2415 paterentur,
1344 2359 1444 2400 mihi
1469 2374 1520 2399 ne
1543 2358 1685 2399 mortis

331 2424 497 2476 quidem
522 2424 640 2478 copia
665 2424 809 2464 eadem
834 2430 913 2473 est,
951 2438 1056 2476 quae
1086 2423 1150 2464 his
1177 2423 1335 2464 civibus
1367 2422 1489 2470 meis,
1526 2426 1687 2475 petatur

268 2497 307 2527 15
333 2500 357 2525 a
386 2485 535 2526 virtute
564 2486 721 2526 invisae
752 2485 874 2526 huius
906 2485 1014 2525 vitae
1044 2485 1259 2534 vindicta',
1298 2490 1419 2537 atque
1449 2483 1506 2523 ita
1535 2481 1684 2537 gladio,

333 2561 456 2600 quem
481 2554 595 2588 veste
620 2554 795 2597 texerat,
832 2562 906 2602 per
931 2548 1148 2588 adversum
1174 2553 1318 2601 pectus
1345 2545 1566 2587 transfixus
1593 2549 1686 2584 ante

333 2609 458 2661 pedes
483 2609 740 2663 imperatoris
765 2609 1035 2650 moribundus
1060 2609 1291 2663 procubuit.

292 2676 306 2704 1
417 2668 543 2709 XVI.
605 2669 714 2722 Quia
739 2677 778 2710 et
802 2671 912 2724 quod
937 2671 989 2711 ad
1015 2671 1260 2724 supplicium
1285 2669 1428 2710 attinet
1453 2666 1684 2719 Campano—
