1815 3184
453 255 604 289 LIBER
629 254 761 298 XXII,
787 253 841 288 40.
862 253 917 286 41.
946 254 994 295 [a.
1011 250 1145 294 C.216]
1426 241 1479 281 93

126 360 216 401 telis
252 360 388 414 potius
425 373 547 412 quam
587 357 793 411 suffragiis
829 356 1025 396 iratorum
1062 355 1213 395 civium
1251 360 1374 408 caput
1410 352 1482 393 ob-

126 423 340 463 iecturum.

210 483 279 524 Ab
316 483 395 523 hoc
433 497 620 524 sermone
656 481 886 536 profectum
922 479 1101 520 Paulum
1138 478 1300 518 tradunt
1343 491 1513 531 prose--

126 545 345 599 quentibus
388 544 634 599 primoribus
677 552 858 598 patrum3
907 541 1113 596 plebeium
1156 539 1366 581 consulem
1410 554 1484 579 sua

125 607 267 662 plebes
303 613 538 662 prosecuta,
576 606 695 646 turba
733 604 1000 659 conspectior,
1039 618 1131 644 cum
1164 602 1383 657 dignitates
1415 601 1484 641 dc-

128 677 278 710 essent.

212 732 271 772 Ut
296 732 339 772 in
365 738 497 772 castra
522 737 738 779 venerunt,
770 729 972 784 permixto
1004 743 1111 769 novo
1137 727 1316 768 exercitu
1344 740 1392 766 ae
1416 740 1485 766 vc-

127 801 210 833 tere
231 794 374 834 castris
396 793 585 834 bifariam
606 792 745 841 factis,
773 799 821 832 ut
840 806 948 831 nova
972 790 1130 831 minora
1155 796 1292 830 essent
1316 788 1484 842 propius

127 855 419 904 Hannibalem,
446 856 487 895 in
506 853 711 895 veteribus
732 853 862 893 maior
881 867 975 906 pars
996 858 1035 892 et
1055 865 1175 892 omne
1193 850 1318 891 robur
1337 850 1484 890 virium

128 924 254 965 esset,
282 917 497 957 consulum
524 916 618 956 anni
642 915 787 969 prioris
807 914 867 954 M.
884 914 1058 953 Atilium
1085 920 1258 953 aetatem
1286 926 1486 952 excusan-

128 987 210 1019 tem
235 979 411 1019 Romam
437 978 654 1025 miserunt,
689 975 913 1017 Geminum
941 973 1162 1015 Servilium
1193 974 1234 1013 in
1260 973 1485 1013 minoribus

127 1040 270 1080 eastris
300 1039 453 1093 legioni
484 1038 697 1078 Romanae
729 1044 769 1078 et
805 1036 962 1077 sociutn
998 1036 1182 1089 peditum
1221 1035 1484 1088 equitumque

127 1101 288 1141 duobus
314 1100 479 1140 milibus
506 1099 759 1153 praeficiunt.

210 1161 422 1202 Hannibal
465 1175 715 1214 quamquam
758 1167 873 1214 parte
916 1158 1086 1199 dimidia
1128 1164 1269 1198 auctas
1306 1157 1485 1198 hostium

127 1224 264 1278 copias
296 1223 505 1272 cernebat,
545 1230 681 1263 tamen
713 1222 893 1262 adventu
924 1220 1139 1261 consulum
1166 1220 1266 1260 mire
1292 1219 1485 1274 gaudere.

126 1302 207 1327 non
233 1285 366 1326 solum
392 1285 500 1325 enin]
526 1285 627 1325 nihil
653 1300 703 1325 ex
727 1284 855 1338 raptis
881 1284 922 1323 in
949 1283 1057 1323 diem
1089 1281 1386 1323 commeatibus
1421 1296 1488 1321 su-

126 1347 312 1402 perabat,
352 1348 425 1388 sed
465 1362 516 1388 ne
560 1347 667 1387 unde
705 1353 865 1401 raperet
895 1345 1061 1399 quidem
1092 1345 1310 1397 quicquam
1343 1343 1488 1396 reliqui

128 1416 212 1450 erat
237 1409 347 1450 omni
374 1409 553 1462 undique
580 1409 804 1457 frumento,
836 1416 1056 1462 postquam
1082 1420 1181 1461 ager
1204 1421 1350 1460 parum
1376 1413 1487 1445 tutus

128 1479 231 1520 crat,
269 1471 310 1511 in
341 1471 463 1511 urbes
495 1471 674 1511 munitas
707 1482 923 1518 convecto,
960 1476 1006 1509 ut
1036 1469 1106 1509 vix
1136 1468 1280 1508 decem
1315 1468 1486 1515 dierum,

128 1533 238 1586 quod
274 1540 512 1587 conpertum
548 1540 693 1586 postea
724 1539 804 1581 cst,
842 1532 1095 1572 frumentum
1127 1536 1378 1584 superesset,
1411 1528 1489 1569 Hi—

130 1609 433 1648 spanorumque
460 1594 511 1635 ob
537 1594 716 1648 inopiam
743 1593 927 1634 transitio
954 1600 1096 1647 parata
1121 1592 1262 1640 fuerit,
1296 1592 1329 1632 si
1356 1598 1488 1631 matu-

128 1657 225 1697 ritas
252 1663 482 1710 temporum
508 1663 722 1710 expectata
746 1656 864 1696 foret.

214 1718 444 1758 XXXXI.
491 1718 684 1759 Ceterum
712 1717 929 1758 temeritati
949 1717 1128 1758 consulis
1148 1731 1195 1757 ae
1214 1730 1489 1771 praepropero

128 1781 294 1835 ingenio
319 1781 531 1821 materiam
551 1781 673 1821 etiam
694 1780 857 1821 fortuna
877 1780 1006 1829 dedit,
1034 1779 1143 1832 quod
1162 1778 1204 1818 in
1223 1777 1489 1832 prohibendis

128 1842 439 1896 praedatoribus
471 1842 738 1883 tumultuario
768 1841 922 1895 proelio
955 1855 1001 1881 ae
1032 1855 1233 1895 procursu
1258 1839 1390 1894 magis
1416 1839 1491 1878 mi-

128 1904 244 1944 litum
287 1919 411 1957 quam
449 1919 499 1944 ex
534 1911 777 1958 praeparato
814 1910 884 1943 aut
920 1903 1037 1943 iussu
1072 1903 1365 1957 imperatorum
1403 1908 1490 1940 orto

129 1966 447 2020 haudquaquam
473 1982 547 2021 par
565 1966 717 2007 Poenis
744 1965 950 2006 dimicatio
977 1965 1066 2005 fuit.
1122 1965 1174 2005 ad
1198 1964 1308 2004 mille
1334 1970 1373 2003 et
1399 1978 1490 2016 sep-

130 2027 303 2082 tingenti
335 2028 445 2069 caesi
474 2044 556 2069 non
587 2028 680 2082 plus
707 2035 871 2068 centum
896 2027 1178 2068 Romanorum
1205 2026 1490 2077 sociorumque

130 2089 289 2129 occisis.
346 2097 526 2130 ceterum
555 2090 778 2131 victoribus
805 2090 936 2130 effuse
964 2087 1230 2141 sequentibus
1256 2093 1368 2126 metu
1392 2086 1491 2126 insi-

131 2150 289 2190 diarum
315 2151 471 2191 obstitit
485 2151 641 2192 Paulus
672 2151 833 2199 consul,
862 2151 978 2190 cuius
1005 2165 1051 2190 eo
1073 2150 1137 2189 die
1155 2174 1189 2177 —
1208 2164 1302 2189 nam
1324 2148 1489 2188 alternis

130 2212 693 2268 imperitabant—imperinm
713 2221 816 2262 erat,
838 2213 1023 2254 Varrone
1043 2212 1282 2266 indignante
1308 2226 1356 2252 ac
1382 2210 1491 2251 voci-

131 2273 307 2322 ferante,
335 2274 531 2315 emissum
557 2275 716 2315 hostem
744 2290 765 2315 e
791 2273 980 2315 manibus
1008 2273 1303 2326 debellarique,
1337 2272 1379 2312 ni
1404 2287 1491 2313 ees-

133 2342 265 2375 satum
285 2335 408 2384 foret,
435 2337 633 2390 potuisse.
688 2336 900 2377 Hannibal
926 2336 968 2375 id
993 2335 1188 2375 damnum
1213 2335 1324 2375 haud
1350 2348 1491 2389 aeger-

132 2397 232 2436 rime
251 2397 353 2450 pati,
380 2397 478 2450 quin
498 2398 634 2451 potius
655 2399 819 2439 eredere
841 2397 952 2438 velut
970 2397 1193 2437 inescatam
1221 2396 1490 2437 temeritatem

1516 2350 1533 2376 -ι

133 2458 342 2498 ferocioris
375 2459 555 2499 consulis
589 2473 635 2499 ac
668 2473 868 2500 novorum
892 2459 1071 2499 maxime
1096 2459 1272 2498 militum
1297 2472 1401 2499 esse.
1451 2465 1489 2498 et
1517 2472 1535 2501 5

133 2514 268 2554 omnia
294 2515 330 2555 ei
355 2514 535 2555 hostium
561 2515 672 2555 haud
699 2530 816 2556 secus
847 2529 973 2567 quam
1005 2530 1080 2555 sua>
1109 2523 1207 2555 nota
1238 2521 1370 2555 erant:
1408 2514 1490 2554 dis-

134 2575 287 2616 similes
307 2576 599 2630 discordesque
618 2577 862 2631 imperitare,
890 2577 991 2617 duas
1011 2591 1137 2631 prope
1157 2582 1292 2630 partes
1313 2576 1489 2616 tironum

132 2638 306 2679 militum
332 2639 374 2679 in
400 2640 581 2681 exercitu
607 2654 711 2680 esse.
760 2639 896 2693 itaque
916 2639 1052 2680 locum
1079 2646 1119 2679 et
1143 2645 1305 2693 tempus
1331 2637 1490 2679 insidiis

133 2707 273 2755 aptum
306 2715 349 2742 se
374 2701 525 2743 habere
551 2707 681 2752 ratus,
715 2708 832 2743 nocte
858 2701 1043 2756 proxima
1068 2701 1167 2741 nihil
1194 2708 1353 2756 praeter
1378 2717 1490 2742 arma

1516 2652 1533 2681 G
