1815 3184
511 241 666 276 LIBER
690 243 815 287 xxv,
841 242 963 277 24.25.
993 244 1043 286 [a.
1060 242 1194 286 0212]
1459 232 1541 273 243

181 348 394 388 custodum
419 353 698 400 transgressos
724 361 887 386 murum
912 345 1157 400 expulsurus
1183 345 1300 394 foret,
1327 358 1541 386 occurren-

178 408 287 449 tibus
313 408 490 462 pavidis,
516 408 737 448 tumultum
763 422 914 463 augere
939 423 1010 449 eos
1036 408 1226 448 dictitans
1247 414 1286 448 et
1311 407 1466 447 maiora
1490 420 1538 447 ac

178 470 420 511 terribiliora
445 485 542 511 vero
567 470 745 520 adferre,
782 477 1000 525 postquam
1028 469 1242 524 conspexit
1272 469 1409 510 omnia
1433 468 1541 509 circa

178 532 378 586 Epipolas
415 532 538 573 armis
577 532 782 586 conpleta,
819 532 1010 573 lacessito
1048 538 1207 572 tantum
1244 530 1361 571 hoste
1396 529 1538 584 paucis

178 594 403 635 missilibus
428 601 535 634 retro
561 594 602 634 in
622 594 904 634 Achradinam
929 608 1079 648 agmen
1104 593 1322 642 convertit,
1349 607 1433 633 non
1457 598 1540 632 tam

179 657 263 696 vim
288 656 674 709 multitudinemque
698 656 879 697 hostium
904 662 1110 704 metuens,
1149 670 1273 708 quam
1297 669 1348 695 ne
1375 669 1456 707 qua
1478 653 1539 694 in-

180 718 328 759 testina
353 718 466 759 fraus
492 732 566 772 per
590 718 847 758 occasionem
873 724 1054 758 oreretur
1079 717 1323 770 clausasque
1348 716 1454 757 inter
1478 722 1541 755 tu-

180 780 354 820 multum
378 779 640 820 Achradinae
666 786 788 833 atque
813 779 970 820 insulae
995 779 1195 819 inveniret
1224 785 1376 833 portas.
1424 777 1539 818 Mar-

181 841 307 882 cellus
346 848 389 882 ut
424 841 585 881 moenia
614 841 825 895 ingressus
864 855 915 880 ex
952 840 1230 894 superioribus
1261 840 1362 880 locis
1396 838 1541 880 urbem

181 903 365 944 omnium
400 903 529 943 ferme
565 903 634 943 illa
675 908 919 956 tempestate
956 902 1273 956 pulcherrimam
1316 901 1543 942 subiectam

181 965 310 1006 oculis
347 962 472 1014 vidit,
521 964 801 1004 inlacrimasse
843 963 992 1004 dicitur
1026 964 1174 1017 partim
1215 963 1369 1018 gaudio
1406 969 1543 1003 tantae

180 1033 436 1081 perpetratae
466 1026 542 1075 rei,
581 1026 729 1080 partim
760 1031 923 1066 vetusta
950 1025 1084 1079 gloria
1114 1025 1241 1065 urbis.
1312 1024 1542 1064 Athenien·
1592 1044 1597 1050 ·

181 1089 288 1129 sium
314 1088 457 1128 elassis
484 1088 697 1127 demersae
723 1093 762 1128 et
787 1087 868 1127 duo
894 1087 1082 1141 ingentes
1104 1085 1307 1126 exercitus
1328 1100 1423 1126 cum
1443 1086 1544 1126 duo-

179 1149 257 1190 bus
283 1149 520 1189 clarissimis
547 1148 721 1189 ducibus
747 1148 868 1189 deleti
894 1147 1162 1188 occurrebant
1181 1154 1220 1188 et
1239 1153 1299 1188 tot
1323 1147 1431 1188 bella
1450 1162 1543 1188 cum

181 1210 594 1265 Carthaginiensibus
621 1218 733 1251 tanto
766 1225 859 1251 eum
890 1210 1124 1251 discrimine
1155 1216 1321 1264 gestae,
1364 1215 1423 1250 tot
1459 1216 1543 1249 tam

180 1273 362 1327 opulenti
392 1273 554 1328 tyranni
578 1287 799 1327 regesque,
836 1279 998 1327 praeter
1023 1279 1180 1313 ceteros
1206 1272 1338 1312 Hiero
1363 1285 1457 1312 cum
1481 1286 1545 1312 re-

180 1335 440 1376 centissimae
472 1336 693 1376 memoriae
723 1350 814 1384 rex,
848 1342 935 1375 tum
966 1341 1060 1375 ante
1091 1334 1245 1383 omnia,
1284 1348 1389 1387 quae
1414 1333 1543 1373 virtus

181 1397 219 1437 ei
236 1396 482 1450 fortunaque
503 1413 576 1438 sua
596 1398 781 1447 dederat,
808 1396 1016 1438 beneficiis
1036 1396 1078 1436 in
1096 1396 1295 1451 populum
1309 1395 1545 1437 Romanum

181 1459 370 1513 insignis.
430 1474 479 1500 ea
509 1474 603 1500 cum
635 1460 827 1500 universa
852 1466 1110 1500 occurrerent
1141 1459 1277 1499 animo
1309 1457 1544 1510 subiretque

183 1521 396 1575 cogitatio,
444 1521 526 1561 iam
561 1521 631 1562 illa
666 1527 874 1562 momento
911 1521 1035 1562 horae
1073 1535 1216 1561 arsura
1246 1519 1384 1560 omnia
1418 1526 1459 1560 et
1493 1519 1546 1559 ad

184 1585 340 1626 eineres
360 1583 549 1632 reditura,
576 1583 815 1637 priusquam
843 1583 961 1637 signa
984 1582 1268 1623 Achradinam
1294 1582 1542 1630 admoveret,

183 1645 404 1701 praemittit
437 1643 742 1699 Syracusanos,
781 1644 851 1697 qui
880 1645 986 1684 intra
1015 1644 1221 1698 praesidia
1250 1643 1458 1692 Romana,
1501 1649 1546 1682 ut

184 1714 277 1749 ante
297 1707 451 1747 dictum
470 1713 543 1755 est,
571 1706 751 1755 fuerant,
777 1712 823 1746 ut
843 1705 1034 1758 adloquio
1054 1705 1136 1746 leni
1155 1704 1397 1760 inpellerent
1414 1703 1543 1745 hostis

185 1771 238 1811 ad
263 1770 494 1810 dedendam
520 1769 676 1809 urbem.

268 1830 418 1873 XXV.
458 1830 671 1872 Tenebant
686 1829 949 1871 Achradinae
963 1837 1102 1885 portas
1117 1844 1338 1883 murosque
1353 1843 1544 1870 maxume

184 1893 441 1948 transfugae,
469 1893 618 1946 quibus
640 1893 752 1933 nulla
772 1899 857 1933 erat
875 1907 949 1947 per
974 1892 1233 1933 condiciones
1259 1891 1404 1932 veniae
1430 1905 1544 1945 spes3

184 1956 218 1997 ei
245 1971 321 1996 nec
346 1955 456 1996 adire
482 1970 621 1995 muros
647 1969 723 1996 nec
749 1955 914 2008 adloqui
940 1969 1189 2008 quemquam
1221 1953 1346 2008 passi.
1406 1953 1544 2006 itaque

184 2017 427 2067 Marcellus,
454 2024 672 2071 postquam
697 2017 907 2071 inceptum
931 2016 1098 2056 inritum
1123 2016 1218 2065 fuit,
1246 2016 1297 2056 ad
1316 2015 1546 2070 Euryalum

187 2079 305 2134 signa
335 2080 476 2120 referri
506 2080 640 2120 iussit.
701 2079 883 2119 tumulus
916 2085 978 2119 est
1009 2079 1050 2118 in
1082 2085 1265 2118 extrema
1294 2086 1408 2132 parte
1433 2076 1545 2118 urbis

186 2155 330 2181 versus
356 2156 380 2181 a
404 2142 505 2181 mari
530 2141 703 2195 viaeque
728 2141 946 2181 imminens
973 2140 1119 2181 ferenti
1143 2141 1185 2180 in
1209 2155 1331 2194 agros
1357 2139 1547 2180 mediter-

186 2217 390 2255 raneaque
416 2203 591 2252 insulae,
629 2203 918 2257 percommode
952 2203 1054 2243 situs
1081 2202 1133 2243 ad
1159 2208 1412 2243 commeatus
1439 2201 1547 2241 exci-

188 2265 370 2318 piendos.
430 2272 616 2318 praeerat
640 2265 735 2306 huic
760 2265 843 2305 arci
867 2265 1137 2305 Philodemus
1157 2264 1342 2318 Argivus
1370 2263 1420 2304 ab
1445 2263 1548 2317 Epi-

188 2327 290 2380 cyde
316 2327 552 2381 impositus3
590 2327 641 2368 ad
666 2342 788 2380 quem
814 2327 965 2368 missus
992 2343 1015 2368 a
1040 2326 1238 2367 Marcello
1266 2325 1403 2374 Sosis,
1441 2340 1547 2366 unus

188 2404 238 2429 ex
264 2389 591 2431 interfectoribus
618 2391 797 2444 tyranni,
836 2405 930 2431 cum
953 2390 1078 2445 longo
1111 2404 1297 2430 sermone
1322 2388 1462 2430 habito
1487 2388 1548 2428 di-

187 2450 294 2490 latus
330 2466 403 2505 per
438 2452 745 2493 frustrationem
782 2459 910 2501 esset,
948 2452 1103 2492 rettulit
1127 2450 1346 2502 Marcello,
1385 2457 1547 2505 tempus

188 2527 282 2553 eum
313 2513 365 2553 ad
395 2513 706 2554 deliberandum
739 2514 979 2568 sumpsisse.
1047 2529 1141 2554 cum
1177 2514 1212 2553 is
1251 2513 1359 2553 diem
1395 2512 1446 2553 de
1482 2512 1548 2553 die

187 2574 387 2623 differret,
437 2576 535 2615 dum
571 2576 853 2630 Hippocrates
898 2583 1020 2629 atque
1056 2575 1240 2615 Himilco
1283 2575 1548 2615 admoverent

187 2643 339 2686 castra,
365 2637 568 2693 legiones,
596 2637 696 2678 haut
721 2637 890 2686 dubius,
924 2638 958 2678 si
982 2638 1024 2678 in
1049 2652 1184 2678 arcem
1210 2636 1438 2691 accepisset
1462 2650 1545 2684 eos,

186 2698 312 2740 deleri
337 2699 572 2740 Romanum
603 2700 828 2741 exercitum
858 2699 1061 2741 inclusum
1095 2699 1221 2739 muris
1254 2713 1395 2752 posse,
1433 2697 1547 2738 Mar-

1252 2764 1317 2798 16*

1567 537 1608 566 10

1567 785 1603 814 11

1572 1224 1609 1253 13

1574 1472 1611 1500 14

1573 1595 1612 1623 15

1571 1967 1588 1996 10

1572 2524 1593 2552 4

1573 2712 1592 2740 5
