1815 3184
498 254 651 289 121ssssss
675 254 804 298 xxx,
831 254 862 288 2.
881 255 912 288 3.
940 257 993 298 [a.
1009 254 1141 298 0203]
1408 245 1491 286 485

148 358 391 399 videbantur
417 365 554 399 autem
580 358 777 412 quidquid
801 359 1000 399 nudatum
1018 357 1233 413 praesidiis
1260 364 1371 399 esset
1388 357 1492 413 peti-

147 421 244 469 turi,
274 421 336 461 M.
357 420 537 470 Marcio,
562 421 741 476 praetori
759 421 904 475 prioris
927 420 1040 470 anni,
1066 435 1159 461 cum
1184 421 1354 461 totidem
1376 420 1491 461 navi-

147 483 224 523 bus
250 483 403 523 tuenda
422 482 517 523 data
536 490 611 524 est.
648 483 724 524 tria
744 483 857 523 milia
874 483 1048 523 militum
1067 482 1109 523 in
1129 497 1220 523 eam
1240 482 1416 523 classem
1440 497 1491 523 ex

146 545 310 586 decreto
334 552 498 599 patrum
523 546 711 586 consules
739 546 990 600 scripserunt
1020 554 1060 586 et
1084 545 1185 586 duas
1216 545 1400 600 legiones
1424 560 1492 585 ur-

147 607 275 647 banas
308 607 360 647 ad
389 607 545 648 incerta
575 607 684 648 belli.
755 607 985 662 Hispaniae
1017 621 1109 647 cum
1140 607 1386 648 exercitibus
1416 606 1492 647 im-

145 669 342 724 perioque
360 669 566 710 veteribus
586 669 918 724 imperatoribus,
944 670 997 710 L.
1012 670 1193 711 Lentulo
1213 670 1318 711 etL.
1333 668 1492 709 Manlio

146 731 344 780 Acidino,
382 732 582 772 decretae.
643 732 789 786 viginti
814 732 978 773 omnino
1003 732 1235 786 legionibus
1262 739 1303 773 et
1327 738 1491 772 centum

147 793 363 848 sexaginta
387 794 561 836 navibus
586 794 721 849 longis
746 809 811 835 res
836 795 1027 835 Romana
1051 809 1100 836 eo
1126 809 1232 835 anno
1258 801 1389 849 gesta.

229 856 449 898 Praetores
475 857 517 896 in
540 857 774 912 provincias
800 857 858 898 ire
883 857 998 898 iussi.
1054 856 1291 898 consulibus
1316 855 1492 910 impera-

146 926 253 968 tum,
290 919 530 974 priusquam
556 920 607 960 ab
632 920 733 960 urbe
757 919 1132 974 proficiscerentur,
1174 919 1293 959 ludos
1317 932 1492 972 magnos

146 981 346 1031 facerent,
373 996 475 1034 quos
503 982 552 1021 T.
572 981 755 1021 Manlius
783 981 1017 1034 Torquatus
1044 981 1216 1022 dictator
1239 980 1282 1020 in
1307 980 1493 1033 quintum

146 1058 300 1083 annum
330 1043 530 1092 vovisset,
570 1043 605 1083 si
637 1043 781 1083 eodem
819 1050 928 1083 statu
962 1057 1028 1083 res
1059 1043 1224 1097 publica
1256 1048 1393 1083 staret.
1453 1048 1494 1082 et

143 1120 274 1146 novas
299 1105 519 1159 religiones
551 1104 786 1144 excitabant
817 1104 859 1143 in
890 1103 1036 1144 animis
1068 1103 1280 1144 hominum
1303 1103 1494 1158 prodigia

144 1180 196 1206 ex
219 1166 406 1220 pluribus
431 1165 532 1206 locis
557 1165 755 1205 nuntiata.
806 1180 950 1205 aurum
976 1165 1018 1205 in
1044 1163 1250 1219 Capitolio
1276 1165 1387 1206 corvi
1410 1180 1493 1206 non

142 1228 349 1269 lacerasse
374 1236 533 1268 tantum
556 1228 699 1269 rostris
726 1227 887 1277 crediti,
915 1227 989 1268 sed
1014 1227 1138 1267 etiam
1163 1226 1317 1276 edisse3
1355 1242 1491 1267 mures

142 1290 262 1331 Antii
287 1305 480 1331 coronam
511 1305 677 1331 auream
709 1290 914 1331 adrosere.
976 1289 1084 1330 circa
1110 1288 1300 1344 Capuam
1329 1303 1493 1330 omnem

144 1368 289 1407 agrum
318 1353 574 1393 lucustarum
610 1352 672 1393 vis
708 1352 876 1407 ingens,
918 1352 976 1393 ita
1004 1360 1051 1392 ut
1085 1351 1196 1392 unde
1227 1351 1493 1392 advenissent

142 1431 289 1471 parum
314 1422 537 1464 constaret,
565 1415 796 1469 complevit.
846 1415 1011 1456 eculeus
1036 1414 1169 1455 Reate
1194 1428 1287 1454 cum
1312 1413 1492 1467 quinque

142 1477 317 1532 pedibus
343 1484 477 1518 natus.
536 1477 756 1531 Anagniae
783 1477 915 1532 sparsi
945 1477 1124 1532 primum
1147 1476 1265 1530 ignes
1296 1475 1339 1516 in
1363 1476 1490 1525 caelo,

144 1539 239 1580 dein
264 1539 334 1579 fax
359 1539 505 1593 ingens
532 1539 648 1588 arsit3
690 1539 922 1580 Frusinone
948 1553 1066 1579 arcus
1094 1538 1223 1579 solem
1248 1537 1359 1579 tenui
1383 1537 1492 1579 linea

146 1602 361 1655 amplexus
394 1608 474 1650 est,
513 1601 711 1641 circulum
742 1601 890 1642 deinde
925 1601 1062 1657 ipsum
1092 1600 1221 1641 maior
1252 1600 1349 1641 solis
1381 1600 1491 1641 orbis

145 1664 400 1704 extrinsecus
426 1663 602 1703 inclusit.
661 1663 812 1718 Arpini
843 1670 951 1704 terra
980 1663 1201 1718 campestri
1231 1678 1330 1717 agro
1360 1662 1403 1703 in
1432 1663 1493 1702 in-

144 1733 309 1780 gentem
336 1725 469 1766 sinum
494 1725 691 1766 consedit.
736 1725 951 1766 consulum
976 1725 1093 1766 alteri
1115 1725 1291 1780 primam
1315 1724 1491 1766 hostiam

143 1787 370 1828 immolanti
395 1794 517 1842 caput
542 1787 731 1829 iocineris
758 1788 900 1828 defuit.
972 1802 1021 1828 ea
1049 1787 1239 1842 prodigia
1268 1787 1489 1828 maioribus

143 1849 289 1891 hostiis
320 1857 556 1904 procurata,
595 1850 692 1891 editi
723 1865 746 1890 a
771 1849 945 1905 collegio
975 1849 1215 1904 pontificum
1247 1849 1312 1890 dei
1343 1849 1490 1902 quibus

144 1912 455 1953 sacrificaretur.

228 1975 310 2016 ΙΙΙ.
369 1975 450 2016 His
478 1976 694 2017 transactis
722 1977 912 2017 consules
943 1983 1235 2032 praetoresque
1259 1976 1302 2016 in
1324 1976 1490 2031 provin-

144 2037 228 2078 cias
252 2038 439 2092 profecti.
477 2038 666 2079 omnibus
693 2046 849 2088 tamen,
875 2039 988 2080 velut
1012 2054 1104 2080 eam
1129 2039 1295 2088 sortitis,
1320 2039 1490 2079 Africae

145 2113 243 2140 cura
279 2108 383 2149 erat,
433 2115 506 2141 seu
542 2101 637 2154 quia
672 2101 728 2141 ibi
765 2117 967 2142 summam
1002 2116 1139 2142 rerum
1174 2101 1352 2154 bellique
1389 2101 1492 2141 verti

145 2163 369 2202 cernebant
399 2177 472 2203 seu
508 2170 554 2203 ut
584 2162 769 2218 Scipioni
799 2164 1144 2219 gratificarentur‚
1180 2163 1222 2204 in
1253 2178 1374 2216 quem
1404 2170 1491 2203 tum

144 2224 277 2264 omnis
304 2239 425 2265 versa
449 2224 592 2266 civitas
619 2232 718 2266 erat.
766 2225 903 2279 itaque
928 2242 1011 2267 non
1035 2241 1086 2267 ex
1102 2224 1293 2266 Sardinia
1318 2232 1488 2274 tantum,

146 2286 251 2326 sicut
277 2295 369 2328 ante
396 2287 549 2328 dictum
574 2294 654 2337 est,
693 2289 767 2329 sed
791 2303 843 2329 ex
868 2287 1010 2329 Sicilia
1034 2302 1196 2341 quoque
1222 2295 1262 2329 et
1285 2287 1491 2342 Hispania

145 2349 390 2390 vestimenta
425 2349 776 2404 frumentumque,
813 2358 854 2392 et
889 2366 1002 2391 arma
1032 2350 1154 2391 etiam
1191 2365 1242 2391 ex
1274 2348 1416 2391 Sicilia
1451 2358 1491 2391 et

145 2425 266 2452 omne
291 2426 422 2465 genus
448 2420 700 2453 commeatus
726 2427 775 2454 eo
799 2413 1079 2467 portabantur.
1141 2427 1218 2453 nec
1244 2411 1384 2467 Scipio
1408 2412 1491 2453 ullo

145 2481 328 2528 tempore
353 2474 498 2515 hiemis
529 2475 627 2515 belli
658 2490 784 2530 opera
813 2475 1045 2524 remiserat,
1081 2490 1187 2528 quae
1216 2474 1345 2515 multa
1370 2474 1491 2515 simul

144 2536 324 2590 undique
349 2552 443 2577 eum
468 2537 805 2579 circumstabant:
831 2538 1000 2580 Uticam
1024 2538 1258 2587 obsidebat3
1291 2544 1425 2578 castra
1448 2537 1490 2578 in

144 2607 367 2654 conspectu
385 2600 661 2642 Hasdrubalis
687 2608 820 2651 erant3
848 2600 1214 2657 Carthaginienses
1236 2601 1490 2642 deduxerant

143 2676 289 2711 naves,
316 2661 492 2703 classem
515 2670 703 2718 paratam
726 2663 1048 2718 instructamque
1074 2664 1126 2705 ad
1152 2670 1402 2706 commeatus
1428 2664 1489 2704 in-

143 2723 416 2779 tercipiendos
442 2724 663 2767 habebant.

1518 1054 1536 1083 9

1520 1301 1560 1330 10

1519 1426 1556 1455 11

1518 1552 1557 1581 12

1519 1740 1558 1769 13
