1815 3184
467 238 619 274 LIBER
643 238 792 284 XXIII,
817 238 871 272 31.
900 240 948 281 [a.
964 236 1002 272 C.
1016 238 1092 272 216.
1106 238 1188 281 215]
1428 229 1507 269 145

154 342 327 397 simplex
352 342 569 383 confestim
594 342 841 397 exigeretur,
868 355 919 382 ex
943 355 1023 395 quo
1044 340 1292 395 stipendium
1312 355 1507 395 praesens
1533 355 1551 384 2

153 405 343 446 omnibus
380 404 575 445 militibus
612 405 794 453 daretur,
842 411 1128 458 praeterquam
1163 403 1234 456 qui
1270 403 1417 444 milites
1456 402 1508 443 ad

154 466 320 508 Cannas
346 466 533 507 fuissent.
594 466 644 506 de
670 465 915 506 exercitibus
941 465 997 505 ita
1022 465 1307 513 decreverunt,
1339 471 1384 505 ut
1408 465 1509 504 dua-
1535 476 1552 505 3

152 530 228 570 bus
266 529 497 584 legionibus
534 529 700 569 urbanis
728 529 791 569 Ti.
821 527 1090 582 Sempronius
1128 528 1271 569 consul
1298 527 1420 568 Cales
1457 527 1508 567 ad

153 592 478 633 conveniendum
505 592 612 631 diem
640 591 832 640 ediceret,
870 591 965 631 inde
990 605 1062 631 eae
1093 590 1276 645 legiones
1308 590 1350 629 in
1375 596 1509 630 castra

154 655 384 696 Claudiana
421 669 544 708 supra
571 652 814 695 Suessulam
851 653 1160 694 deducerentur.
1222 667 1327 705 quae
1359 651 1415 692 ibi
1450 651 1507 692 le-
1532 663 1552 691 4

152 718 295 772 giones
315 722 625 757 essent—crant
651 722 786 756 autem
803 715 1034 756 Cannensis
1060 714 1238 755 maxime
1263 714 1507 755 exercitus-

154 794 222 820 eas
244 778 406 832 Appius
430 777 630 818 Claudius
649 777 829 817 Pulcher
852 784 1013 831 praetor
1037 777 1079 816 in
1100 775 1283 817 Siciliam
1308 776 1506 823 traiceret,

153 855 340 894 quaeque
376 840 418 880 in
457 838 598 880 Sicilia
641 846 795 887 essent,
844 839 1020 879 Romam
1062 839 1383 892 deportarentur.
1456 838 1507 877 ad
1534 848 1553 877 5

152 904 395 951 exercitum,
434 902 499 943 eui
536 902 589 942 ad
624 901 950 942 conveniendum
978 900 1100 940 Cales
1133 900 1265 940 edicta
1295 901 1382 940 dies
1408 906 1506 947 erat,

151 965 212 1005 M.
252 965 450 1006 Claudius
488 963 710 1003 Marcellus
758 963 910 1002 missus
953 961 1069 1014 isque
1111 962 1249 1002 iussus
1291 961 1333 1001 in
1375 968 1509 1001 castra

153 1026 381 1067 Claudiana
406 1025 607 1064 deducere
638 1023 816 1063 urbanas
846 1023 1043 1077 legiones.
1106 1023 1158 1062 ad
1188 1029 1368 1062 veterem
1393 1036 1508 1062 exer·
1535 1034 1552 1062 6

155 1088 280 1127 01111111
316 1086 601 1139 accipiendum
633 1085 1001 1137 deducendumque
1032 1083 1128 1124 inde
1158 1084 1199 1123 in
1233 1082 1416 1124 Siciliam
1443 1083 1506 1123 Ti.

151 1148 369 1189 Maecilius
398 1146 524 1187 Croto
549 1146 710 1201 legatus
737 1145 787 1186 ab
814 1145 896 1200 Ap.
925 1145 1101 1186 Claudio
1127 1152 1189 1186 est
1213 1145 1376 1185 missus.

235 1208 369 1249 Taciti
388 1208 520 1262 primo
540 1214 854 1262 expectaverant
872 1207 1077 1255 homines,
1103 1206 1162 1246 uti
1182 1206 1325 1247 consul
1344 1206 1508 1246 comitia
1534 1219 1550 1247 7

151 1270 332 1324 collegae
357 1270 533 1310 creando
558 1269 745 1318 haberet3
772 1269 938 1318 deinde,
964 1269 1035 1310 ubi
1059 1268 1296 1323 ablegatum
1321 1268 1434 1308 velut
1458 1268 1508 1308 (le

149 1332 349 1372 industria
367 1331 427 1371 M.
448 1331 694 1372 Marcellum
714 1332 917 1380 viderunt,
944 1345 1067 1384 (1110111
1092 1331 1270 1371 maxime
1296 1330 1506 1371 consulem

149 1394 191 1434 in
228 1409 322 1434 eum
358 1408 509 1433 annum
546 1393 597 1434 ob
630 1394 794 1448 egregie
825 1394 867 1434 in
896 1401 1085 1447 praetura
1115 1408 1179 1434 res
1211 1401 1349 1448 gestas
1382 1393 1509 1433 creari

150 1455 359 1504 volebant,
386 1456 573 1496 fremitus
599 1456 641 1495 in
667 1456 778 1496 curia
804 1462 928 1496 ortus.
967 1456 1077 1509 quod
1102 1455 1172 1496 ubi
1199 1455 1325 1496 sensit
1350 1455 1506 1504 consul,
1533 1464 1552 1493 8

152 1517 405 1570 ‘utriunque’
430 1517 560 1570 inquit
587 1521 627 1558 ‘e
651 1532 694 1558 re
719 1517 884 1571 publica
908 1517 1002 1567 fuit,
1034 1526 1171 1572 patres
1198 1517 1435 1571 conscripti,
1469 1525 1508 1558 et

150 1579 211 1619 M.
240 1578 461 1620 Claudium
499 1580 550 1619 ad
585 1580 878 1633 permutandos
916 1580 1118 1621 exercitus
1156 1580 1197 1620 in
1235 1579 1507 1634 Campaniam

151 1641 355 1695 proficisci
391 1648 430 1681 et
461 1641 624 1682 comitia
654 1657 737 1682 non
766 1642 879 1695 prius
911 1642 1034 1690 edici,
1072 1657 1195 1694 quam
1226 1642 1260 1682 is
1292 1642 1386 1682 inde
1412 1657 1508 1683 con-

150 1704 257 1744 fecto
283 1704 393 1756 quod
418 1704 656 1744 mandatum
682 1710 743 1744 est
768 1704 933 1758 negotio
958 1704 1208 1752 revertisset,
1243 1710 1287 1743 ut
1311 1718 1385 1744 vos
1412 1718 1508 1744 con-

152 1766 300 1813 sulem,
328 1780 449 1818 quem
464 1772 624 1819 tempus
645 1765 702 1805 rei
716 1765 904 1819 publicae
918 1766 1161 1819 postularet,
1187 1780 1309 1818 quem
1330 1766 1508 1806 maxime

150 1827 287 1875 voltis,
314 1827 544 1868 haberetis?
591 1828 648 1868 ita
673 1828 722 1868 de
748 1828 939 1876 comitiis,
973 1828 1100 1868 donec
1124 1828 1243 1869 rediit
1268 1828 1505 1877 Marcellus,
1533 1844 1550 1873 9

152 1889 358 1929 silentium
394 1889 483 1929 fuit.
543 1889 698 1930 interea
734 1889 939 1929 duumviri
975 1890 1098 1930 creati
1136 1898 1229 1930 sunt
1266 1889 1318 1942 Q.
1350 1890 1505 1931 Fabius

151 1950 362 1991 Maximus
400 1957 440 1991 01
475 1950 526 1992 Τ.
566 1950 768 1992 Otacilius
813 1950 991 1992 Crassus
1040 1951 1210 1993 aedibus
1252 1952 1504 2000 dedicandis,

151 2011 284 2052 Menti
311 2012 534 2061 Otacilius,
561 2013 715 2053 Fabius
741 2012 894 2054 Veneri
918 2013 1142 2062 Erucinae3
1170 2020 1339 2067 utraque
1364 2014 1405 2053 in
1426 2013 1507 2054 Ca-

152 2074 291 2126 pitolio
316 2081 395 2123 est,
423 2075 554 2115 canali
578 2090 659 2115 uno
685 2076 897 2116 discretae.
942 2082 981 2116 et
1007 2075 1056 2116 de
1083 2076 1272 2116 trecentis
1300 2076 1505 2128 equitibus
1537 2091 1574 2119 10

155 2135 397 2189 Campanis,
430 2137 500 2189 qui
524 2137 566 2176 in
593 2136 734 2178 Sicilia
759 2152 851 2177 cum
882 2137 962 2178 fide
996 2138 1192 2191 stipendis
1219 2138 1396 2178 emeritis
1422 2137 1507 2178 Ro-

152 2212 262 2237 mam
275 2205 487 2246 vencrant,
514 2198 640 2238 latum
661 2199 712 2239 ad
730 2200 946 2253 populum,
974 2208 1017 2239 ut
1038 2199 1147 2240 cives
1161 2199 1337 2240 Romani
1357 2207 1506 2249 essent,

152 2259 249 2298 item
286 2259 344 2298 uti
379 2260 604 2313 municipes
633 2260 811 2300 Cumani
847 2268 984 2301 essent
1021 2261 1151 2315 pridie
1182 2276 1304 2314 quam
1330 2262 1506 2315 populus

153 2319 393 2373 Campanus
420 2336 443 2360 a
466 2321 618 2374 populo
643 2322 832 2362 Romano
858 2323 1090 2363 defecisset.
1151 2323 1328 2363 maxime
1359 2331 1402 2364 ut
1429 2324 1506 2364 1100
1534 2339 1569 2367 11

152 2381 325 2422 staretur
356 2390 556 2432 moverat,
600 2384 728 2436 quod,
772 2399 946 2436 quorum
972 2384 1184 2425 hominum
1210 2391 1365 2434 essent,
1404 2386 1506 2426 scire

152 2458 195 2483 se
221 2444 299 2497 ipsi
324 2444 550 2499 negabant,
587 2452 723 2486 vetere
747 2447 878 2500 patria
903 2447 1059 2495 relicta,
1097 2447 1139 2487 in
1169 2462 1278 2496 eam,
1316 2447 1358 2487 in
1383 2462 1506 2500 quam

151 2505 370 2554 redierant,
393 2507 573 2546 nondum
594 2507 751 2548 adsciti.
783 2515 1001 2562 postquam
1016 2508 1238 2549 Marcellus
1260 2508 1310 2549 ab
1326 2510 1505 2550 exercitu
1534 2525 1571 2553 12

150 2568 272 2616 redit,
311 2569 474 2609 comitia
499 2570 657 2610 consuli
683 2571 752 2610 uni
782 2572 966 2626 rogando
991 2572 1033 2612 in
1062 2572 1196 2613 locum
1222 2573 1274 2613 L.
1300 2572 1506 2614 Postumii

150 2629 374 2670 edicuntur.
436 2638 595 2672 creatur
624 2632 782 2685 ingenti
812 2648 1017 2674 consensu
1049 2633 1292 2684 Marcellus,
1330 2635 1399 2688 qui
1436 2651 1505 2676 ex·
1533 2648 1571 2677 13

148 2692 300 2746 templo
337 2694 622 2748 magistratum
657 2695 870 2750 occiperet.
943 2696 1009 2737 cui
1049 2697 1205 2738 ineunti
1247 2697 1505 2739 consulatum

220 2759 281 2785 Lm·
302 2759 354 2786 vui.
374 2759 408 2786 ιι.
1237 2763 1279 2797 10
