1815 3184
288 241 368 282 172
629 247 784 281 LIBER
807 231 976 291 XXIIII,
1002 248 1032 281 8.
1061 249 1159 290 [a.u.
1175 248 1299 291 0539]

244 366 257 394 1
370 351 492 392 VIII.
561 349 628 392 ‘Si
653 357 722 390 aut
751 363 896 404 pacem
921 350 962 390 in
992 350 1111 390 Italia
1142 356 1211 390 aut
1238 348 1317 405 [id]
1345 350 1496 391 bellum
1528 367 1639 393 eum-

285 428 364 466 que
389 413 549 453 hostem
574 411 819 453 haberemus
836 443 845 460 ,
883 412 925 451 in
950 426 1031 464 quo
1062 411 1347 466 neglegentiae
1372 412 1503 453 laxior
1525 413 1639 455 locus

285 481 411 523 esset,
439 474 508 527 qui
532 474 679 514 vestris
707 474 870 522 studiis,
897 487 1002 526 quae
1026 473 1069 513 in
1094 487 1285 527 campum
1310 474 1362 514 ad
1386 475 1640 516 mandandos

285 537 434 590 quibus
460 536 592 578 velitis
618 536 792 578 honores
818 535 1006 585 adfertis,
1043 550 1200 577 moram
1231 535 1356 577 ullam
1382 536 1563 587 offerret,
1606 537 1641 579 is

241 612 259 639 2
285 599 386 639 1111111
421 613 566 652 parum
602 598 838 638 meminisse
873 597 1080 638 videretur
1119 604 1279 638 vestrae
1315 597 1531 639 libertatis:
1581 605 1643 639 set

286 677 380 702 cum
402 661 445 701 in
481 661 560 702 1100
589 660 715 709 bello,
753 660 794 700 in
825 660 903 700 hoc
933 659 1052 701 hoste
1081 674 1306 713 numquam
1343 660 1394 700 ab
1425 660 1508 701 ullo
1539 660 1642 701 duee

288 724 374 765 sine
398 723 554 777 ingenti
578 728 718 763 nostra
743 722 858 762 clade
879 728 1055 762 erratum
1075 722 1144 770 sit,
1171 722 1313 762 eadem
1333 737 1406 763 vos
1427 737 1535 771 cura,
1562 737 1644 775 qua

286 786 328 826 in
353 785 482 826 aciem
508 784 652 825 armati
677 784 943 832 descenditis,
970 784 1072 824 inire
1099 784 1341 839 suffragium
1368 785 1420 824 ad
1445 785 1642 825 creandos

287 847 476 888 consules
503 847 619 886 decet
645 853 683 886 et
711 845 787 886 sibi
814 846 873 886 sic
898 859 1101 899 quemque
1123 846 1258 886 dicere
1286 846 1544 886 “Hannibali
1568 847 1644 886 im-

243 925 261 953 3
287 908 463 963 peratori
486 923 627 962 parem
653 907 863 948 consulem
888 907 1097 948 nomino'’.
1147 907 1224 948 hoc
1249 922 1357 948 anno
1382 908 1434 948 ad
1455 907 1643 962 Capuam

286 971 466 1011 Vibellio
515 970 701 1010 Taureae
751 968 966 1023 Campano
1016 984 1177 1010 summo
1225 970 1351 1023 equiti
1405 970 1644 1024 provocanti

288 1047 472 1073 summus
498 1031 711 1072 Romanus
744 1045 869 1084 eques
894 1031 1063 1072 Asellus
1091 1030 1291 1072 Claudius
1323 1038 1385 1072 est
1416 1032 1643 1086 oppositus.

242 1108 262 1136 4
288 1095 484 1135 adversus
507 1092 674 1135 Gallum
699 1094 905 1146 quondam
929 1100 1218 1147 provocantem
1249 1093 1289 1133 in
1321 1100 1444 1147 ponte
1469 1093 1643 1134 Anienis

288 1156 338 1196 T.
364 1155 568 1195 Manlium
598 1155 793 1195 fidentem
824 1161 862 1195 01
887 1155 1024 1195 animo
1050 1161 1089 1195 et
1113 1155 1268 1195 viribus
1294 1155 1441 1195 misere
1466 1155 1642 1195 maiores

243 1233 262 1261 5
293 1217 433 1258 nostri.
489 1216 541 1257 ob
568 1217 739 1257 candem
764 1231 931 1256 causam
956 1215 1056 1256 haut
1080 1216 1218 1256 multis
1245 1216 1361 1257 annis
1393 1223 1485 1271 post
1510 1216 1641 1257 fuisse

287 1294 368 1320 non
394 1279 648 1333 negaverim,
686 1292 757 1318 eur
781 1277 841 1318 M.
869 1277 1034 1318 Valerio
1059 1292 1140 1317 non
1167 1278 1420 1318 diffideretur
1445 1278 1642 1319 adversus

290 1340 473 1381 similiter
496 1346 786 1394 provocantem
812 1354 925 1380 arma
949 1339 1125 1393 capienti
1147 1337 1314 1380 Gallum
1339 1339 1391 1380 ad
1422 1346 1640 1380 certamen.

245 1418 262 1446 6
289 1417 411 1456 quem
437 1402 489 1443 ad
513 1402 681 1442 modum
700 1401 857 1456 pedites
879 1401 1117 1453 equitesque
1138 1408 1326 1454 optamus
1349 1408 1392 1440 ut
1411 1401 1642 1450 validiores,

290 1464 324 1504 si
359 1464 512 1512 minus,
561 1470 606 1503 ut
641 1478 759 1517 pares
796 1462 903 1503 hosti
939 1462 1183 1511 habeamus,
1232 1462 1288 1502 ita
1329 1462 1424 1502 duci
1465 1462 1645 1503 hostium

246 1541 261 1568 7
287 1541 428 1580 parem
452 1526 740 1579 imperatorem
765 1539 1023 1578 quaeramus.
1074 1538 1180 1573 cum,
1208 1524 1277 1577 qui
1304 1531 1366 1565 est
1391 1539 1578 1566 summus
1603 1525 1645 1565 in

289 1588 452 1628 civitate
490 1588 591 1635 dux,
629 1602 723 1628 eum
758 1587 998 1641 legerimus,
1037 1592 1175 1626 tamen
1210 1593 1376 1640 lepcnte
1412 1586 1561 1636 lectus,
1603 1587 1646 1627 in

289 1664 441 1690 annum
472 1655 631 1689 creatus
664 1648 861 1689 11(11013113
893 1654 1073 1688 101010111
1109 1661 1156 1688 110
1193 1654 1436 1702 peipetuum
1472 1648 1647 1702 impera-

289 1718 417 1752 1010111
449 1710 768 1779 comparabitur,
806 1710 927 1750 nullis
959 1724 1091 1763 neque
1123 1710 1318 1764 tempolis
1349 1725 1425 1751 nec
1455 1711 1553 1751 111113
1585 1711 1646 1750 111-

290 1773 448 1814 0111311111
474 1772 694 1826 angustiis,
721 1786 802 1825 quo
828 1772 964 1812 minus
989 1772 1045 1812 ita
1070 1772 1207 1812 omnia
1232 1778 1347 1826 gerat
1373 1772 1647 1813 administret-

244 1846 263 1876 8
289 1849 386 1888 quc,
424 1841 469 1874 ut
494 1840 678 1888 tempora
702 1833 969 1887 postulabunt
992 1833 1106 1874 belli:
1143 1833 1262 1874 nobis
1294 1840 1431 1874 autem
1455 1834 1498 1874 in
1522 1848 1648 1887 appa-

288 1903 379 1937 ratu
403 1896 492 1950 ipso
518 1910 565 1936 ac
591 1903 749 1936 tantum
774 1895 1058 1936 incohantibus
1090 1910 1155 1936 res
1181 1910 1312 1935 annus
1346 1895 1645 1950 circumagitur.

247 1971 263 2000 9
291 1958 502 2011 quoniam,
541 1958 684 2011 quales
715 1957 824 1998 viros
856 1971 993 1997 creare
1023 1972 1097 1997 vos
1130 1956 1318 1997 consules
1349 1957 1510 2006 deceat,
1548 1957 1646 1996 satis

291 2027 352 2060 est
378 2020 550 2068 dictum,
582 2026 708 2060 restat
733 2026 778 2059 ut
801 2033 933 2073 pauca
960 2019 1010 2058 de
1035 2018 1112 2067 eis,
1144 2018 1186 2058 in
1210 2032 1313 2071 quos
1338 2018 1647 2072 praerogativae

227 2095 264 2124 10
290 2082 407 2122 favor
430 2082 657 2130 inclinavit,
685 2082 831 2122 dicam.
879 2080 941 2121 M.
967 2080 1172 2121 Aemilius
1198 2080 1386 2135 Regillus
1412 2079 1561 2120 flamen
1586 2085 1649 2119 est

292 2143 535 2196 Quirinalis,
574 2158 695 2197 quem
728 2157 861 2196 neque
898 2143 1058 2183 mittere
1090 2158 1114 2183 a
1145 2142 1271 2183 sacris
1308 2157 1440 2195 neque
1476 2141 1648 2182 retinere

291 2221 538 2259 possumus,
588 2213 634 2246 ut
675 2221 758 2246 non
805 2205 928 2246 desim
971 2211 1041 2245 aut
1082 2204 1179 2245 belli
1221 2205 1458 2245 deseramus
1496 2218 1648 2244 curam.

227 2282 263 2310 11
294 2267 496 2309 Otacilius
523 2268 673 2309 sororis
699 2282 815 2308 meae
845 2267 972 2308 filiam
997 2282 1167 2308 uxorem
1193 2273 1315 2320 atque
1346 2281 1397 2307 ex
1422 2281 1470 2307 ea
1499 2265 1649 2306 liberos

290 2330 431 2379 habet3
459 2336 639 2371 ceterum
663 2344 746 2370 non
771 2344 819 2370 ea
844 2336 978 2370 vestra
1002 2329 1044 2369 in
1064 2344 1129 2370 me
1150 2330 1407 2382 maioresque
1432 2342 1545 2369 meos
1566 2342 1650 2367 me-

291 2392 367 2432 rita
393 2399 505 2442 sunt,
543 2398 588 2433 ut
617 2407 700 2433 non
730 2392 930 2446 potiorem
961 2391 1131 2445 privatis
1162 2390 1535 2432 necessitudinibus
1560 2403 1647 2429 rem

228 2467 266 2495 12
292 2453 499 2507 publicam
523 2453 711 2495 habeam.
773 2453 944 2507 quilibet
973 2459 1191 2493 nautarum
1223 2458 1517 2505 vectorumque
1543 2457 1651 2491 tran-

292 2516 416 2569 quillo
454 2517 555 2557 mari
591 2516 821 2571 gubernare
857 2522 1009 2569 potest3
1047 2514 1118 2556 ubi
1150 2529 1274 2556 saeva
1304 2521 1392 2555 orta
1428 2520 1650 2567 tempestas

293 2585 354 2618 est
390 2593 438 2619 ac
475 2579 637 2620 turbato
675 2579 777 2619 mari
812 2579 967 2632 rapitur
1008 2585 1131 2619 vento
1167 2578 1310 2627 navis,
1361 2585 1448 2618 tum
1489 2577 1576 2617 viro
1612 2582 1651 2615 et

231 2651 269 2682 13
294 2639 565 2693 gubernatore
591 2656 694 2694 opus
721 2647 794 2682 est.
833 2655 915 2680 non
940 2640 1156 2693 tranquillo
1181 2640 1444 2694 navigamus,
1472 2637 1546 2678 sed
1567 2637 1648 2676 iam

294 2700 446 2754 aliquot
475 2703 663 2756 procellis
701 2702 904 2743 submersi
933 2716 1064 2756 paene
1096 2717 1256 2742 sumus:
1305 2701 1442 2753 itaque
1473 2699 1565 2752 quis
1596 2696 1647 2736 ad
