<?xml version="1.0" encoding="UTF-8"?>
<!DOCTYPE html PUBLIC "-//W3C//DTD XHTML 1.0 Transitional//EN"
    "http://www.w3.org/TR/xhtml1/DTD/xhtml1-transitional.dtd">
<html xmlns="http://www.w3.org/1999/xhtml" xml:lang="en" lang="en">
 <head>
  <title>
</title>
<meta http-equiv="Content-Type" content="text/html;charset=utf-8" />
  <meta name='ocr-system' content='tesseract 3.04.00' />
  <meta name='ocr-capabilities' content='ocr_page ocr_carea ocr_par ocr_line ocrx_word'/>
</head>
<body>
  <div class='ocr_page' id='page_1' title='image "./aburbeconditalib02livyuoft_0433.png"; bbox 0 0 1815 3184; ppageno 0'>
   <div class='ocr_carea' id='block_1_1' title="bbox 475 232 1492 287">
    <p class='ocr_par' dir='ltr' id='par_1_1' title="bbox 475 232 1492 287">
     <span class='ocr_line' id='line_1_1' title="bbox 475 232 1492 287; baseline -0.003 -11"><span class='ocrx_word' id='word_1_1' title='bbox 475 242 626 278; x_wconf 83' lang='lat' dir='ltr'><strong>LIBER</strong></span> <span class='ocrx_word' id='word_1_2' title='bbox 651 243 818 287; x_wconf 75' lang='lat' dir='ltr'>xxvii,</span> <span class='ocrx_word' id='word_1_3' title='bbox 843 243 874 276; x_wconf 82' lang='lat'>5.</span> <span class='ocrx_word' id='word_1_4' title='bbox 896 243 928 276; x_wconf 85' lang='lat'>6.</span> <span class='ocrx_word' id='word_1_5' title='bbox 958 244 1006 285; x_wconf 79' lang='lat' dir='ltr'>[a.</span> <span class='ocrx_word' id='word_1_6' title='bbox 1023 241 1061 276; x_wconf 85' lang='grc'>0.</span> <span class='ocrx_word' id='word_1_7' title='bbox 1075 242 1157 286; x_wconf 77' lang='lat'>210]</span> <span class='ocrx_word' id='word_1_8' title='bbox 1411 232 1492 273; x_wconf 80' lang='lat'>329</span> 
     </span>
    </p>
   </div>
   <div class='ocr_carea' id='block_1_2' title="bbox 142 343 1494 398">
    <p class='ocr_par' dir='ltr' id='par_1_2' title="bbox 142 343 1494 398">
     <span class='ocr_line' id='line_1_2' title="bbox 142 343 1494 398; baseline -0.004 -10"><span class='ocrx_word' id='word_1_9' title='bbox 142 347 193 388; x_wconf 87' lang='lat' dir='ltr'>de</span> <span class='ocrx_word' id='word_1_10' title='bbox 218 361 266 387; x_wconf 87' lang='lat' dir='ltr'>ea</span> <span class='ocrx_word' id='word_1_11' title='bbox 289 361 332 387; x_wconf 88' lang='lat' dir='ltr'>re</span> <span class='ocrx_word' id='word_1_12' title='bbox 358 345 604 394; x_wconf 81' lang='lat' dir='ltr'>consuleret,</span> <span class='ocrx_word' id='word_1_13' title='bbox 631 346 687 386; x_wconf 88' lang='lat' dir='ltr'>ita</span> <span class='ocrx_word' id='word_1_14' title='bbox 706 345 884 386; x_wconf 81' lang='lat' dir='ltr'>decrevit</span> <span class='ocrx_word' id='word_1_15' title='bbox 904 353 1086 393; x_wconf 87' lang='lat' dir='ltr'>senatus,</span> <span class='ocrx_word' id='word_1_16' title='bbox 1112 350 1156 384; x_wconf 87' lang='lat' dir='ltr'>ut</span> <span class='ocrx_word' id='word_1_17' title='bbox 1175 343 1335 392; x_wconf 88' lang='lat' dir='ltr'>consul,</span> <span class='ocrx_word' id='word_1_18' title='bbox 1361 344 1494 398; x_wconf 86' lang='lat' dir='ltr'>prius-</span> 
     </span>
    </p>
   </div>
   <div class='ocr_carea' id='block_1_3' title="bbox 141 405 1547 460">
    <p class='ocr_par' dir='ltr' id='par_1_3' title="bbox 141 405 1547 460">
     <span class='ocr_line' id='line_1_3' title="bbox 141 405 1547 460; baseline -0.001 -13"><span class='ocrx_word' id='word_1_19' title='bbox 141 422 265 460; x_wconf 87' lang='lat' dir='ltr'>quam</span> <span class='ocrx_word' id='word_1_20' title='bbox 290 407 341 448; x_wconf 82' lang='lat' dir='ltr'>ab</span> <span class='ocrx_word' id='word_1_21' title='bbox 367 407 467 447; x_wconf 82' lang='lat' dir='ltr'>urbe</span> <span class='ocrx_word' id='word_1_22' title='bbox 492 407 737 455; x_wconf 88' lang='lat' dir='ltr'>discederet,</span> <span class='ocrx_word' id='word_1_23' title='bbox 773 406 971 460; x_wconf 88' lang='lat' dir='ltr'>populum</span> <span class='ocrx_word' id='word_1_24' title='bbox 1001 412 1182 460; x_wconf 82' lang='lat' dir='ltr'>rogaret,</span> <span class='ocrx_word' id='word_1_25' title='bbox 1220 420 1342 458; x_wconf 88' lang='lat' dir='ltr'>quem</span> <span class='ocrx_word' id='word_1_26' title='bbox 1367 405 1494 445; x_wconf 85' lang='lat' dir='ltr'>dieta·</span> <span class='ocrx_word' id='word_1_27' title='bbox 1542 426 1547 427; x_wconf 41' lang='lat'><em>⁷</em></span> 
     </span>
    </p>
   </div>
   <div class='ocr_carea' id='block_1_4' title="bbox 140 467 1497 2738">
    <p class='ocr_par' dir='ltr' id='par_1_4' title="bbox 140 467 1496 1319">
     <span class='ocr_line' id='line_1_4' title="bbox 141 467 1494 522; baseline -0.001 -14"><span class='ocrx_word' id='word_1_28' title='bbox 141 476 271 509; x_wconf 85' lang='lat' dir='ltr'>torem</span> <span class='ocrx_word' id='word_1_29' title='bbox 295 469 376 508; x_wconf 90' lang='lat' dir='ltr'>dici</span> <span class='ocrx_word' id='word_1_30' title='bbox 400 469 579 522; x_wconf 89' lang='lat' dir='ltr'>placeret</span> <span class='ocrx_word' id='word_1_31' title='bbox 604 482 779 521; x_wconf 87' lang='lat' dir='ltr'>eumque</span> <span class='ocrx_word' id='word_1_32' title='bbox 799 482 920 520; x_wconf 90' lang='lat' dir='ltr'>quem</span> <span class='ocrx_word' id='word_1_33' title='bbox 939 468 1115 521; x_wconf 90' lang='lat' dir='ltr'>populus</span> <span class='ocrx_word' id='word_1_34' title='bbox 1135 467 1324 507; x_wconf 90' lang='lat' dir='ltr'>iussisset</span> <span class='ocrx_word' id='word_1_35' title='bbox 1343 467 1494 506; x_wconf 87' lang='lat' dir='ltr'>diceret</span> 
     </span>
     <span class='ocr_line' id='line_1_5' title="bbox 141 528 1492 582; baseline -0.002 -12"><span class='ocrx_word' id='word_1_36' title='bbox 141 530 398 570; x_wconf 84' lang='lat' dir='ltr'>dictatorem:</span> <span class='ocrx_word' id='word_1_37' title='bbox 432 530 466 570; x_wconf 88' lang='lat' dir='ltr'>si</span> <span class='ocrx_word' id='word_1_38' title='bbox 490 529 635 570; x_wconf 86' lang='lat' dir='ltr'>consul</span> <span class='ocrx_word' id='word_1_39' title='bbox 658 529 874 578; x_wconf 79' lang='lat' dir='ltr'>noluisset,</span> <span class='ocrx_word' id='word_1_40' title='bbox 900 535 1062 582; x_wconf 88' lang='lat' dir='ltr'>praetor</span> <span class='ocrx_word' id='word_1_41' title='bbox 1085 528 1283 582; x_wconf 88' lang='lat' dir='ltr'>populum</span> <span class='ocrx_word' id='word_1_42' title='bbox 1312 534 1492 582; x_wconf 83' lang='lat' dir='ltr'>rogaret3</span> 
     </span>
     <span class='ocr_line' id='line_1_6' title="bbox 143 589 1492 644; baseline -0.001 -13"><span class='ocrx_word' id='word_1_43' title='bbox 143 591 177 631; x_wconf 90' lang='lat' dir='ltr'>si</span> <span class='ocrx_word' id='word_1_44' title='bbox 212 606 263 631; x_wconf 92' lang='lat' dir='ltr'>ne</span> <span class='ocrx_word' id='word_1_45' title='bbox 299 591 333 631; x_wconf 90' lang='lat' dir='ltr'>is</span> <span class='ocrx_word' id='word_1_46' title='bbox 371 591 536 644; x_wconf 88' lang='lat' dir='ltr'>quidem</span> <span class='ocrx_word' id='word_1_47' title='bbox 573 590 712 640; x_wconf 86' lang='lat' dir='ltr'>vellet,</span> <span class='ocrx_word' id='word_1_48' title='bbox 750 597 837 630; x_wconf 90' lang='lat' dir='ltr'>tum</span> <span class='ocrx_word' id='word_1_49' title='bbox 873 590 1024 630; x_wconf 86' lang='lat' dir='ltr'>tribuni</span> <span class='ocrx_word' id='word_1_50' title='bbox 1054 590 1106 630; x_wconf 90' lang='lat' dir='ltr'>ad</span> <span class='ocrx_word' id='word_1_51' title='bbox 1136 589 1299 643; x_wconf 78' lang='lat' dir='ltr'>plebem</span> <span class='ocrx_word' id='word_1_52' title='bbox 1330 589 1492 629; x_wconf 87' lang='lat' dir='ltr'>ferrent.</span> 
     </span>
     <span class='ocr_line' id='line_1_7' title="bbox 142 651 1493 706; baseline -0.002 -13"><span class='ocrx_word' id='word_1_53' title='bbox 142 668 235 693; x_wconf 89' lang='lat' dir='ltr'>cum</span> <span class='ocrx_word' id='word_1_54' title='bbox 261 653 405 693; x_wconf 80' lang='lat' dir='ltr'>consul</span> <span class='ocrx_word' id='word_1_55' title='bbox 437 667 479 693; x_wconf 87' lang='lat' dir='ltr'>se</span> <span class='ocrx_word' id='word_1_56' title='bbox 511 653 708 706; x_wconf 89' lang='lat' dir='ltr'>populum</span> <span class='ocrx_word' id='word_1_57' title='bbox 738 658 977 706; x_wconf 81' lang='lat' dir='ltr'>rogaturum</span> <span class='ocrx_word' id='word_1_58' title='bbox 1007 658 1217 706; x_wconf 78' lang='lat' dir='ltr'>negasset,</span> <span class='ocrx_word' id='word_1_59' title='bbox 1255 651 1366 703; x_wconf 87' lang='lat' dir='ltr'>quod</span> <span class='ocrx_word' id='word_1_60' title='bbox 1396 665 1493 691; x_wconf 90' lang='lat' dir='ltr'>suae</span> 
     </span>
     <span class='ocr_line' id='line_1_8' title="bbox 143 712 1494 767; baseline -0.001 -13"><span class='ocrx_word' id='word_1_61' title='bbox 143 714 358 767; x_wconf 87' lang='lat' dir='ltr'>potestatis</span> <span class='ocrx_word' id='word_1_62' title='bbox 396 722 522 762; x_wconf 88' lang='lat' dir='ltr'>esset,</span> <span class='ocrx_word' id='word_1_63' title='bbox 559 720 869 767; x_wconf 77' lang='lat' dir='ltr'>praetoremque</span> <span class='ocrx_word' id='word_1_64' title='bbox 905 713 1102 753; x_wconf 79' lang='lat' dir='ltr'>vetuisset</span> <span class='ocrx_word' id='word_1_65' title='bbox 1136 727 1298 767; x_wconf 82' lang='lat' dir='ltr'>rogare,</span> <span class='ocrx_word' id='word_1_66' title='bbox 1343 712 1494 753; x_wconf 90' lang='lat' dir='ltr'>tribuni</span> 
     </span>
     <span class='ocr_line' id='line_1_9' title="bbox 143 773 1494 829; baseline -0.001 -14"><span class='ocrx_word' id='word_1_67' title='bbox 143 775 274 829; x_wconf 89' lang='lat' dir='ltr'>plebis</span> <span class='ocrx_word' id='word_1_68' title='bbox 300 782 495 829; x_wconf 84' lang='lat' dir='ltr'>rogarunt</span> <span class='ocrx_word' id='word_1_69' title='bbox 519 775 741 829; x_wconf 80' lang='lat' dir='ltr'>plebesque</span> <span class='ocrx_word' id='word_1_70' title='bbox 768 775 903 823; x_wconf 80' lang='lat' dir='ltr'>scivit,</span> <span class='ocrx_word' id='word_1_71' title='bbox 940 781 985 814; x_wconf 90' lang='lat' dir='ltr'>ut</span> <span class='ocrx_word' id='word_1_72' title='bbox 1011 773 1063 826; x_wconf 91' lang='lat' dir='ltr'>Q.</span> <span class='ocrx_word' id='word_1_73' title='bbox 1088 773 1281 822; x_wconf 72' lang='lat' dir='ltr'>Fulvius,</span> <span class='ocrx_word' id='word_1_74' title='bbox 1314 774 1383 826; x_wconf 92' lang='lat' dir='ltr'>qui</span> <span class='ocrx_word' id='word_1_75' title='bbox 1408 781 1494 813; x_wconf 92' lang='lat' dir='ltr'>tum</span> 
     </span>
     <span class='ocr_line' id='line_1_10' title="bbox 144 835 1492 890; baseline -0.001 -14"><span class='ocrx_word' id='word_1_76' title='bbox 144 837 196 877; x_wconf 88' lang='lat' dir='ltr'>ad</span> <span class='ocrx_word' id='word_1_77' title='bbox 211 837 399 890; x_wconf 78' lang='lat' dir='ltr'>Capuam</span> <span class='ocrx_word' id='word_1_78' title='bbox 426 842 528 884; x_wconf 87' lang='lat' dir='ltr'>erat,</span> <span class='ocrx_word' id='word_1_79' title='bbox 555 836 727 876; x_wconf 84' lang='lat' dir='ltr'>dictator</span> <span class='ocrx_word' id='word_1_80' title='bbox 751 836 964 876; x_wconf 77' lang='lat' dir='ltr'>diceretur.</span> <span class='ocrx_word' id='word_1_81' title='bbox 1003 835 1075 876; x_wconf 90' lang='lat' dir='ltr'>sed</span> <span class='ocrx_word' id='word_1_82' title='bbox 1100 850 1181 887; x_wconf 86' lang='lat' dir='ltr'>quo</span> <span class='ocrx_word' id='word_1_83' title='bbox 1207 835 1271 874; x_wconf 90' lang='lat' dir='ltr'>die</span> <span class='ocrx_word' id='word_1_84' title='bbox 1296 835 1337 874; x_wconf 85' lang='lat' dir='ltr'>id</span> <span class='ocrx_word' id='word_1_85' title='bbox 1361 835 1492 888; x_wconf 89' lang='lat' dir='ltr'>plebis</span> 
     </span>
     <span class='ocr_line' id='line_1_11' title="bbox 143 894 1494 945; baseline -0.001 -9"><span class='ocrx_word' id='word_1_86' title='bbox 143 897 359 937; x_wconf 85' lang='lat' dir='ltr'>concilium</span> <span class='ocrx_word' id='word_1_87' title='bbox 396 897 579 936; x_wconf 86' lang='lat' dir='ltr'>futurum</span> <span class='ocrx_word' id='word_1_88' title='bbox 616 903 719 945; x_wconf 89' lang='lat' dir='ltr'>erat,</span> <span class='ocrx_word' id='word_1_89' title='bbox 758 897 900 937; x_wconf 85' lang='lat' dir='ltr'>consul</span> <span class='ocrx_word' id='word_1_90' title='bbox 937 896 1042 936; x_wconf 88' lang='lat' dir='ltr'>clam</span> <span class='ocrx_word' id='word_1_91' title='bbox 1078 903 1195 936; x_wconf 87' lang='grc'><strong>110010</strong></span> <span class='ocrx_word' id='word_1_92' title='bbox 1230 896 1273 936; x_wconf 89' lang='grc'>111</span> <span class='ocrx_word' id='word_1_93' title='bbox 1311 894 1494 936; x_wconf 81' lang='lat' dir='ltr'>Siciliam</span> 
     </span>
     <span class='ocr_line' id='line_1_12' title="bbox 143 957 1494 1011; baseline -0.001 -13"><span class='ocrx_word' id='word_1_94' title='bbox 143 959 254 1007; x_wconf 87' lang='lat' dir='ltr'>abiit,</span> <span class='ocrx_word' id='word_1_95' title='bbox 281 959 544 1010; x_wconf 76' lang='lat' dir='ltr'>destitutique</span> <span class='ocrx_word' id='word_1_96' title='bbox 563 964 699 1011; x_wconf 89' lang='lat' dir='ltr'>patres</span> <span class='ocrx_word' id='word_1_97' title='bbox 719 958 873 998; x_wconf 83' lang='lat' dir='ltr'>litteras</span> <span class='ocrx_word' id='word_1_98' title='bbox 894 958 946 997; x_wconf 88' lang='lat' dir='ltr'>ad</span> <span class='ocrx_word' id='word_1_99' title='bbox 959 957 1019 997; x_wconf 83' lang='lat' dir='ltr'>M.</span> <span class='ocrx_word' id='word_1_100' title='bbox 1036 957 1256 997; x_wconf 86' lang='lat' dir='ltr'>Claudium</span> <span class='ocrx_word' id='word_1_101' title='bbox 1274 957 1494 997; x_wconf 87' lang='lat' dir='ltr'>mittendas</span> 
     </span>
     <span class='ocr_line' id='line_1_13' title="bbox 143 1018 1496 1072; baseline -0.002 -12"><span class='ocrx_word' id='word_1_102' title='bbox 143 1026 407 1068; x_wconf 88' lang='lat' dir='ltr'>censuerunt,</span> <span class='ocrx_word' id='word_1_103' title='bbox 435 1026 477 1058; x_wconf 84' lang='lat' dir='ltr'>ut</span> <span class='ocrx_word' id='word_1_104' title='bbox 502 1019 686 1059; x_wconf 86' lang='lat' dir='ltr'>desertae</span> <span class='ocrx_word' id='word_1_105' title='bbox 713 1019 764 1059; x_wconf 88' lang='lat' dir='ltr'>ab</span> <span class='ocrx_word' id='word_1_106' title='bbox 784 1019 955 1072; x_wconf 78' lang='lat' dir='ltr'>conlega</span> <span class='ocrx_word' id='word_1_107' title='bbox 977 1019 1034 1058; x_wconf 86' lang='lat' dir='ltr'>rei</span> <span class='ocrx_word' id='word_1_108' title='bbox 1052 1018 1240 1072; x_wconf 86' lang='lat' dir='ltr'>publicae</span> <span class='ocrx_word' id='word_1_109' title='bbox 1261 1018 1496 1058; x_wconf 89' lang='lat' dir='ltr'>subveniret</span> 
     </span>
     <span class='ocr_line' id='line_1_14' title="bbox 143 1079 1492 1133; baseline -0.001 -13"><span class='ocrx_word' id='word_1_110' title='bbox 143 1081 374 1133; x_wconf 78' lang='lat' dir='ltr'>(liceretque</span> <span class='ocrx_word' id='word_1_111' title='bbox 406 1095 528 1132; x_wconf 87' lang='lat' dir='ltr'>quem</span> <span class='ocrx_word' id='word_1_112' title='bbox 559 1080 735 1133; x_wconf 78' lang='lat' dir='ltr'>populus</span> <span class='ocrx_word' id='word_1_113' title='bbox 766 1080 955 1120; x_wconf 86' lang='lat' dir='ltr'>iussisset</span> <span class='ocrx_word' id='word_1_114' title='bbox 986 1079 1238 1119; x_wconf 88' lang='lat' dir='ltr'>dictatorem.</span> <span class='ocrx_word' id='word_1_115' title='bbox 1297 1079 1354 1119; x_wconf 81' lang='lat' dir='ltr'>ita</span> <span class='ocrx_word' id='word_1_116' title='bbox 1384 1094 1407 1119; x_wconf 89' lang='lat' dir='ltr'>a</span> <span class='ocrx_word' id='word_1_117' title='bbox 1431 1079 1492 1119; x_wconf 86' lang='lat' dir='ltr'>M.</span> 
     </span>
     <span class='ocr_line' id='line_1_15' title="bbox 144 1140 1495 1194; baseline -0.001 -12"><span class='ocrx_word' id='word_1_118' title='bbox 144 1142 320 1194; x_wconf 78' lang='lat' dir='ltr'>Claudio</span> <span class='ocrx_word' id='word_1_119' title='bbox 346 1141 513 1182; x_wconf 89' lang='lat' dir='ltr'>consule</span> <span class='ocrx_word' id='word_1_120' title='bbox 541 1141 592 1192; x_wconf 93' lang='lat' dir='ltr'>Q.</span> <span class='ocrx_word' id='word_1_121' title='bbox 619 1141 790 1181; x_wconf 70' lang='lat' dir='ltr'>Fulvius</span> <span class='ocrx_word' id='word_1_122' title='bbox 817 1142 990 1181; x_wconf 87' lang='lat' dir='ltr'>dictator</span> <span class='ocrx_word' id='word_1_123' title='bbox 1015 1141 1165 1189; x_wconf 86' lang='grc'><strong>(1101115,</strong></span> <span class='ocrx_word' id='word_1_124' title='bbox 1204 1147 1244 1180; x_wconf 82' lang='grc'>01</span> <span class='ocrx_word' id='word_1_125' title='bbox 1273 1155 1325 1180; x_wconf 84' lang='lat' dir='ltr'>ex</span> <span class='ocrx_word' id='word_1_126' title='bbox 1350 1140 1495 1180; x_wconf 87' lang='lat' dir='ltr'>eodem</span> 
     </span>
     <span class='ocr_line' id='line_1_16' title="bbox 140 1200 1494 1259; baseline -0.002 -15"><span class='ocrx_word' id='word_1_127' title='bbox 140 1204 250 1259; x_wconf 90' lang='lat' dir='ltr'>plebi</span> <span class='ocrx_word' id='word_1_128' title='bbox 277 1203 376 1244; x_wconf 83' lang='lat' dir='ltr'>seito</span> <span class='ocrx_word' id='word_1_129' title='bbox 408 1210 447 1243; x_wconf 89' lang='lat' dir='ltr'>et</span> <span class='ocrx_word' id='word_1_130' title='bbox 472 1202 522 1243; x_wconf 90' lang='lat' dir='ltr'>ab</span> <span class='ocrx_word' id='word_1_131' title='bbox 551 1202 602 1254; x_wconf 89' lang='grc' dir='ltr'><strong>Ω</strong></span> <span class='ocrx_word' id='word_1_132' title='bbox 629 1202 776 1243; x_wconf 78' lang='lat' dir='ltr'>Fulvio</span> <span class='ocrx_word' id='word_1_133' title='bbox 807 1202 1003 1242; x_wconf 83' lang='lat' dir='ltr'>dictatore</span> <span class='ocrx_word' id='word_1_134' title='bbox 1028 1202 1075 1242; x_wconf 86' lang='lat' dir='ltr'>P.</span> <span class='ocrx_word' id='word_1_135' title='bbox 1102 1201 1289 1242; x_wconf 86' lang='lat' dir='ltr'>Licinius</span> <span class='ocrx_word' id='word_1_136' title='bbox 1317 1200 1494 1242; x_wconf 83' lang='lat' dir='ltr'>Crassus</span> 
     </span>
     <span class='ocr_line' id='line_1_17' title="bbox 142 1264 1156 1319; baseline -0.003 -13"><span class='ocrx_word' id='word_1_137' title='bbox 142 1265 326 1319; x_wconf 86' lang='lat' dir='ltr'>pontifex</span> <span class='ocrx_word' id='word_1_138' title='bbox 351 1264 554 1304; x_wconf 79' lang='lat' dir='ltr'>maximus</span> <span class='ocrx_word' id='word_1_139' title='bbox 580 1264 777 1318; x_wconf 81' lang='lat' dir='ltr'>magister</span> <span class='ocrx_word' id='word_1_140' title='bbox 802 1264 983 1317; x_wconf 86' lang='lat' dir='ltr'>equitum</span> <span class='ocrx_word' id='word_1_141' title='bbox 1010 1264 1156 1304; x_wconf 88' lang='lat' dir='ltr'>dictus.</span> 
     </span>
    </p>

    <p class='ocr_par' dir='ltr' id='par_1_5' title="bbox 142 1324 1497 2738">
     <span class='ocr_line' id='line_1_18' title="bbox 226 1324 1494 1380; baseline -0.001 -14"><span class='ocrx_word' id='word_1_142' title='bbox 226 1326 301 1367; x_wconf 87' lang='lat' dir='ltr'>VI.</span> <span class='ocrx_word' id='word_1_143' title='bbox 350 1326 540 1366; x_wconf 78' lang='lat' dir='ltr'>Dictator</span> <span class='ocrx_word' id='word_1_144' title='bbox 558 1333 776 1380; x_wconf 84' lang='lat' dir='ltr'>postquam</span> <span class='ocrx_word' id='word_1_145' title='bbox 790 1326 967 1366; x_wconf 83' lang='lat' dir='ltr'>Romam</span> <span class='ocrx_word' id='word_1_146' title='bbox 987 1326 1114 1375; x_wconf 82' lang='lat' dir='ltr'>venit,</span> <span class='ocrx_word' id='word_1_147' title='bbox 1137 1324 1185 1366; x_wconf 88' lang='lat' dir='ltr'>C.</span> <span class='ocrx_word' id='word_1_148' title='bbox 1203 1324 1494 1379; x_wconf 82' lang='lat' dir='ltr'>Sempronium</span> 
     </span>
     <span class='ocr_line' id='line_1_19' title="bbox 145 1388 1495 1442; baseline -0.001 -13"><span class='ocrx_word' id='word_1_149' title='bbox 145 1389 339 1429; x_wconf 84' lang='lat' dir='ltr'>Blaesum</span> <span class='ocrx_word' id='word_1_150' title='bbox 364 1389 563 1442; x_wconf 81' lang='lat' dir='ltr'>legatum,</span> <span class='ocrx_word' id='word_1_151' title='bbox 602 1403 724 1441; x_wconf 88' lang='lat' dir='ltr'>quem</span> <span class='ocrx_word' id='word_1_152' title='bbox 755 1389 807 1428; x_wconf 88' lang='lat' dir='ltr'>ad</span> <span class='ocrx_word' id='word_1_153' title='bbox 833 1388 1022 1442; x_wconf 80' lang='lat' dir='ltr'>Capuam</span> <span class='ocrx_word' id='word_1_154' title='bbox 1052 1388 1267 1437; x_wconf 86' lang='lat' dir='ltr'>habuerat,</span> <span class='ocrx_word' id='word_1_155' title='bbox 1305 1389 1346 1428; x_wconf 89' lang='lat' dir='ltr'>in</span> <span class='ocrx_word' id='word_1_156' title='bbox 1372 1388 1495 1428; x_wconf 86' lang='lat' dir='ltr'>Etru-</span> 
     </span>
     <span class='ocr_line' id='line_1_20' title="bbox 143 1449 1496 1504; baseline 0 -14"><span class='ocrx_word' id='word_1_157' title='bbox 143 1451 244 1490; x_wconf 85' lang='lat' dir='ltr'>riam</span> <span class='ocrx_word' id='word_1_158' title='bbox 268 1450 520 1504; x_wconf 73' lang='lat' dir='ltr'>provineiam</span> <span class='ocrx_word' id='word_1_159' title='bbox 546 1450 597 1490; x_wconf 90' lang='lat' dir='ltr'>ad</span> <span class='ocrx_word' id='word_1_160' title='bbox 623 1450 845 1490; x_wconf 79' lang='lat' dir='ltr'>exercitum</span> <span class='ocrx_word' id='word_1_161' title='bbox 870 1450 980 1490; x_wconf 88' lang='lat' dir='ltr'>misit</span> <span class='ocrx_word' id='word_1_162' title='bbox 1004 1450 1044 1490; x_wconf 92' lang='lat' dir='ltr'>in</span> <span class='ocrx_word' id='word_1_163' title='bbox 1070 1450 1204 1490; x_wconf 85' lang='lat' dir='ltr'>locum</span> <span class='ocrx_word' id='word_1_164' title='bbox 1225 1449 1274 1490; x_wconf 87' lang='lat' dir='ltr'>C.</span> <span class='ocrx_word' id='word_1_165' title='bbox 1297 1449 1496 1504; x_wconf 77' lang='lat' dir='ltr'>Calpurni</span> 
     </span>
     <span class='ocr_line' id='line_1_21' title="bbox 144 1510 1493 1565; baseline -0.001 -14"><span class='ocrx_word' id='word_1_166' title='bbox 144 1512 358 1565; x_wconf 86' lang='lat' dir='ltr'>praetoris,</span> <span class='ocrx_word' id='word_1_167' title='bbox 402 1525 542 1563; x_wconf 86' lang='lat' dir='ltr'>quem,</span> <span class='ocrx_word' id='word_1_168' title='bbox 580 1518 623 1550; x_wconf 87' lang='lat' dir='ltr'>ut</span> <span class='ocrx_word' id='word_1_169' title='bbox 649 1510 817 1564; x_wconf 83' lang='lat' dir='ltr'>Capuae</span> <span class='ocrx_word' id='word_1_170' title='bbox 850 1511 1125 1564; x_wconf 78' lang='lat' dir='ltr'>exercituique</span> <span class='ocrx_word' id='word_1_171' title='bbox 1163 1526 1237 1551; x_wconf 88' lang='lat' dir='ltr'>suo</span> <span class='ocrx_word' id='word_1_172' title='bbox 1273 1518 1493 1565; x_wconf 85' lang='lat' dir='ltr'>praeesset,</span> 
     </span>
     <span class='ocr_line' id='line_1_22' title="bbox 143 1573 1496 1627; baseline 0 -14"><span class='ocrx_word' id='word_1_173' title='bbox 143 1573 286 1613; x_wconf 86' lang='lat' dir='ltr'>litteris</span> <span class='ocrx_word' id='word_1_174' title='bbox 313 1573 472 1613; x_wconf 75' lang='lat' dir='ltr'>excivit.</span> <span class='ocrx_word' id='word_1_175' title='bbox 520 1573 609 1626; x_wconf 86' lang='lat' dir='ltr'>ipse</span> <span class='ocrx_word' id='word_1_176' title='bbox 635 1573 798 1613; x_wconf 86' lang='lat' dir='ltr'>comitia</span> <span class='ocrx_word' id='word_1_177' title='bbox 821 1573 863 1613; x_wconf 92' lang='lat' dir='ltr'>in</span> <span class='ocrx_word' id='word_1_178' title='bbox 887 1588 1009 1626; x_wconf 89' lang='lat' dir='ltr'>quem</span> <span class='ocrx_word' id='word_1_179' title='bbox 1035 1574 1143 1614; x_wconf 86' lang='lat' dir='ltr'>diem</span> <span class='ocrx_word' id='word_1_180' title='bbox 1168 1573 1344 1627; x_wconf 91' lang='lat' dir='ltr'>primum</span> <span class='ocrx_word' id='word_1_181' title='bbox 1363 1573 1496 1627; x_wconf 86' lang='lat' dir='ltr'>potuit</span> 
     </span>
     <span class='ocr_line' id='line_1_23' title="bbox 145 1635 1496 1688; baseline 0.001 -14"><span class='ocrx_word' id='word_1_182' title='bbox 145 1635 288 1683; x_wconf 81' lang='lat' dir='ltr'>edixit3</span> <span class='ocrx_word' id='word_1_183' title='bbox 332 1649 435 1687; x_wconf 87' lang='lat' dir='ltr'>quae</span> <span class='ocrx_word' id='word_1_184' title='bbox 472 1635 691 1675; x_wconf 86' lang='lat' dir='ltr'>certamine</span> <span class='ocrx_word' id='word_1_185' title='bbox 721 1635 825 1675; x_wconf 87' lang='lat' dir='ltr'>inter</span> <span class='ocrx_word' id='word_1_186' title='bbox 860 1635 1044 1676; x_wconf 88' lang='lat' dir='ltr'>tribunos</span> <span class='ocrx_word' id='word_1_187' title='bbox 1081 1635 1399 1688; x_wconf 84' lang='lat' dir='ltr'>dictatoremque</span> <span class='ocrx_word' id='word_1_188' title='bbox 1435 1636 1496 1675; x_wconf 88' lang='lat' dir='ltr'>in-</span> 
     </span>
     <span class='ocr_line' id='line_1_24' title="bbox 144 1695 1494 1750; baseline 0.001 -15"><span class='ocrx_word' id='word_1_189' title='bbox 144 1697 247 1736; x_wconf 83' lang='lat' dir='ltr'>iecto</span> <span class='ocrx_word' id='word_1_190' title='bbox 273 1696 412 1749; x_wconf 88' lang='lat' dir='ltr'>perfici</span> <span class='ocrx_word' id='word_1_191' title='bbox 437 1710 519 1736; x_wconf 87' lang='lat' dir='ltr'>non</span> <span class='ocrx_word' id='word_1_192' title='bbox 543 1702 742 1750; x_wconf 89' lang='lat' dir='ltr'>poterant.</span> <span class='ocrx_word' id='word_1_193' title='bbox 805 1695 971 1737; x_wconf 85' lang='lat' dir='ltr'>Galeria</span> <span class='ocrx_word' id='word_1_194' title='bbox 995 1697 1218 1746; x_wconf 86' lang='lat' dir='ltr'>iuniorum,</span> <span class='ocrx_word' id='word_1_195' title='bbox 1256 1711 1361 1750; x_wconf 88' lang='lat' dir='ltr'>quae</span> <span class='ocrx_word' id='word_1_196' title='bbox 1387 1704 1494 1737; x_wconf 88' lang='lat' dir='ltr'>sorte</span> 
     </span>
     <span class='ocr_line' id='line_1_25' title="bbox 143 1756 1495 1811; baseline 0.002 -15"><span class='ocrx_word' id='word_1_197' title='bbox 143 1757 429 1811; x_wconf 70' lang='lat' dir='ltr'>praerogativa</span> <span class='ocrx_word' id='word_1_198' title='bbox 470 1765 573 1805; x_wconf 86' lang='lat' dir='ltr'>erat,</span> <span class='ocrx_word' id='word_1_199' title='bbox 617 1756 668 1809; x_wconf 92' lang='grc' dir='ltr'>Ω.</span> <span class='ocrx_word' id='word_1_200' title='bbox 702 1757 895 1798; x_wconf 82' lang='lat' dir='ltr'>Fulvium</span> <span class='ocrx_word' id='word_1_201' title='bbox 932 1764 971 1799; x_wconf 85' lang='lat' dir='ltr'>et</span> <span class='ocrx_word' id='word_1_202' title='bbox 1008 1757 1059 1810; x_wconf 93' lang='grc' dir='ltr'>Ω.</span> <span class='ocrx_word' id='word_1_203' title='bbox 1092 1758 1270 1799; x_wconf 89' lang='lat' dir='ltr'>Fabium</span> <span class='ocrx_word' id='word_1_204' title='bbox 1305 1758 1495 1799; x_wconf 85' lang='lat' dir='ltr'>consules</span> 
     </span>
     <span class='ocr_line' id='line_1_26' title="bbox 144 1819 1496 1871; baseline 0.002 -14"><span class='ocrx_word' id='word_1_205' title='bbox 144 1819 347 1867; x_wconf 79' lang='lat' dir='ltr'>dixerant,</span> <span class='ocrx_word' id='word_1_206' title='bbox 385 1819 611 1871; x_wconf 89' lang='lat' dir='ltr'>eodemque</span> <span class='ocrx_word' id='word_1_207' title='bbox 641 1819 728 1859; x_wconf 92' lang='lat' dir='ltr'>iure</span> <span class='ocrx_word' id='word_1_208' title='bbox 758 1826 926 1859; x_wconf 77' lang='lat' dir='ltr'>vocatae</span> <span class='ocrx_word' id='word_1_209' title='bbox 956 1820 1240 1869; x_wconf 86' lang='lat' dir='ltr'>inclinassent,</span> <span class='ocrx_word' id='word_1_210' title='bbox 1278 1821 1320 1860; x_wconf 93' lang='lat' dir='ltr'>ni</span> <span class='ocrx_word' id='word_1_211' title='bbox 1351 1835 1395 1860; x_wconf 86' lang='lat' dir='ltr'>se</span> <span class='ocrx_word' id='word_1_212' title='bbox 1426 1820 1496 1860; x_wconf 87' lang='lat' dir='ltr'>tri-</span> 
     </span>
     <span class='ocr_line' id='line_1_27' title="bbox 144 1881 1494 1936; baseline 0.001 -15"><span class='ocrx_word' id='word_1_213' title='bbox 144 1882 242 1921; x_wconf 89' lang='lat' dir='ltr'>buni</span> <span class='ocrx_word' id='word_1_214' title='bbox 267 1881 397 1935; x_wconf 89' lang='lat' dir='ltr'>plebis</span> <span class='ocrx_word' id='word_1_215' title='bbox 426 1881 474 1921; x_wconf 81' lang='lat' dir='ltr'>C.</span> <span class='ocrx_word' id='word_1_216' title='bbox 501 1889 540 1921; x_wconf 88' lang='lat' dir='ltr'>et</span> <span class='ocrx_word' id='word_1_217' title='bbox 564 1882 616 1921; x_wconf 94' lang='lat' dir='ltr'>L.</span> <span class='ocrx_word' id='word_1_218' title='bbox 643 1881 847 1935; x_wconf 85' lang='lat' dir='ltr'>Arri(an)i</span> <span class='ocrx_word' id='word_1_219' title='bbox 877 1882 1232 1936; x_wconf 85' lang='lat' dir='ltr'>interposuissent,</span> <span class='ocrx_word' id='word_1_220' title='bbox 1268 1882 1339 1935; x_wconf 89' lang='lat' dir='ltr'>qui</span> <span class='ocrx_word' id='word_1_221' title='bbox 1363 1896 1494 1935; x_wconf 90' lang='lat' dir='ltr'>neque</span> 
     </span>
     <span class='ocr_line' id='line_1_28' title="bbox 144 1944 1495 1998; baseline 0.001 -15"><span class='ocrx_word' id='word_1_222' title='bbox 144 1944 428 1998; x_wconf 81' lang='lat' dir='ltr'>magistratum</span> <span class='ocrx_word' id='word_1_223' title='bbox 454 1944 680 1984; x_wconf 86' lang='lat' dir='ltr'>continuari</span> <span class='ocrx_word' id='word_1_224' title='bbox 711 1945 808 1985; x_wconf 87' lang='lat' dir='ltr'>satis</span> <span class='ocrx_word' id='word_1_225' title='bbox 841 1945 958 1985; x_wconf 83' lang='lat' dir='ltr'>civile</span> <span class='ocrx_word' id='word_1_226' title='bbox 990 1959 1080 1985; x_wconf 89' lang='lat' dir='ltr'>esse</span> <span class='ocrx_word' id='word_1_227' title='bbox 1111 1944 1274 1985; x_wconf 86' lang='lat' dir='ltr'>aiebant</span> <span class='ocrx_word' id='word_1_228' title='bbox 1304 1953 1343 1985; x_wconf 86' lang='lat' dir='ltr'>et</span> <span class='ocrx_word' id='word_1_229' title='bbox 1367 1944 1495 1985; x_wconf 91' lang='lat' dir='ltr'>multo</span> 
     </span>
     <span class='ocr_line' id='line_1_29' title="bbox 144 2005 1494 2060; baseline 0.001 -15"><span class='ocrx_word' id='word_1_230' title='bbox 144 2005 335 2045; x_wconf 84' lang='lat' dir='ltr'>foedioris</span> <span class='ocrx_word' id='word_1_231' title='bbox 363 2005 540 2060; x_wconf 77' lang='lat' dir='ltr'>exempli</span> <span class='ocrx_word' id='word_1_232' title='bbox 565 2020 658 2046; x_wconf 89' lang='lat' dir='ltr'>eum</span> <span class='ocrx_word' id='word_1_233' title='bbox 683 2006 818 2060; x_wconf 92' lang='lat' dir='ltr'>ipsum</span> <span class='ocrx_word' id='word_1_234' title='bbox 843 2006 988 2055; x_wconf 88' lang='lat' dir='ltr'>creari,</span> <span class='ocrx_word' id='word_1_235' title='bbox 1026 2006 1096 2059; x_wconf 89' lang='lat' dir='ltr'>qui</span> <span class='ocrx_word' id='word_1_236' title='bbox 1122 2006 1286 2047; x_wconf 84' lang='lat' dir='ltr'>comitia</span> <span class='ocrx_word' id='word_1_237' title='bbox 1310 2006 1494 2046; x_wconf 86' lang='lat' dir='ltr'>haberet:</span> 
     </span>
     <span class='ocr_line' id='line_1_30' title="bbox 145 2066 1496 2121; baseline 0.001 -16"><span class='ocrx_word' id='word_1_238' title='bbox 145 2066 280 2118; x_wconf 84' lang='lat' dir='ltr'>itaque</span> <span class='ocrx_word' id='word_1_239' title='bbox 305 2067 339 2106; x_wconf 93' lang='lat' dir='ltr'>si</span> <span class='ocrx_word' id='word_1_240' title='bbox 365 2081 485 2107; x_wconf 88' lang='lat' dir='ltr'>suum</span> <span class='ocrx_word' id='word_1_241' title='bbox 510 2082 659 2107; x_wconf 88' lang='lat' dir='ltr'>nomen</span> <span class='ocrx_word' id='word_1_242' title='bbox 680 2067 852 2108; x_wconf 85' lang='lat' dir='ltr'>dictator</span> <span class='ocrx_word' id='word_1_243' title='bbox 871 2067 1090 2121; x_wconf 88' lang='lat' dir='ltr'>acciperet,</span> <span class='ocrx_word' id='word_1_244' title='bbox 1117 2082 1161 2108; x_wconf 86' lang='lat' dir='ltr'>se</span> <span class='ocrx_word' id='word_1_245' title='bbox 1181 2067 1353 2108; x_wconf 87' lang='lat' dir='ltr'>comitiis</span> <span class='ocrx_word' id='word_1_246' title='bbox 1372 2068 1496 2107; x_wconf 90' lang='lat' dir='ltr'>inter-</span> 
     </span>
     <span class='ocr_line' id='line_1_31' title="bbox 145 2128 1494 2183; baseline 0.001 -16"><span class='ocrx_word' id='word_1_247' title='bbox 145 2142 352 2177; x_wconf 81' lang='lat' dir='ltr'>cessuros3</span> <span class='ocrx_word' id='word_1_248' title='bbox 397 2129 429 2168; x_wconf 86' lang='lat' dir='ltr'>si</span> <span class='ocrx_word' id='word_1_249' title='bbox 460 2128 632 2169; x_wconf 87' lang='lat' dir='ltr'>aliorum</span> <span class='ocrx_word' id='word_1_250' title='bbox 662 2136 947 2183; x_wconf 87' lang='lat' dir='ltr'>praeterquam</span> <span class='ocrx_word' id='word_1_251' title='bbox 977 2129 1106 2182; x_wconf 91' lang='lat' dir='ltr'>ipsius</span> <span class='ocrx_word' id='word_1_252' title='bbox 1131 2129 1234 2170; x_wconf 88' lang='lat' dir='ltr'>ratio</span> <span class='ocrx_word' id='word_1_253' title='bbox 1263 2128 1494 2177; x_wconf 88' lang='lat' dir='ltr'>haberetur,</span> 
     </span>
     <span class='ocr_line' id='line_1_32' title="bbox 145 2189 1497 2231; baseline 0.001 -3"><span class='ocrx_word' id='word_1_254' title='bbox 145 2189 319 2229; x_wconf 86' lang='lat' dir='ltr'>comitiis</span> <span class='ocrx_word' id='word_1_255' title='bbox 347 2204 389 2229; x_wconf 89' lang='lat' dir='ltr'>se</span> <span class='ocrx_word' id='word_1_256' title='bbox 415 2205 570 2230; x_wconf 88' lang='lat' dir='ltr'>moram</span> <span class='ocrx_word' id='word_1_257' title='bbox 596 2205 677 2230; x_wconf 90' lang='lat' dir='ltr'>non</span> <span class='ocrx_word' id='word_1_258' title='bbox 703 2191 851 2230; x_wconf 86' lang='lat' dir='ltr'>facere.</span> <span class='ocrx_word' id='word_1_259' title='bbox 912 2191 1085 2231; x_wconf 85' lang='lat' dir='ltr'>dictator</span> <span class='ocrx_word' id='word_1_260' title='bbox 1115 2205 1283 2231; x_wconf 86' lang='lat' dir='ltr'>causam</span> <span class='ocrx_word' id='word_1_261' title='bbox 1314 2190 1497 2230; x_wconf 87' lang='lat' dir='ltr'>comitio-</span> 
     </span>
     <span class='ocr_line' id='line_1_33' title="bbox 144 2251 1493 2306; baseline 0.001 -17"><span class='ocrx_word' id='word_1_262' title='bbox 144 2265 234 2290; x_wconf 87' lang='lat' dir='ltr'>rum</span> <span class='ocrx_word' id='word_1_263' title='bbox 261 2251 497 2291; x_wconf 86' lang='lat' dir='ltr'>auetoritate</span> <span class='ocrx_word' id='word_1_264' title='bbox 524 2259 708 2300; x_wconf 85' lang='lat' dir='ltr'>senatus,</span> <span class='ocrx_word' id='word_1_265' title='bbox 735 2252 866 2305; x_wconf 87' lang='lat' dir='ltr'>plebis</span> <span class='ocrx_word' id='word_1_266' title='bbox 893 2253 1012 2301; x_wconf 90' lang='lat' dir='ltr'>scito,</span> <span class='ocrx_word' id='word_1_267' title='bbox 1045 2252 1242 2306; x_wconf 78' lang='lat' dir='ltr'>exemplis</span> <span class='ocrx_word' id='word_1_268' title='bbox 1270 2251 1493 2292; x_wconf 86' lang='lat' dir='ltr'>tutabatur:</span> 
     </span>
     <span class='ocr_line' id='line_1_34' title="bbox 145 2312 1497 2364; baseline 0.001 -13"><span class='ocrx_word' id='word_1_269' title='bbox 145 2327 320 2364; x_wconf 82' lang='lat' dir='ltr'>namque</span> <span class='ocrx_word' id='word_1_270' title='bbox 359 2312 435 2352; x_wconf 89' lang='lat' dir='ltr'>Cn.</span> <span class='ocrx_word' id='word_1_271' title='bbox 476 2312 649 2353; x_wconf 84' lang='lat' dir='ltr'>Servilio</span> <span class='ocrx_word' id='word_1_272' title='bbox 686 2313 870 2362; x_wconf 84' lang='lat' dir='ltr'>consule,</span> <span class='ocrx_word' id='word_1_273' title='bbox 914 2328 1008 2354; x_wconf 90' lang='lat' dir='ltr'>cum</span> <span class='ocrx_word' id='word_1_274' title='bbox 1045 2313 1093 2354; x_wconf 86' lang='lat' dir='ltr'>C.</span> <span class='ocrx_word' id='word_1_275' title='bbox 1131 2313 1359 2354; x_wconf 84' lang='lat' dir='ltr'>Flaminius</span> <span class='ocrx_word' id='word_1_276' title='bbox 1396 2313 1497 2353; x_wconf 88' lang='lat' dir='ltr'>alter</span> 
     </span>
     <span class='ocr_line' id='line_1_35' title="bbox 145 2373 1496 2428; baseline 0.001 -16"><span class='ocrx_word' id='word_1_277' title='bbox 145 2374 285 2413; x_wconf 83' lang='lat' dir='ltr'>consul</span> <span class='ocrx_word' id='word_1_278' title='bbox 311 2374 362 2413; x_wconf 85' lang='lat' dir='ltr'>ad</span> <span class='ocrx_word' id='word_1_279' title='bbox 383 2373 711 2414; x_wconf 86' lang='lat' dir='ltr'>Trasumennum</span> <span class='ocrx_word' id='word_1_280' title='bbox 738 2375 969 2424; x_wconf 86' lang='lat' dir='ltr'>cecidisset,</span> <span class='ocrx_word' id='word_1_281' title='bbox 997 2390 1047 2415; x_wconf 87' lang='lat' dir='ltr'>ex</span> <span class='ocrx_word' id='word_1_282' title='bbox 1072 2376 1310 2416; x_wconf 88' lang='lat' dir='ltr'>auctoritate</span> <span class='ocrx_word' id='word_1_283' title='bbox 1334 2383 1496 2428; x_wconf 83' lang='lat' dir='ltr'>patrum</span> 
     </span>
     <span class='ocr_line' id='line_1_36' title="bbox 145 2435 1497 2490; baseline 0.001 -15"><span class='ocrx_word' id='word_1_284' title='bbox 145 2436 196 2475; x_wconf 86' lang='lat' dir='ltr'>ad</span> <span class='ocrx_word' id='word_1_285' title='bbox 223 2435 383 2488; x_wconf 81' lang='lat' dir='ltr'>plebem</span> <span class='ocrx_word' id='word_1_286' title='bbox 408 2435 535 2475; x_wconf 88' lang='lat' dir='ltr'>latum</span> <span class='ocrx_word' id='word_1_287' title='bbox 560 2436 803 2490; x_wconf 86' lang='lat' dir='ltr'>plebemque</span> <span class='ocrx_word' id='word_1_288' title='bbox 829 2437 1016 2486; x_wconf 76' lang='lat' dir='ltr'>scivisse,</span> <span class='ocrx_word' id='word_1_289' title='bbox 1048 2444 1092 2477; x_wconf 90' lang='lat' dir='ltr'>ut</span> <span class='ocrx_word' id='word_1_290' title='bbox 1117 2437 1254 2490; x_wconf 90' lang='lat' dir='ltr'>quoad</span> <span class='ocrx_word' id='word_1_291' title='bbox 1278 2437 1431 2478; x_wconf 86' lang='lat' dir='ltr'>bellum</span> <span class='ocrx_word' id='word_1_292' title='bbox 1455 2437 1497 2476; x_wconf 91' lang='lat' dir='ltr'>in</span> 
     </span>
     <span class='ocr_line' id='line_1_37' title="bbox 143 2497 1495 2552; baseline 0.001 -16"><span class='ocrx_word' id='word_1_293' title='bbox 143 2497 263 2537; x_wconf 80' lang='lat' dir='ltr'>Italia</span> <span class='ocrx_word' id='word_1_294' title='bbox 288 2505 414 2546; x_wconf 87' lang='lat' dir='ltr'>esset,</span> <span class='ocrx_word' id='word_1_295' title='bbox 442 2513 492 2538; x_wconf 80' lang='lat' dir='ltr'>ex</span> <span class='ocrx_word' id='word_1_296' title='bbox 517 2500 570 2547; x_wconf 82' lang='lat' dir='ltr'>is,</span> <span class='ocrx_word' id='word_1_297' title='bbox 598 2499 668 2550; x_wconf 89' lang='lat' dir='ltr'>qui</span> <span class='ocrx_word' id='word_1_298' title='bbox 693 2499 881 2540; x_wconf 90' lang='lat' dir='ltr'>consules</span> <span class='ocrx_word' id='word_1_299' title='bbox 907 2500 1099 2548; x_wconf 85' lang='lat' dir='ltr'>fuissent,</span> <span class='ocrx_word' id='word_1_300' title='bbox 1127 2514 1230 2552; x_wconf 90' lang='lat' dir='ltr'>quos</span> <span class='ocrx_word' id='word_1_301' title='bbox 1251 2506 1290 2540; x_wconf 89' lang='lat' dir='ltr'>et</span> <span class='ocrx_word' id='word_1_302' title='bbox 1308 2499 1495 2552; x_wconf 87' lang='lat' dir='ltr'>quotiens</span> 
     </span>
     <span class='ocr_line' id='line_1_38' title="bbox 143 2558 1495 2615; baseline 0.001 -17"><span class='ocrx_word' id='word_1_303' title='bbox 143 2558 264 2598; x_wconf 78' lang='lat' dir='ltr'>vellet</span> <span class='ocrx_word' id='word_1_304' title='bbox 288 2559 495 2599; x_wconf 86' lang='lat' dir='ltr'>reficiendi</span> <span class='ocrx_word' id='word_1_305' title='bbox 520 2559 710 2600; x_wconf 86' lang='lat' dir='ltr'>eonsules</span> <span class='ocrx_word' id='word_1_306' title='bbox 741 2561 893 2614; x_wconf 90' lang='lat' dir='ltr'>populo</span> <span class='ocrx_word' id='word_1_307' title='bbox 924 2561 988 2602; x_wconf 90' lang='lat' dir='ltr'>ius</span> <span class='ocrx_word' id='word_1_308' title='bbox 1015 2567 1141 2609; x_wconf 84' lang='lat' dir='ltr'>esset3</span> <span class='ocrx_word' id='word_1_309' title='bbox 1180 2561 1495 2615; x_wconf 79' lang='lat' dir='ltr'>exemplumque</span> 
     </span>
     <span class='ocr_line' id='line_1_39' title="bbox 142 2620 1497 2677; baseline 0.001 -18"><span class='ocrx_word' id='word_1_310' title='bbox 142 2620 184 2660; x_wconf 91' lang='lat' dir='ltr'>in</span> <span class='ocrx_word' id='word_1_311' title='bbox 209 2635 299 2660; x_wconf 90' lang='lat' dir='ltr'>eam</span> <span class='ocrx_word' id='word_1_312' title='bbox 323 2636 409 2662; x_wconf 90' lang='lat' dir='ltr'>rem</span> <span class='ocrx_word' id='word_1_313' title='bbox 435 2636 478 2662; x_wconf 89' lang='lat' dir='ltr'>se</span> <span class='ocrx_word' id='word_1_314' title='bbox 503 2621 652 2662; x_wconf 84' lang='lat' dir='ltr'>habere</span> <span class='ocrx_word' id='word_1_315' title='bbox 678 2630 795 2662; x_wconf 88' lang='lat' dir='ltr'>vetus</span> <span class='ocrx_word' id='word_1_316' title='bbox 822 2623 874 2663; x_wconf 90' lang='lat' dir='ltr'>L.</span> <span class='ocrx_word' id='word_1_317' title='bbox 902 2623 1090 2663; x_wconf 86' lang='lat' dir='ltr'>Postumi</span> <span class='ocrx_word' id='word_1_318' title='bbox 1115 2622 1303 2677; x_wconf 82' lang='lat' dir='ltr'>Megelli,</span> <span class='ocrx_word' id='word_1_319' title='bbox 1341 2622 1411 2675; x_wconf 86' lang='lat' dir='ltr'>qui</span> <span class='ocrx_word' id='word_1_320' title='bbox 1435 2622 1497 2661; x_wconf 92' lang='lat' dir='ltr'>in-</span> 
     </span>
     <span class='ocr_line' id='line_1_40' title="bbox 143 2682 1492 2738; baseline 0.001 -16"><span class='ocrx_word' id='word_1_321' title='bbox 143 2690 275 2723; x_wconf 78' lang='lat' dir='ltr'>terrex</span> <span class='ocrx_word' id='word_1_322' title='bbox 305 2683 354 2725; x_wconf 81' lang='lat' dir='ltr'>iis</span> <span class='ocrx_word' id='word_1_323' title='bbox 386 2684 578 2733; x_wconf 87' lang='lat' dir='ltr'>comitiis,</span> <span class='ocrx_word' id='word_1_324' title='bbox 617 2699 721 2737; x_wconf 82' lang='lat' dir='ltr'>quae</span> <span class='ocrx_word' id='word_1_325' title='bbox 751 2684 839 2738; x_wconf 80' lang='lat' dir='ltr'>ipse</span> <span class='ocrx_word' id='word_1_326' title='bbox 870 2685 1099 2734; x_wconf 86' lang='lat' dir='ltr'>habuisset,</span> <span class='ocrx_word' id='word_1_327' title='bbox 1143 2684 1287 2726; x_wconf 87' lang='lat' dir='ltr'>consul</span> <span class='ocrx_word' id='word_1_328' title='bbox 1318 2699 1410 2725; x_wconf 89' lang='lat' dir='ltr'>cum</span> <span class='ocrx_word' id='word_1_329' title='bbox 1443 2682 1492 2724; x_wconf 90' lang='lat' dir='ltr'>C.</span> 
     </span>
    </p>
   </div>
   <div class='ocr_carea' id='block_1_5' title="bbox 1521 664 1559 693">
    <p class='ocr_par' dir='ltr' id='par_1_6' title="bbox 1521 664 1559 693">
     <span class='ocr_line' id='line_1_41' title="bbox 1521 664 1559 693; baseline 0.026 -1"><span class='ocrx_word' id='word_1_330' title='bbox 1521 664 1559 693; x_wconf 87' lang='grc'>17</span> 
     </span>
    </p>
   </div>
   <div class='ocr_carea' id='block_1_6' title="bbox 1522 848 1560 877">
    <p class='ocr_par' dir='ltr' id='par_1_7' title="bbox 1522 848 1560 877">
     <span class='ocr_line' id='line_1_42' title="bbox 1522 848 1560 877; baseline 0 0"><span class='ocrx_word' id='word_1_331' title='bbox 1522 848 1560 877; x_wconf 86' lang='grc'>18</span> 
     </span>
    </p>
   </div>
   <div class='ocr_carea' id='block_1_7' title="bbox 1523 1094 1561 1123">
    <p class='ocr_par' dir='ltr' id='par_1_8' title="bbox 1523 1094 1561 1123">
     <span class='ocr_line' id='line_1_43' title="bbox 1523 1094 1561 1123; baseline 0.053 -2"><span class='ocrx_word' id='word_1_332' title='bbox 1523 1094 1561 1123; x_wconf 85' lang='grc'>19</span> 
     </span>
    </p>
   </div>
   <div class='ocr_carea' id='block_1_8' title="bbox 1521 1588 1540 1615">
    <p class='ocr_par' dir='ltr' id='par_1_9' title="bbox 1521 1588 1540 1615">
     <span class='ocr_line' id='line_1_44' title="bbox 1521 1588 1540 1615; textangle 90"><span class='ocrx_word' id='word_1_333' title='bbox 1521 1588 1540 1615; x_wconf 63' lang='grc' dir='ltr'>Νι</span> 
     </span>
    </p>
   </div>
  </div>
 </body>
</html>
