<?xml version="1.0" encoding="UTF-8"?>
<!DOCTYPE html PUBLIC "-//W3C//DTD XHTML 1.0 Transitional//EN"
    "http://www.w3.org/TR/xhtml1/DTD/xhtml1-transitional.dtd">
<html xmlns="http://www.w3.org/1999/xhtml" xml:lang="en" lang="en">
 <head>
  <title>
</title>
<meta http-equiv="Content-Type" content="text/html;charset=utf-8" />
  <meta name='ocr-system' content='tesseract 3.04.00' />
  <meta name='ocr-capabilities' content='ocr_page ocr_carea ocr_par ocr_line ocrx_word'/>
</head>
<body>
  <div class='ocr_page' id='page_1' title='image "./aburbeconditalib02livyuoft_0136.png"; bbox 0 0 1815 3184; ppageno 0'>
   <div class='ocr_carea' id='block_1_1' title="bbox 271 538 289 567">
    <p class='ocr_par' dir='ltr' id='par_1_1' title="bbox 271 538 289 567">
     <span class='ocr_line' id='line_1_1' title="bbox 271 538 289 567; textangle 90"><span class='ocrx_word' id='word_1_1' title='bbox 271 538 289 567; x_wconf 67' lang='grc' dir='ltr'>ΚΟ</span> 
     </span>
    </p>
   </div>
   <div class='ocr_carea' id='block_1_2' title="bbox 271 911 291 939">
    <p class='ocr_par' dir='ltr' id='par_1_2' title="bbox 271 911 291 939">
     <span class='ocr_line' id='line_1_2' title="bbox 271 911 291 939; baseline 0 0"><span class='ocrx_word' id='word_1_2' title='bbox 271 911 291 939; x_wconf 79' lang='grc'><strong>4</strong></span> 
     </span>
    </p>
   </div>
   <div class='ocr_carea' id='block_1_3' title="bbox 247 2025 286 2054">
    <p class='ocr_par' dir='ltr' id='par_1_3' title="bbox 247 2025 286 2054">
     <span class='ocr_line' id='line_1_3' title="bbox 247 2025 286 2054; baseline 0 0"><span class='ocrx_word' id='word_1_3' title='bbox 247 2025 286 2054; x_wconf 83' lang='grc'><strong>10</strong></span> 
     </span>
    </p>
   </div>
   <div class='ocr_carea' id='block_1_4' title="bbox 268 2584 285 2612">
    <p class='ocr_par' dir='ltr' id='par_1_4' title="bbox 268 2584 285 2612">
     <span class='ocr_line' id='line_1_4' title="bbox 268 2584 285 2612; baseline 0 0"><span class='ocrx_word' id='word_1_4' title='bbox 268 2584 285 2612; x_wconf 76' lang='grc'><strong>3</strong></span> 
     </span>
    </p>
   </div>
   <div class='ocr_carea' id='block_1_5' title="bbox 321 228 1338 280">
    <p class='ocr_par' dir='ltr' id='par_1_5' title="bbox 321 228 1338 280">
     <span class='ocr_line' id='line_1_5' title="bbox 321 228 1338 280; baseline 0.001 -11"><span class='ocrx_word' id='word_1_5' title='bbox 321 228 376 269; x_wconf 79' lang='grc'>32</span> <span class='ocrx_word' id='word_1_6' title='bbox 628 237 780 270; x_wconf 75' lang='lat' dir='ltr'>LIBER</span> <span class='ocrx_word' id='word_1_7' title='bbox 806 237 918 277; x_wconf 79' lang='lat' dir='ltr'>XXI,</span> <span class='ocrx_word' id='word_1_8' title='bbox 943 237 997 270; x_wconf 83' lang='lat'>39.</span> <span class='ocrx_word' id='word_1_9' title='bbox 1017 236 1072 269; x_wconf 83' lang='lat'>40.</span> <span class='ocrx_word' id='word_1_10' title='bbox 1101 237 1197 280; x_wconf 82' lang='lat' dir='ltr'>[a.u.</span> <span class='ocrx_word' id='word_1_11' title='bbox 1214 237 1338 279; x_wconf 78' lang='lat' dir='ltr'>e.536]</span> 
     </span>
    </p>
   </div>
   <div class='ocr_carea' id='block_1_6' title="bbox 309 338 1685 2750">
    <p class='ocr_par' dir='ltr' id='par_1_6' title="bbox 310 338 1685 2005">
     <span class='ocr_line' id='line_1_6' title="bbox 317 338 1675 399; baseline 0.002 -19"><span class='ocrx_word' id='word_1_12' title='bbox 317 340 399 389; x_wconf 90' lang='lat' dir='ltr'>nis,</span> <span class='ocrx_word' id='word_1_13' title='bbox 436 340 647 394; x_wconf 80' lang='lat' dir='ltr'>proximae</span> <span class='ocrx_word' id='word_1_14' title='bbox 684 340 816 399; x_wconf 67' lang='lat' dir='ltr'>genti,</span> <span class='ocrx_word' id='word_1_15' title='bbox 861 339 1060 379; x_wconf 77' lang='lat' dir='ltr'>adversus</span> <span class='ocrx_word' id='word_1_16' title='bbox 1092 338 1290 379; x_wconf 78' lang='lat' dir='ltr'>Insubres</span> <span class='ocrx_word' id='word_1_17' title='bbox 1330 347 1487 380; x_wconf 87' lang='lat' dir='ltr'>motum</span> <span class='ocrx_word' id='word_1_18' title='bbox 1523 341 1675 383; x_wconf 90' lang='lat' dir='ltr'>bellum</span> 
     </span>
     <span class='ocr_line' id='line_1_7' title="bbox 317 400 1675 455; baseline 0.002 -14"><span class='ocrx_word' id='word_1_19' title='bbox 317 409 414 441; x_wconf 85' lang='lat' dir='ltr'>erat.</span> <span class='ocrx_word' id='word_1_20' title='bbox 471 402 544 442; x_wconf 88' lang='lat' dir='ltr'>sed</span> <span class='ocrx_word' id='word_1_21' title='bbox 586 415 743 442; x_wconf 85' lang='lat' dir='ltr'>armare</span> <span class='ocrx_word' id='word_1_22' title='bbox 786 400 1010 441; x_wconf 80' lang='lat' dir='ltr'>exercitum</span> <span class='ocrx_word' id='word_1_23' title='bbox 1048 400 1278 450; x_wconf 81' lang='lat' dir='ltr'>Hannibal,</span> <span class='ocrx_word' id='word_1_24' title='bbox 1327 407 1372 441; x_wconf 87' lang='lat' dir='ltr'>ut</span> <span class='ocrx_word' id='word_1_25' title='bbox 1413 402 1519 455; x_wconf 90' lang='lat' dir='ltr'>parti</span> <span class='ocrx_word' id='word_1_26' title='bbox 1562 403 1675 444; x_wconf 88' lang='lat' dir='ltr'>alteri</span> 
     </span>
     <span class='ocr_line' id='line_1_8' title="bbox 317 462 1678 512; baseline 0.001 -9"><span class='ocrx_word' id='word_1_27' title='bbox 317 463 467 503; x_wconf 82' lang='lat' dir='ltr'>auxilio</span> <span class='ocrx_word' id='word_1_28' title='bbox 499 470 626 512; x_wconf 87' lang='lat' dir='ltr'>esset,</span> <span class='ocrx_word' id='word_1_29' title='bbox 664 462 706 502; x_wconf 91' lang='lat' dir='ltr'>in</span> <span class='ocrx_word' id='word_1_30' title='bbox 735 462 956 503; x_wconf 89' lang='lat' dir='ltr'>reficiendo</span> <span class='ocrx_word' id='word_1_31' title='bbox 988 462 1166 503; x_wconf 81' lang='lat' dir='ltr'>maxime</span> <span class='ocrx_word' id='word_1_32' title='bbox 1199 462 1443 503; x_wconf 75' lang='lat' dir='ltr'>sentientem</span> <span class='ocrx_word' id='word_1_33' title='bbox 1470 471 1678 505; x_wconf 86' lang='lat' dir='ltr'>contracta</span> 
     </span>
     <span class='ocr_line' id='line_1_9' title="bbox 316 523 1677 580; baseline 0.002 -16"><span class='ocrx_word' id='word_1_34' title='bbox 316 532 409 565; x_wconf 89' lang='lat' dir='ltr'>ante</span> <span class='ocrx_word' id='word_1_35' title='bbox 430 524 555 571; x_wconf 87' lang='lat' dir='ltr'>mala,</span> <span class='ocrx_word' id='word_1_36' title='bbox 582 539 665 565; x_wconf 90' lang='lat' dir='ltr'>non</span> <span class='ocrx_word' id='word_1_37' title='bbox 683 530 862 578; x_wconf 89' lang='lat' dir='ltr'>poterat:</span> <span class='ocrx_word' id='word_1_38' title='bbox 889 525 1017 565; x_wconf 87' lang='lat' dir='ltr'>otium</span> <span class='ocrx_word' id='word_1_39' title='bbox 1037 523 1159 578; x_wconf 83' lang='lat' dir='ltr'>(erat)</span> <span class='ocrx_word' id='word_1_40' title='bbox 1182 524 1290 564; x_wconf 90' lang='lat' dir='ltr'>enim</span> <span class='ocrx_word' id='word_1_41' title='bbox 1311 539 1361 564; x_wconf 83' lang='lat' dir='ltr'>ex</span> <span class='ocrx_word' id='word_1_42' title='bbox 1380 525 1531 574; x_wconf 91' lang='lat' dir='ltr'>labore,</span> <span class='ocrx_word' id='word_1_43' title='bbox 1559 527 1677 580; x_wconf 83' lang='lat' dir='ltr'>copia</span> 
     </span>
     <span class='ocr_line' id='line_1_10' title="bbox 316 586 1675 642; baseline 0.001 -16"><span class='ocrx_word' id='word_1_44' title='bbox 316 602 366 626; x_wconf 81' lang='lat' dir='ltr'>ex</span> <span class='ocrx_word' id='word_1_45' title='bbox 399 587 555 640; x_wconf 89' lang='lat' dir='ltr'>inopia,</span> <span class='ocrx_word' id='word_1_46' title='bbox 594 586 728 627; x_wconf 88' lang='lat' dir='ltr'>cultus</span> <span class='ocrx_word' id='word_1_47' title='bbox 761 601 812 627; x_wconf 83' lang='lat' dir='ltr'>ex</span> <span class='ocrx_word' id='word_1_48' title='bbox 848 586 1001 627; x_wconf 66' lang='lat' dir='ltr'>inluvie</span> <span class='ocrx_word' id='word_1_49' title='bbox 1037 586 1213 639; x_wconf 78' lang='lat' dir='ltr'>tabeque</span> <span class='ocrx_word' id='word_1_50' title='bbox 1251 586 1439 639; x_wconf 84' lang='lat' dir='ltr'>squalida</span> <span class='ocrx_word' id='word_1_51' title='bbox 1474 595 1514 628; x_wconf 90' lang='lat' dir='ltr'>et</span> <span class='ocrx_word' id='word_1_52' title='bbox 1548 602 1675 642; x_wconf 81' lang='lat' dir='ltr'>prope</span> 
     </span>
     <span class='ocr_line' id='line_1_11' title="bbox 316 647 1676 702; baseline 0.001 -14"><span class='ocrx_word' id='word_1_53' title='bbox 316 648 484 689; x_wconf 85' lang='lat' dir='ltr'>efferata</span> <span class='ocrx_word' id='word_1_54' title='bbox 520 663 689 702; x_wconf 84' lang='lat' dir='ltr'>corpora</span> <span class='ocrx_word' id='word_1_55' title='bbox 725 648 836 689; x_wconf 63' lang='lat' dir='ltr'>varie</span> <span class='ocrx_word' id='word_1_56' title='bbox 872 648 1077 689; x_wconf 68' lang='lat' dir='ltr'>movebat.</span> <span class='ocrx_word' id='word_1_57' title='bbox 1133 663 1181 689; x_wconf 85' lang='lat' dir='ltr'>ea</span> <span class='ocrx_word' id='word_1_58' title='bbox 1211 647 1260 688; x_wconf 89' lang='lat' dir='ltr'>P.</span> <span class='ocrx_word' id='word_1_59' title='bbox 1295 647 1486 690; x_wconf 87' lang='lat' dir='ltr'>Cornelio</span> <span class='ocrx_word' id='word_1_60' title='bbox 1518 651 1676 690; x_wconf 90' lang='lat' dir='ltr'>consuli</span> 
     </span>
     <span class='ocr_line' id='line_1_12' title="bbox 315 710 1675 760; baseline 0.001 -9"><span class='ocrx_word' id='word_1_61' title='bbox 315 726 440 751; x_wconf 88' lang='lat' dir='ltr'>causa</span> <span class='ocrx_word' id='word_1_62' title='bbox 464 711 560 760; x_wconf 86' lang='lat' dir='ltr'>fuit,</span> <span class='ocrx_word' id='word_1_63' title='bbox 587 726 681 751; x_wconf 89' lang='lat' dir='ltr'>cum</span> <span class='ocrx_word' id='word_1_64' title='bbox 701 710 822 752; x_wconf 86' lang='lat' dir='ltr'>Pisas</span> <span class='ocrx_word' id='word_1_65' title='bbox 847 710 1024 752; x_wconf 73' lang='lat' dir='ltr'>navibus</span> <span class='ocrx_word' id='word_1_66' title='bbox 1045 710 1244 760; x_wconf 74' lang='lat' dir='ltr'>venisset,</span> <span class='ocrx_word' id='word_1_67' title='bbox 1272 712 1453 752; x_wconf 84' lang='lat' dir='ltr'>exercitu</span> <span class='ocrx_word' id='word_1_68' title='bbox 1474 727 1497 752; x_wconf 90' lang='lat' dir='ltr'>a</span> <span class='ocrx_word' id='word_1_69' title='bbox 1516 711 1675 753; x_wconf 84' lang='lat' dir='ltr'>Manlio</span> 
     </span>
     <span class='ocr_line' id='line_1_13' title="bbox 313 772 1676 828; baseline 0.001 -15"><span class='ocrx_word' id='word_1_70' title='bbox 313 772 525 826; x_wconf 78' lang='lat' dir='ltr'>Atilioque</span> <span class='ocrx_word' id='word_1_71' title='bbox 546 780 714 827; x_wconf 90' lang='lat' dir='ltr'>accepto</span> <span class='ocrx_word' id='word_1_72' title='bbox 735 773 864 823; x_wconf 68' lang='lat' dir='ltr'>tirpne</span> <span class='ocrx_word' id='word_1_73' title='bbox 884 780 923 813; x_wconf 88' lang='lat' dir='ltr'>et</span> <span class='ocrx_word' id='word_1_74' title='bbox 947 773 989 813; x_wconf 90' lang='lat' dir='ltr'>in</span> <span class='ocrx_word' id='word_1_75' title='bbox 1012 772 1131 813; x_wconf 77' lang='lat' dir='ltr'>novis</span> <span class='ocrx_word' id='word_1_76' title='bbox 1156 773 1393 828; x_wconf 82' lang='lat' dir='ltr'>ignominiis</span> <span class='ocrx_word' id='word_1_77' title='bbox 1421 774 1597 828; x_wconf 88' lang='lat' dir='ltr'>trepido,</span> <span class='ocrx_word' id='word_1_78' title='bbox 1624 775 1676 815; x_wconf 90' lang='lat' dir='ltr'>ad</span> 
     </span>
     <span class='ocr_line' id='line_1_14' title="bbox 312 834 1675 883; baseline 0.002 -9"><span class='ocrx_word' id='word_1_79' title='bbox 312 834 476 875; x_wconf 89' lang='lat' dir='ltr'>Padum</span> <span class='ocrx_word' id='word_1_80' title='bbox 508 834 748 883; x_wconf 86' lang='lat' dir='ltr'>festinandi,</span> <span class='ocrx_word' id='word_1_81' title='bbox 786 843 831 875; x_wconf 87' lang='lat' dir='ltr'>ut</span> <span class='ocrx_word' id='word_1_82' title='bbox 863 850 956 875; x_wconf 88' lang='lat' dir='ltr'>curn</span> <span class='ocrx_word' id='word_1_83' title='bbox 988 835 1107 876; x_wconf 89' lang='lat' dir='ltr'>hoste</span> <span class='ocrx_word' id='word_1_84' title='bbox 1137 835 1320 875; x_wconf 91' lang='lat' dir='ltr'>nondum</span> <span class='ocrx_word' id='word_1_85' title='bbox 1351 835 1504 876; x_wconf 86' lang='lat' dir='ltr'>refecto</span> <span class='ocrx_word' id='word_1_86' title='bbox 1530 851 1675 877; x_wconf 89' lang='lat' dir='ltr'>manus</span> 
     </span>
     <span class='ocr_line' id='line_1_15' title="bbox 318 896 1677 946; baseline 0.001 -9"><span class='ocrx_word' id='word_1_87' title='bbox 318 903 560 938; x_wconf 87' lang='lat' dir='ltr'>consereret.</span> <span class='ocrx_word' id='word_1_88' title='bbox 623 897 695 937; x_wconf 88' lang='lat' dir='ltr'>sed</span> <span class='ocrx_word' id='word_1_89' title='bbox 732 912 826 937; x_wconf 91' lang='lat' dir='ltr'>cum</span> <span class='ocrx_word' id='word_1_90' title='bbox 861 896 1116 938; x_wconf 83' lang='lat' dir='ltr'>Placentiam</span> <span class='ocrx_word' id='word_1_91' title='bbox 1155 897 1298 938; x_wconf 88' lang='lat' dir='ltr'>consul</span> <span class='ocrx_word' id='word_1_92' title='bbox 1333 898 1464 946; x_wconf 86' lang='lat' dir='ltr'>venit,</span> <span class='ocrx_word' id='word_1_93' title='bbox 1507 898 1588 938; x_wconf 88' lang='lat' dir='ltr'>iam</span> <span class='ocrx_word' id='word_1_94' title='bbox 1626 913 1677 939; x_wconf 82' lang='lat' dir='ltr'>ex</span> 
     </span>
     <span class='ocr_line' id='line_1_16' title="bbox 316 959 1675 1012; baseline 0 -13"><span class='ocrx_word' id='word_1_95' title='bbox 316 959 474 999; x_wconf 75' lang='lat' dir='ltr'>stativis</span> <span class='ocrx_word' id='word_1_96' title='bbox 506 967 689 1000; x_wconf 80' lang='lat' dir='ltr'>moverat</span> <span class='ocrx_word' id='word_1_97' title='bbox 721 959 935 1000; x_wconf 84' lang='lat' dir='ltr'>Hannibal</span> <span class='ocrx_word' id='word_1_98' title='bbox 968 959 1326 1012; x_wconf 86' lang='lat' dir='ltr'>Taurinorumque</span> <span class='ocrx_word' id='word_1_99' title='bbox 1357 974 1482 1000; x_wconf 88' lang='lat' dir='ltr'>unam</span> <span class='ocrx_word' id='word_1_100' title='bbox 1518 959 1675 1008; x_wconf 88' lang='lat' dir='ltr'>urbem,</span> 
     </span>
     <span class='ocr_line' id='line_1_17' title="bbox 314 1022 1677 1077; baseline 0.001 -16"><span class='ocrx_word' id='word_1_101' title='bbox 314 1028 438 1075; x_wconf 88' lang='lat' dir='ltr'>caput</span> <span class='ocrx_word' id='word_1_102' title='bbox 462 1022 596 1077; x_wconf 84' lang='lat' dir='ltr'>gentis</span> <span class='ocrx_word' id='word_1_103' title='bbox 624 1022 730 1071; x_wconf 88' lang='lat' dir='ltr'>cius,</span> <span class='ocrx_word' id='word_1_104' title='bbox 765 1022 859 1075; x_wconf 90' lang='lat' dir='ltr'>quia</span> <span class='ocrx_word' id='word_1_105' title='bbox 885 1022 1067 1062; x_wconf 65' lang='lat' dir='ltr'>volentes</span> <span class='ocrx_word' id='word_1_106' title='bbox 1099 1022 1140 1062; x_wconf 87' lang='lat' dir='ltr'>in</span> <span class='ocrx_word' id='word_1_107' title='bbox 1174 1022 1396 1062; x_wconf 74' lang='lat' dir='ltr'>amicitiam</span> <span class='ocrx_word' id='word_1_108' title='bbox 1426 1037 1509 1063; x_wconf 90' lang='lat' dir='ltr'>non</span> <span class='ocrx_word' id='word_1_109' title='bbox 1539 1023 1677 1062; x_wconf 72' lang='lat' dir='ltr'>venie-</span> 
     </span>
     <span class='ocr_line' id='line_1_18' title="bbox 314 1083 1685 1139; baseline 0.001 -16"><span class='ocrx_word' id='word_1_110' title='bbox 314 1083 432 1132; x_wconf 85' lang='lat' dir='ltr'>bant,</span> <span class='ocrx_word' id='word_1_111' title='bbox 465 1085 506 1124; x_wconf 69' lang='lat' dir='ltr'>vi</span> <span class='ocrx_word' id='word_1_112' title='bbox 531 1092 808 1139; x_wconf 77' lang='lat' dir='ltr'>expugnarat,</span> <span class='ocrx_word' id='word_1_113' title='bbox 845 1083 922 1139; x_wconf 88' lang='lat' dir='ltr'>[et]</span> <span class='ocrx_word' id='word_1_114' title='bbox 950 1085 1151 1125; x_wconf 79' lang='lat' dir='ltr'>iunxisset</span> <span class='ocrx_word' id='word_1_115' title='bbox 1179 1084 1256 1125; x_wconf 82' lang='lat' dir='ltr'>sibi</span> <span class='ocrx_word' id='word_1_116' title='bbox 1282 1100 1365 1125; x_wconf 90' lang='lat' dir='ltr'>non</span> <span class='ocrx_word' id='word_1_117' title='bbox 1390 1091 1502 1125; x_wconf 90' lang='lat' dir='ltr'>metu</span> <span class='ocrx_word' id='word_1_118' title='bbox 1528 1084 1685 1133; x_wconf 69' lang='lat' dir='ltr'>solum,</span> 
     </span>
     <span class='ocr_line' id='line_1_19' title="bbox 314 1145 1676 1195; baseline 0.001 -10"><span class='ocrx_word' id='word_1_119' title='bbox 314 1145 387 1186; x_wconf 88' lang='lat' dir='ltr'>sed</span> <span class='ocrx_word' id='word_1_120' title='bbox 420 1146 541 1186; x_wconf 85' lang='lat' dir='ltr'>etiam</span> <span class='ocrx_word' id='word_1_121' title='bbox 574 1146 785 1187; x_wconf 75' lang='lat' dir='ltr'>voluntate</span> <span class='ocrx_word' id='word_1_122' title='bbox 813 1145 956 1188; x_wconf 77' lang='lat' dir='ltr'>Gallos</span> <span class='ocrx_word' id='word_1_123' title='bbox 990 1146 1152 1187; x_wconf 79' lang='lat' dir='ltr'>accolas</span> <span class='ocrx_word' id='word_1_124' title='bbox 1177 1145 1301 1195; x_wconf 87' lang='lat' dir='ltr'>Padi,</span> <span class='ocrx_word' id='word_1_125' title='bbox 1335 1146 1376 1186; x_wconf 90' lang='lat' dir='ltr'>ni</span> <span class='ocrx_word' id='word_1_126' title='bbox 1402 1161 1471 1187; x_wconf 92' lang='lat' dir='ltr'>eos</span> <span class='ocrx_word' id='word_1_127' title='bbox 1504 1147 1676 1187; x_wconf 88' lang='lat' dir='ltr'>circum-</span> 
     </span>
     <span class='ocr_line' id='line_1_20' title="bbox 315 1207 1676 1263; baseline 0.001 -16"><span class='ocrx_word' id='word_1_128' title='bbox 315 1209 537 1261; x_wconf 83' lang='lat' dir='ltr'>spectantis</span> <span class='ocrx_word' id='word_1_129' title='bbox 570 1208 813 1249; x_wconf 84' lang='lat' dir='ltr'>defectionis</span> <span class='ocrx_word' id='word_1_130' title='bbox 847 1216 1008 1262; x_wconf 88' lang='lat' dir='ltr'>tempus</span> <span class='ocrx_word' id='word_1_131' title='bbox 1043 1207 1178 1248; x_wconf 90' lang='lat' dir='ltr'>subito</span> <span class='ocrx_word' id='word_1_132' title='bbox 1211 1208 1390 1248; x_wconf 74' lang='lat' dir='ltr'>adventu</span> <span class='ocrx_word' id='word_1_133' title='bbox 1423 1208 1567 1249; x_wconf 88' lang='lat' dir='ltr'>consul</span> <span class='ocrx_word' id='word_1_134' title='bbox 1603 1223 1676 1263; x_wconf 91' lang='lat' dir='ltr'>op-</span> 
     </span>
     <span class='ocr_line' id='line_1_21' title="bbox 313 1269 1675 1324; baseline 0.001 -16"><span class='ocrx_word' id='word_1_135' title='bbox 313 1269 544 1322; x_wconf 86' lang='lat' dir='ltr'>pressisset.</span> <span class='ocrx_word' id='word_1_136' title='bbox 589 1277 628 1311; x_wconf 83' lang='lat' dir='ltr'>et</span> <span class='ocrx_word' id='word_1_137' title='bbox 647 1269 859 1310; x_wconf 85' lang='lat' dir='ltr'>Hannibal</span> <span class='ocrx_word' id='word_1_138' title='bbox 886 1271 1013 1310; x_wconf 66' lang='lat' dir='ltr'>movit</span> <span class='ocrx_word' id='word_1_139' title='bbox 1039 1285 1089 1310; x_wconf 78' lang='lat' dir='ltr'>ex</span> <span class='ocrx_word' id='word_1_140' title='bbox 1111 1270 1321 1319; x_wconf 86' lang='lat' dir='ltr'>Taurinis,</span> <span class='ocrx_word' id='word_1_141' title='bbox 1347 1270 1543 1320; x_wconf 84' lang='lat' dir='ltr'>incertos,</span> <span class='ocrx_word' id='word_1_142' title='bbox 1571 1285 1675 1324; x_wconf 87' lang='lat' dir='ltr'>quae</span> 
     </span>
     <span class='ocr_line' id='line_1_22' title="bbox 311 1331 1674 1386; baseline 0.001 -15"><span class='ocrx_word' id='word_1_143' title='bbox 311 1345 407 1384; x_wconf 88' lang='lat' dir='ltr'>pars</span> <span class='ocrx_word' id='word_1_144' title='bbox 446 1332 657 1384; x_wconf 88' lang='lat' dir='ltr'>sequenda</span> <span class='ocrx_word' id='word_1_145' title='bbox 693 1340 820 1381; x_wconf 88' lang='lat' dir='ltr'>esset,</span> <span class='ocrx_word' id='word_1_146' title='bbox 861 1331 1004 1373; x_wconf 89' lang='lat' dir='ltr'>Gallos</span> <span class='ocrx_word' id='word_1_147' title='bbox 1036 1340 1294 1386; x_wconf 86' lang='lat' dir='ltr'>praesentem</span> <span class='ocrx_word' id='word_1_148' title='bbox 1333 1339 1545 1373; x_wconf 91' lang='lat' dir='ltr'>secuturos</span> <span class='ocrx_word' id='word_1_149' title='bbox 1583 1347 1674 1373; x_wconf 87' lang='lat' dir='ltr'>esse</span> 
     </span>
     <span class='ocr_line' id='line_1_23' title="bbox 312 1393 1675 1448; baseline 0.001 -16"><span class='ocrx_word' id='word_1_150' title='bbox 312 1400 437 1433; x_wconf 86' lang='lat' dir='ltr'>ratus.</span> <span class='ocrx_word' id='word_1_151' title='bbox 486 1393 569 1434; x_wconf 90' lang='lat' dir='ltr'>iam</span> <span class='ocrx_word' id='word_1_152' title='bbox 600 1409 726 1448; x_wconf 87' lang='lat' dir='ltr'>prope</span> <span class='ocrx_word' id='word_1_153' title='bbox 758 1393 801 1434; x_wconf 91' lang='lat' dir='ltr'>in</span> <span class='ocrx_word' id='word_1_154' title='bbox 834 1402 1057 1448; x_wconf 88' lang='lat' dir='ltr'>conspectu</span> <span class='ocrx_word' id='word_1_155' title='bbox 1091 1400 1205 1434; x_wconf 82' lang='lat' dir='ltr'>erant</span> <span class='ocrx_word' id='word_1_156' title='bbox 1237 1394 1439 1434; x_wconf 80' lang='lat' dir='ltr'>exercitus</span> <span class='ocrx_word' id='word_1_157' title='bbox 1473 1408 1675 1434; x_wconf 76' lang='lat' dir='ltr'>convene-</span> 
     </span>
     <span class='ocr_line' id='line_1_24' title="bbox 312 1455 1673 1508; baseline 0 -13"><span class='ocrx_word' id='word_1_158' title='bbox 312 1462 486 1508; x_wconf 87' lang='lat' dir='ltr'>rantque</span> <span class='ocrx_word' id='word_1_159' title='bbox 511 1456 657 1505; x_wconf 89' lang='lat' dir='ltr'>duces,</span> <span class='ocrx_word' id='word_1_160' title='bbox 692 1456 811 1496; x_wconf 88' lang='lat' dir='ltr'>sicuti</span> <span class='ocrx_word' id='word_1_161' title='bbox 837 1456 941 1495; x_wconf 89' lang='lat' dir='ltr'>inter</span> <span class='ocrx_word' id='word_1_162' title='bbox 967 1470 1009 1496; x_wconf 86' lang='lat' dir='ltr'>se</span> <span class='ocrx_word' id='word_1_163' title='bbox 1034 1455 1218 1496; x_wconf 86' lang='lat' dir='ltr'>nondum</span> <span class='ocrx_word' id='word_1_164' title='bbox 1245 1455 1343 1496; x_wconf 86' lang='lat' dir='ltr'>satis</span> <span class='ocrx_word' id='word_1_165' title='bbox 1368 1456 1472 1505; x_wconf 91' lang='lat' dir='ltr'>noti,</span> <span class='ocrx_word' id='word_1_166' title='bbox 1503 1456 1560 1496; x_wconf 86' lang='lat' dir='ltr'>ita</span> <span class='ocrx_word' id='word_1_167' title='bbox 1592 1456 1673 1497; x_wconf 79' lang='lat' dir='ltr'>iam</span> 
     </span>
     <span class='ocr_line' id='line_1_25' title="bbox 312 1515 1675 1571; baseline 0.001 -15"><span class='ocrx_word' id='word_1_168' title='bbox 312 1515 480 1558; x_wconf 80' lang='lat' dir='ltr'>inbutus</span> <span class='ocrx_word' id='word_1_169' title='bbox 505 1525 676 1571; x_wconf 87' lang='lat' dir='ltr'>uterque</span> <span class='ocrx_word' id='word_1_170' title='bbox 702 1518 881 1571; x_wconf 86' lang='lat' dir='ltr'>quadam</span> <span class='ocrx_word' id='word_1_171' title='bbox 907 1518 1176 1558; x_wconf 87' lang='lat' dir='ltr'>admiratione</span> <span class='ocrx_word' id='word_1_172' title='bbox 1202 1517 1380 1558; x_wconf 89' lang='lat' dir='ltr'>alterius.</span> <span class='ocrx_word' id='word_1_173' title='bbox 1435 1533 1532 1558; x_wconf 89' lang='lat' dir='ltr'>nam</span> <span class='ocrx_word' id='word_1_174' title='bbox 1556 1518 1675 1559; x_wconf 89' lang='lat' dir='ltr'>Han-</span> 
     </span>
     <span class='ocr_line' id='line_1_26' title="bbox 312 1578 1675 1635; baseline 0.002 -17"><span class='ocrx_word' id='word_1_175' title='bbox 312 1578 460 1619; x_wconf 82' lang='lat' dir='ltr'>nibalis</span> <span class='ocrx_word' id='word_1_176' title='bbox 487 1586 526 1619; x_wconf 90' lang='lat' dir='ltr'>et</span> <span class='ocrx_word' id='word_1_177' title='bbox 551 1580 662 1634; x_wconf 87' lang='lat' dir='ltr'>apud</span> <span class='ocrx_word' id='word_1_178' title='bbox 682 1579 894 1621; x_wconf 83' lang='lat' dir='ltr'>Romanos</span> <span class='ocrx_word' id='word_1_179' title='bbox 915 1579 995 1619; x_wconf 90' lang='lat' dir='ltr'>iam</span> <span class='ocrx_word' id='word_1_180' title='bbox 1023 1587 1115 1621; x_wconf 90' lang='lat' dir='ltr'>ante</span> <span class='ocrx_word' id='word_1_181' title='bbox 1136 1578 1313 1635; x_wconf 81' lang='lat' dir='ltr'>Sagunti</span> <span class='ocrx_word' id='word_1_182' title='bbox 1339 1580 1544 1620; x_wconf 78' lang='lat' dir='ltr'>excidium</span> <span class='ocrx_word' id='word_1_183' title='bbox 1571 1580 1675 1621; x_wconf 86' lang='lat' dir='ltr'>cele-</span> 
     </span>
     <span class='ocr_line' id='line_1_27' title="bbox 311 1639 1671 1696; baseline 0.002 -17"><span class='ocrx_word' id='word_1_184' title='bbox 311 1639 533 1681; x_wconf 89' lang='lat' dir='ltr'>berrimum</span> <span class='ocrx_word' id='word_1_185' title='bbox 570 1656 719 1682; x_wconf 92' lang='lat' dir='ltr'>nomen</span> <span class='ocrx_word' id='word_1_186' title='bbox 757 1648 843 1682; x_wconf 90' lang='lat' dir='ltr'>erat</span> <span class='ocrx_word' id='word_1_187' title='bbox 879 1648 918 1681; x_wconf 88' lang='lat' dir='ltr'>et</span> <span class='ocrx_word' id='word_1_188' title='bbox 957 1640 1195 1695; x_wconf 83' lang='lat' dir='ltr'>Scipionem</span> <span class='ocrx_word' id='word_1_189' title='bbox 1232 1641 1446 1682; x_wconf 88' lang='lat' dir='ltr'>Hannibal</span> <span class='ocrx_word' id='word_1_190' title='bbox 1483 1657 1531 1682; x_wconf 94' lang='lat' dir='ltr'>eo</span> <span class='ocrx_word' id='word_1_191' title='bbox 1568 1641 1671 1696; x_wconf 84' lang='lat' dir='ltr'>ipse,</span> 
     </span>
     <span class='ocr_line' id='line_1_28' title="bbox 311 1702 1674 1758; baseline 0.001 -16"><span class='ocrx_word' id='word_1_192' title='bbox 311 1702 422 1755; x_wconf 91' lang='lat' dir='ltr'>quod</span> <span class='ocrx_word' id='word_1_193' title='bbox 453 1703 653 1744; x_wconf 82' lang='lat' dir='ltr'>adversus</span> <span class='ocrx_word' id='word_1_194' title='bbox 681 1718 724 1744; x_wconf 87' lang='lat' dir='ltr'>se</span> <span class='ocrx_word' id='word_1_195' title='bbox 751 1704 835 1743; x_wconf 84' lang='lat' dir='ltr'>dux</span> <span class='ocrx_word' id='word_1_196' title='bbox 860 1703 1122 1757; x_wconf 85' lang='lat' dir='ltr'>potissimum</span> <span class='ocrx_word' id='word_1_197' title='bbox 1147 1702 1278 1744; x_wconf 87' lang='lat' dir='ltr'>lectus</span> <span class='ocrx_word' id='word_1_198' title='bbox 1304 1710 1432 1753; x_wconf 87' lang='lat' dir='ltr'>esset,</span> <span class='ocrx_word' id='word_1_199' title='bbox 1462 1710 1674 1758; x_wconf 86' lang='lat' dir='ltr'>praestan-</span> 
     </span>
     <span class='ocr_line' id='line_1_29' title="bbox 311 1765 1672 1820; baseline 0 -15"><span class='ocrx_word' id='word_1_200' title='bbox 311 1771 393 1804; x_wconf 88' lang='lat' dir='ltr'>tem</span> <span class='ocrx_word' id='word_1_201' title='bbox 435 1765 568 1805; x_wconf 65' lang='lat' dir='ltr'>virum</span> <span class='ocrx_word' id='word_1_202' title='bbox 611 1765 815 1806; x_wconf 86' lang='lat' dir='ltr'>credebat.</span> <span class='ocrx_word' id='word_1_203' title='bbox 877 1772 916 1805; x_wconf 86' lang='lat' dir='ltr'>et</span> <span class='ocrx_word' id='word_1_204' title='bbox 960 1773 1157 1806; x_wconf 75' lang='lat' dir='ltr'>auxerant</span> <span class='ocrx_word' id='word_1_205' title='bbox 1198 1766 1304 1806; x_wconf 89' lang='lat' dir='ltr'>inter</span> <span class='ocrx_word' id='word_1_206' title='bbox 1346 1780 1389 1806; x_wconf 85' lang='lat' dir='ltr'>se</span> <span class='ocrx_word' id='word_1_207' title='bbox 1425 1766 1672 1820; x_wconf 88' lang='lat' dir='ltr'>opinionem,</span> 
     </span>
     <span class='ocr_line' id='line_1_30' title="bbox 313 1824 1671 1880; baseline 0 -14"><span class='ocrx_word' id='word_1_208' title='bbox 313 1824 473 1880; x_wconf 86' lang='lat' dir='ltr'>Scipio,</span> <span class='ocrx_word' id='word_1_209' title='bbox 511 1828 622 1880; x_wconf 88' lang='lat' dir='ltr'>quod</span> <span class='ocrx_word' id='word_1_210' title='bbox 654 1828 818 1868; x_wconf 87' lang='lat' dir='ltr'>relictus</span> <span class='ocrx_word' id='word_1_211' title='bbox 850 1827 892 1867; x_wconf 90' lang='lat' dir='ltr'>in</span> <span class='ocrx_word' id='word_1_212' title='bbox 925 1825 1061 1868; x_wconf 84' lang='lat' dir='ltr'>Gallia</span> <span class='ocrx_word' id='word_1_213' title='bbox 1094 1827 1240 1868; x_wconf 74' lang='lat' dir='ltr'>obvius</span> <span class='ocrx_word' id='word_1_214' title='bbox 1272 1827 1406 1868; x_wconf 86' lang='lat' dir='ltr'>fuerat</span> <span class='ocrx_word' id='word_1_215' title='bbox 1436 1827 1477 1867; x_wconf 91' lang='lat' dir='ltr'>in</span> <span class='ocrx_word' id='word_1_216' title='bbox 1508 1827 1671 1868; x_wconf 86' lang='lat' dir='ltr'>Italiam</span> 
     </span>
     <span class='ocr_line' id='line_1_31' title="bbox 311 1887 1673 1943; baseline 0 -15"><span class='ocrx_word' id='word_1_217' title='bbox 311 1895 568 1942; x_wconf 87' lang='lat' dir='ltr'>transgresso</span> <span class='ocrx_word' id='word_1_218' title='bbox 594 1888 841 1938; x_wconf 85' lang='lat' dir='ltr'>Hannibali,</span> <span class='ocrx_word' id='word_1_219' title='bbox 879 1887 1130 1943; x_wconf 83' lang='lat' dir='ltr'>[Hannibal]</span> <span class='ocrx_word' id='word_1_220' title='bbox 1164 1896 1203 1929; x_wconf 82' lang='lat' dir='ltr'>et</span> <span class='ocrx_word' id='word_1_221' title='bbox 1237 1896 1386 1930; x_wconf 87' lang='lat' dir='ltr'>conatu</span> <span class='ocrx_word' id='word_1_222' title='bbox 1417 1895 1501 1930; x_wconf 87' lang='lat' dir='ltr'>tam</span> <span class='ocrx_word' id='word_1_223' title='bbox 1527 1889 1673 1930; x_wconf 87' lang='lat' dir='ltr'>audaci</span> 
     </span>
     <span class='ocr_line' id='line_1_32' title="bbox 310 1950 1080 2005; baseline 0 -15"><span class='ocrx_word' id='word_1_224' title='bbox 310 1950 627 1990; x_wconf 82' lang='lat' dir='ltr'>traiciendarum</span> <span class='ocrx_word' id='word_1_225' title='bbox 651 1950 824 2005; x_wconf 80' lang='lat' dir='ltr'>Alpium</span> <span class='ocrx_word' id='word_1_226' title='bbox 852 1958 891 1991; x_wconf 88' lang='lat' dir='ltr'>et</span> <span class='ocrx_word' id='word_1_227' title='bbox 918 1951 1080 1991; x_wconf 85' lang='lat' dir='ltr'>effectu.</span> 
     </span>
    </p>

    <p class='ocr_par' dir='ltr' id='par_1_7' title="bbox 309 2009 1672 2189">
     <span class='ocr_line' id='line_1_33' title="bbox 397 2009 1672 2067; baseline 0 -15"><span class='ocrx_word' id='word_1_228' title='bbox 397 2009 633 2066; x_wconf 81' lang='lat' dir='ltr'>Occupavit</span> <span class='ocrx_word' id='word_1_229' title='bbox 664 2019 800 2053; x_wconf 90' lang='lat' dir='ltr'>tamen</span> <span class='ocrx_word' id='word_1_230' title='bbox 829 2011 969 2067; x_wconf 87' lang='lat' dir='ltr'>Scipio</span> <span class='ocrx_word' id='word_1_231' title='bbox 995 2012 1157 2053; x_wconf 89' lang='lat' dir='ltr'>Padum</span> <span class='ocrx_word' id='word_1_232' title='bbox 1189 2012 1376 2061; x_wconf 91' lang='lat' dir='ltr'>traicere,</span> <span class='ocrx_word' id='word_1_233' title='bbox 1414 2018 1452 2053; x_wconf 90' lang='lat' dir='ltr'>et</span> <span class='ocrx_word' id='word_1_234' title='bbox 1484 2012 1537 2052; x_wconf 87' lang='lat' dir='ltr'>ad</span> <span class='ocrx_word' id='word_1_235' title='bbox 1562 2011 1672 2052; x_wconf 84' lang='lat' dir='ltr'>Tici-</span> 
     </span>
     <span class='ocr_line' id='line_1_34' title="bbox 309 2073 1669 2128; baseline 0 -15"><span class='ocrx_word' id='word_1_236' title='bbox 309 2088 408 2113; x_wconf 86' lang='lat' dir='ltr'>num</span> <span class='ocrx_word' id='word_1_237' title='bbox 440 2089 604 2114; x_wconf 87' lang='lat' dir='ltr'>amnem</span> <span class='ocrx_word' id='word_1_238' title='bbox 629 2075 749 2115; x_wconf 91' lang='lat' dir='ltr'>motis</span> <span class='ocrx_word' id='word_1_239' title='bbox 777 2075 942 2123; x_wconf 88' lang='lat' dir='ltr'>castris,</span> <span class='ocrx_word' id='word_1_240' title='bbox 975 2075 1217 2128; x_wconf 86' lang='lat' dir='ltr'>priusquam</span> <span class='ocrx_word' id='word_1_241' title='bbox 1242 2073 1434 2115; x_wconf 85' lang='lat' dir='ltr'>educeret</span> <span class='ocrx_word' id='word_1_242' title='bbox 1459 2074 1501 2114; x_wconf 91' lang='lat' dir='ltr'>in</span> <span class='ocrx_word' id='word_1_243' title='bbox 1526 2073 1669 2122; x_wconf 86' lang='lat' dir='ltr'>aciem,</span> 
     </span>
     <span class='ocr_line' id='line_1_35' title="bbox 310 2136 1670 2189; baseline -0.001 -12"><span class='ocrx_word' id='word_1_244' title='bbox 310 2136 658 2183; x_wconf 87' lang='lat' dir='ltr'>adhortandorum</span> <span class='ocrx_word' id='word_1_245' title='bbox 679 2137 853 2177; x_wconf 90' lang='lat' dir='ltr'>militum</span> <span class='ocrx_word' id='word_1_246' title='bbox 875 2151 1000 2178; x_wconf 87' lang='lat' dir='ltr'>causa</span> <span class='ocrx_word' id='word_1_247' title='bbox 1020 2136 1143 2189; x_wconf 85' lang='lat' dir='ltr'>talem</span> <span class='ocrx_word' id='word_1_248' title='bbox 1164 2136 1389 2177; x_wconf 87' lang='lat' dir='ltr'>orationem</span> <span class='ocrx_word' id='word_1_249' title='bbox 1403 2142 1466 2176; x_wconf 86' lang='lat' dir='ltr'>est</span> <span class='ocrx_word' id='word_1_250' title='bbox 1479 2150 1670 2177; x_wconf 82' lang='lat' dir='ltr'>exorsus:</span> 
     </span>
    </p>

    <p class='ocr_par' dir='ltr' id='par_1_8' title="bbox 309 2197 1671 2750">
     <span class='ocr_line' id='line_1_36' title="bbox 393 2197 1669 2247; baseline 0 -9"><span class='ocrx_word' id='word_1_251' title='bbox 393 2197 600 2239; x_wconf 80' lang='lat' dir='ltr'>XXXX.</span> <span class='ocrx_word' id='word_1_252' title='bbox 663 2198 732 2240; x_wconf 87' lang='lat' dir='ltr'>‘Si</span> <span class='ocrx_word' id='word_1_253' title='bbox 765 2213 859 2239; x_wconf 91' lang='lat' dir='ltr'>eum</span> <span class='ocrx_word' id='word_1_254' title='bbox 892 2199 1135 2247; x_wconf 77' lang='lat' dir='ltr'>exercitum,</span> <span class='ocrx_word' id='word_1_255' title='bbox 1173 2198 1341 2246; x_wconf 86' lang='lat' dir='ltr'>milites,</span> <span class='ocrx_word' id='word_1_256' title='bbox 1381 2198 1597 2239; x_wconf 87' lang='lat' dir='ltr'>educerem</span> <span class='ocrx_word' id='word_1_257' title='bbox 1629 2198 1669 2238; x_wconf 91' lang='lat' dir='ltr'>in</span> 
     </span>
     <span class='ocr_line' id='line_1_37' title="bbox 309 2259 1670 2315; baseline 0.001 -16"><span class='ocrx_word' id='word_1_258' title='bbox 309 2260 458 2308; x_wconf 85' lang='lat' dir='ltr'>aciem,</span> <span class='ocrx_word' id='word_1_259' title='bbox 485 2274 607 2313; x_wconf 88' lang='lat' dir='ltr'>quem</span> <span class='ocrx_word' id='word_1_260' title='bbox 633 2261 675 2301; x_wconf 90' lang='lat' dir='ltr'>in</span> <span class='ocrx_word' id='word_1_261' title='bbox 697 2259 834 2302; x_wconf 77' lang='lat' dir='ltr'>Gallia</span> <span class='ocrx_word' id='word_1_262' title='bbox 854 2276 1015 2302; x_wconf 89' lang='lat' dir='ltr'>mecum</span> <span class='ocrx_word' id='word_1_263' title='bbox 1035 2260 1179 2309; x_wconf 89' lang='lat' dir='ltr'>habui,</span> <span class='ocrx_word' id='word_1_264' title='bbox 1208 2260 1533 2315; x_wconf 88' lang='lat' dir='ltr'>supersedissem</span> <span class='ocrx_word' id='word_1_265' title='bbox 1557 2260 1670 2313; x_wconf 89' lang='lat' dir='ltr'>loqui</span> 
     </span>
     <span class='ocr_line' id='line_1_38' title="bbox 310 2321 1668 2376; baseline 0 -14"><span class='ocrx_word' id='word_1_266' title='bbox 310 2322 420 2376; x_wconf 89' lang='lat' dir='ltr'>apud</span> <span class='ocrx_word' id='word_1_267' title='bbox 449 2337 543 2362; x_wconf 71' lang='lat' dir='ltr'>vos:</span> <span class='ocrx_word' id='word_1_268' title='bbox 581 2322 681 2375; x_wconf 91' lang='lat' dir='ltr'>quid</span> <span class='ocrx_word' id='word_1_269' title='bbox 711 2323 818 2363; x_wconf 91' lang='lat' dir='ltr'>enim</span> <span class='ocrx_word' id='word_1_270' title='bbox 850 2322 1058 2364; x_wconf 87' lang='lat' dir='ltr'>adhortari</span> <span class='ocrx_word' id='word_1_271' title='bbox 1088 2323 1257 2363; x_wconf 88' lang='lat' dir='ltr'>referret</span> <span class='ocrx_word' id='word_1_272' title='bbox 1289 2329 1359 2362; x_wconf 88' lang='lat' dir='ltr'>aut</span> <span class='ocrx_word' id='word_1_273' title='bbox 1390 2336 1460 2363; x_wconf 94' lang='lat' dir='ltr'>eos</span> <span class='ocrx_word' id='word_1_274' title='bbox 1498 2321 1668 2375; x_wconf 86' lang='lat' dir='ltr'>equites,</span> 
     </span>
     <span class='ocr_line' id='line_1_39' title="bbox 310 2383 1671 2440; baseline 0 -16"><span class='ocrx_word' id='word_1_275' title='bbox 310 2385 380 2437; x_wconf 91' lang='lat' dir='ltr'>qui</span> <span class='ocrx_word' id='word_1_276' title='bbox 413 2384 637 2437; x_wconf 86' lang='lat' dir='ltr'>equitatum</span> <span class='ocrx_word' id='word_1_277' title='bbox 668 2384 848 2426; x_wconf 89' lang='lat' dir='ltr'>hostium</span> <span class='ocrx_word' id='word_1_278' title='bbox 879 2385 931 2425; x_wconf 88' lang='lat' dir='ltr'>ad</span> <span class='ocrx_word' id='word_1_279' title='bbox 955 2385 1206 2426; x_wconf 86' lang='lat' dir='ltr'>Rhodanum</span> <span class='ocrx_word' id='word_1_280' title='bbox 1235 2385 1390 2425; x_wconf 84' lang='lat' dir='ltr'>flumen</span> <span class='ocrx_word' id='word_1_281' title='bbox 1421 2384 1586 2440; x_wconf 82' lang='lat' dir='ltr'>egregie</span> <span class='ocrx_word' id='word_1_282' title='bbox 1610 2383 1671 2424; x_wconf 73' lang='lat' dir='ltr'>vi-</span> 
     </span>
     <span class='ocr_line' id='line_1_40' title="bbox 311 2445 1669 2502; baseline -0.001 -16"><span class='ocrx_word' id='word_1_283' title='bbox 311 2447 481 2495; x_wconf 87' lang='lat' dir='ltr'>cissent,</span> <span class='ocrx_word' id='word_1_284' title='bbox 519 2455 588 2487; x_wconf 89' lang='lat' dir='ltr'>aut</span> <span class='ocrx_word' id='word_1_285' title='bbox 625 2461 694 2487; x_wconf 88' lang='lat' dir='ltr'>eas</span> <span class='ocrx_word' id='word_1_286' title='bbox 732 2447 936 2502; x_wconf 79' lang='lat' dir='ltr'>legiones,</span> <span class='ocrx_word' id='word_1_287' title='bbox 980 2461 1073 2487; x_wconf 91' lang='lat' dir='ltr'>cum</span> <span class='ocrx_word' id='word_1_288' title='bbox 1110 2446 1260 2500; x_wconf 89' lang='lat' dir='ltr'>quibus</span> <span class='ocrx_word' id='word_1_289' title='bbox 1296 2446 1524 2501; x_wconf 89' lang='lat' dir='ltr'>fugientem</span> <span class='ocrx_word' id='word_1_290' title='bbox 1561 2445 1669 2486; x_wconf 90' lang='lat' dir='ltr'>hunc</span> 
     </span>
     <span class='ocr_line' id='line_1_41' title="bbox 310 2478 1670 2561; baseline 0 -14"><span class='ocrx_word' id='word_1_291' title='bbox 310 2508 446 2561; x_wconf 86' lang='lat' dir='ltr'>ipsum</span> <span class='ocrx_word' id='word_1_292' title='bbox 470 2478 632 2549; x_wconf 76' lang='lat' dir='ltr'>liostem</span> <span class='ocrx_word' id='word_1_293' title='bbox 659 2516 824 2549; x_wconf 86' lang='lat' dir='ltr'>secutus</span> <span class='ocrx_word' id='word_1_294' title='bbox 847 2509 1151 2550; x_wconf 88' lang='lat' dir='ltr'>confessionem</span> <span class='ocrx_word' id='word_1_295' title='bbox 1170 2482 1370 2549; x_wconf 54' lang='lat' dir='ltr'>cedentiso</span> <span class='ocrx_word' id='word_1_296' title='bbox 1374 2522 1421 2549; x_wconf 86' lang='lat' dir='ltr'>ac</span> <span class='ocrx_word' id='word_1_297' title='bbox 1441 2508 1670 2548; x_wconf 86' lang='lat' dir='ltr'>detractan-</span> 
     </span>
     <span class='ocr_line' id='line_1_42' title="bbox 312 2569 1667 2625; baseline -0.001 -16"><span class='ocrx_word' id='word_1_298' title='bbox 312 2570 362 2610; x_wconf 88' lang='lat' dir='ltr'>tis</span> <span class='ocrx_word' id='word_1_299' title='bbox 389 2578 593 2611; x_wconf 88' lang='lat' dir='ltr'>certamen</span> <span class='ocrx_word' id='word_1_300' title='bbox 618 2585 691 2625; x_wconf 86' lang='lat' dir='ltr'>pro</span> <span class='ocrx_word' id='word_1_301' title='bbox 717 2571 887 2612; x_wconf 69' lang='lat' dir='ltr'>xictoria</span> <span class='ocrx_word' id='word_1_302' title='bbox 910 2570 1060 2612; x_wconf 85' lang='lat' dir='ltr'>habui?</span> <span class='ocrx_word' id='word_1_303' title='bbox 1096 2586 1224 2620; x_wconf 86' lang='lat' dir='ltr'>nunc,</span> <span class='ocrx_word' id='word_1_304' title='bbox 1250 2570 1347 2624; x_wconf 86' lang='lat' dir='ltr'>quia</span> <span class='ocrx_word' id='word_1_305' title='bbox 1365 2570 1432 2610; x_wconf 89' lang='lat' dir='ltr'>ille</span> <span class='ocrx_word' id='word_1_306' title='bbox 1452 2569 1667 2617; x_wconf 82' lang='lat' dir='ltr'>exereitus,</span> 
     </span>
     <span class='ocr_line' id='line_1_43' title="bbox 311 2630 1667 2687; baseline -0.001 -16"><span class='ocrx_word' id='word_1_307' title='bbox 311 2631 540 2685; x_wconf 87' lang='lat' dir='ltr'>Hispaniae</span> <span class='ocrx_word' id='word_1_308' title='bbox 566 2647 665 2686; x_wconf 66' lang='lat' dir='ltr'>prox</span> <span class='ocrx_word' id='word_1_309' title='bbox 670 2632 800 2673; x_wconf 88' lang='lat' dir='ltr'>inciae</span> <span class='ocrx_word' id='word_1_310' title='bbox 822 2633 1017 2687; x_wconf 88' lang='lat' dir='ltr'>scriptus,</span> <span class='ocrx_word' id='word_1_311' title='bbox 1044 2633 1100 2674; x_wconf 90' lang='lat' dir='ltr'>ibi</span> <span class='ocrx_word' id='word_1_312' title='bbox 1121 2648 1215 2674; x_wconf 89' lang='lat' dir='ltr'>cum</span> <span class='ocrx_word' id='word_1_313' title='bbox 1234 2633 1358 2673; x_wconf 86' lang='lat' dir='ltr'>fratre</span> <span class='ocrx_word' id='word_1_314' title='bbox 1381 2631 1458 2673; x_wconf 87' lang='lat' dir='ltr'>Cn.</span> <span class='ocrx_word' id='word_1_315' title='bbox 1476 2630 1667 2685; x_wconf 87' lang='lat' dir='ltr'>Scipione</span> 
     </span>
     <span class='ocr_line' id='line_1_44' title="bbox 317 2692 1666 2750; baseline -0.001 -18"><span class='ocrx_word' id='word_1_316' title='bbox 317 2693 418 2733; x_wconf 90' lang='lat' dir='ltr'>meis</span> <span class='ocrx_word' id='word_1_317' title='bbox 445 2695 637 2748; x_wconf 89' lang='lat' dir='ltr'>auspiciis</span> <span class='ocrx_word' id='word_1_318' title='bbox 664 2709 749 2735; x_wconf 88' lang='lat' dir='ltr'>rem</span> <span class='ocrx_word' id='word_1_319' title='bbox 769 2696 893 2750; x_wconf 85' lang='lat' dir='ltr'>gerit,</span> <span class='ocrx_word' id='word_1_320' title='bbox 920 2695 991 2736; x_wconf 87' lang='lat' dir='ltr'>ubi</span> <span class='ocrx_word' id='word_1_321' title='bbox 1011 2710 1103 2736; x_wconf 91' lang='lat' dir='ltr'>eum</span> <span class='ocrx_word' id='word_1_322' title='bbox 1123 2710 1265 2750; x_wconf 86' lang='lat' dir='ltr'>gerere</span> <span class='ocrx_word' id='word_1_323' title='bbox 1285 2701 1450 2736; x_wconf 83' lang='lat' dir='ltr'>senatus</span> <span class='ocrx_word' id='word_1_324' title='bbox 1472 2692 1666 2747; x_wconf 87' lang='lat' dir='ltr'>populus-</span> 
     </span>
    </p>
   </div>
  </div>
 </body>
</html>
