1815 3184
360 253 442 294 370
650 258 800 292 LIBER
823 257 986 301 XXVII,
1011 257 1065 291 39.
1083 258 1139 291 40.
1166 260 1214 300 [a.
1227 268 1263 292 u.
1279 269 1308 292 c.
1321 257 1402 304 547]

360 361 554 403 transitus
575 361 662 401 eius
688 368 801 402 tanto
827 375 900 415 spe
927 375 1001 401 sua
1025 360 1262 402 celeriorem
1285 360 1367 401 iam
1390 368 1624 403 moventem
1648 378 1700 404 ex

296 441 334 469 14
359 423 539 464 hibernis
560 422 828 471 continuerat,
855 422 1006 477 quippe
1025 429 1297 477 reputantem,
1323 437 1407 463 non
1426 423 1558 463 solum
1579 438 1701 477 quam

358 485 468 526 lenta
485 485 649 526 urbium
668 484 920 540 oppugnatio
939 491 1062 533 esset,
1089 492 1152 526 set
1170 484 1293 526 etiam
1312 498 1436 538 quam
1447 484 1536 540 ipse
1550 485 1702 527 frustra

359 548 532 588 eandem
561 547 674 587 illam
705 546 908 588 coloniam
938 547 989 587 ab
1015 547 1168 587 Trebia
1197 546 1327 588 victor
1355 561 1570 601 regressus
1600 554 1702 589 tem-

357 617 530 664 ptasset.

316 688 331 716 1
442 670 648 711 XXXX.
687 668 892 712 Consules
913 670 1086 711 diversis
1107 670 1319 712 itineribus
1339 671 1513 726 profecti
1532 671 1582 712 ab
1600 672 1702 712 urbe

358 733 470 774 velut
499 733 542 774 in
573 733 653 774 duo
683 733 836 788 pariter
865 733 976 774 bella
1005 733 1288 773 distenderant
1322 747 1440 774 curas
1477 733 1700 783 hominum,

360 796 481 837 simul
504 795 826 844 recordantium,
853 809 954 849 quas
973 795 1130 850 primus
1152 795 1353 836 adventus
1374 796 1622 837 Hannibalis
1641 796 1703 836 in-

316 874 333 902 ‘2
359 858 520 899 tulisset
544 857 689 898 Italiac
720 857 868 906 cladis,
901 857 1022 898 simul
1047 871 1140 898 cum
1163 857 1234 897 illa
1258 865 1429 912 angeret
1452 872 1568 907 cura,
1600 872 1702 911 quos

357 928 443 961 tam
476 920 676 975 propitios
711 919 804 960 urbi
840 926 961 972 atque
997 919 1167 974 imperio
1204 920 1292 961 fore
1328 919 1446 969 deos,
1484 927 1530 960 ut
1559 920 1703 961 eodem

357 990 542 1037 tempore
567 981 785 1034 utrubique
810 996 876 1022 res
901 981 1068 1036 publica
1084 996 1281 1036 prospere
1301 982 1535 1036 gereretur?
1571 981 1705 1022 adhuc

360 1045 535 1085 adversa
565 1044 756 1084 secundis
786 1044 1000 1098 pensando
1031 1058 1118 1084 rem
1149 1045 1202 1084 ad
1225 1044 1268 1084 id
1292 1052 1453 1098 tempus
1480 1050 1704 1084 extractam

315 1122 333 1151 3
359 1121 470 1147 esse:
519 1120 613 1146 cum
641 1106 683 1146 in
707 1105 829 1146 Italia
854 1106 906 1146 ad
930 1106 1263 1146 Trasumennum
1289 1114 1330 1147 et
1355 1105 1522 1147 Cannas
1546 1105 1705 1160 pracci-

358 1168 532 1223 pitasset
566 1168 757 1209 Romana
791 1183 877 1217 res,
919 1182 1117 1222 prospera
1151 1168 1260 1208 bella
1294 1168 1336 1208 in
1370 1168 1576 1222 Hispania
1610 1182 1705 1222 pro-

314 1246 334 1274 4
357 1230 519 1284 lapsam
544 1244 636 1270 cam
660 1229 861 1278 erexisse;
886 1236 1050 1284 postea,
1078 1244 1171 1270 cum
1190 1229 1233 1270 in
1251 1229 1459 1284 Hispania
1478 1229 1557 1270 alia
1582 1244 1705 1284 super

360 1292 483 1332 aliam
512 1292 650 1333 clades
682 1292 842 1332 duobus
868 1291 1046 1346 egregiis
1072 1292 1245 1332 ducibus
1271 1292 1434 1332 amissis
1460 1292 1563 1332 duos
1589 1307 1705 1333 exer-

359 1355 463 1395 citus
489 1369 541 1395 ex
563 1362 679 1409 parte
705 1354 901 1403 delesset,
926 1354 1056 1394 multa
1080 1354 1262 1395 secunda
1280 1354 1323 1394 in
1340 1354 1463 1394 Italia
1483 1354 1705 1407 Siciliaque

316 1431 334 1460 5
359 1424 478 1472 gesta
503 1424 740 1470 quassatam
763 1431 852 1457 rem
874 1416 1083 1470 publicam
1109 1415 1322 1470 excepisse
1330 1432 1340 1464 ;
1368 1423 1408 1456 et
1425 1415 1561 1470 ipsum
1581 1416 1706 1457 inter-

361 1478 512 1519 vallum
535 1478 615 1519 loci
640 1479 749 1531 quod
772 1479 815 1518 in
838 1478 993 1518 ultimis
1023 1485 1224 1518 terrarum
1249 1477 1329 1518 oris
1357 1477 1529 1518 alterum
1553 1477 1707 1518 bellum

316 1555 334 1584 6
359 1548 580 1595 gereretur,
619 1539 796 1594 spatium
832 1540 997 1581 dedisse
1034 1540 1087 1580 ad
1127 1539 1432 1595 rcspirandum3
1481 1553 1590 1582 nunc
1625 1540 1705 1582 duo

359 1602 468 1643 bella
496 1602 538 1642 in
561 1602 725 1642 Italiam
756 1609 942 1657 accepta,
981 1601 1061 1643 duo
1093 1601 1348 1642 celeberrimi
1377 1601 1553 1643 nominis
1580 1601 1704 1643 duces

359 1664 622 1705 circumstare
653 1664 800 1704 urbem
829 1664 1063 1705 Romanam
1094 1671 1134 1705 et
1165 1679 1293 1705 unum
1327 1664 1370 1704 in
1405 1664 1542 1705 locum
1578 1670 1706 1705 totam

358 1726 527 1780 periculi
551 1726 722 1776 molem,
749 1741 869 1767 omne
896 1741 999 1767 onus
1025 1726 1276 1767 incubuisse.
1336 1726 1406 1779 qui
1431 1741 1571 1767 eorum
1595 1726 1706 1781 prior

358 1789 543 1838 vicisset,
581 1789 688 1830 intra
715 1802 870 1844 paucos
903 1788 990 1829 dies
1023 1796 1159 1830 castra
1189 1803 1282 1829 cum
1308 1789 1435 1830 altero
1459 1789 1704 1830 iuncturum.

317 1867 332 1895 7
360 1852 538 1892 terrebat
574 1858 614 1892 ct
648 1851 860 1906 proximus
899 1865 1029 1892 annus
1065 1851 1251 1906 lugubris
1290 1850 1462 1892 duorum
1493 1850 1704 1892 consulem

360 1913 587 1954 funeribus.

443 1975 524 2015 His
568 1975 678 2016 anxii
721 1975 828 2015 curis
866 1974 1053 2016 homines
1091 1974 1357 2030 digredientis
1395 1974 1437 2015 in
1471 1974 1704 2029 provincias

316 2050 334 2080 8
361 2037 550 2078 consules
586 2037 795 2092 prosecuti
832 2044 939 2078 sunt.
999 2037 1221 2078 memoriae
1255 2036 1502 2092 proditumst
1536 2036 1702 2091 plenum

361 2099 495 2140 adhuc
524 2100 608 2141 irae
639 2100 681 2141 in
712 2099 812 2141 civis
838 2099 900 2140 Μ.
925 2099 1095 2141 Livium
1125 2100 1178 2140 ad
1200 2099 1354 2140 bellum
1377 2098 1704 2153 proficiscentem

359 2161 541 2202 monenti
562 2161 615 2213 Q.
628 2162 778 2211 Fabio,
804 2177 856 2203 ne
875 2161 1115 2217 priusquam
1133 2176 1263 2216 genus
1284 2160 1465 2202 hostium
1485 2168 1706 2215 cognosset

359 2230 513 2265 temere
532 2239 657 2264 manu
677 2231 922 2274 consereret,
943 2223 1221 2279 respondisse,
1246 2222 1318 2271 ubi
1335 2223 1513 2278 primum
1526 2221 1705 2263 hostium

318 2300 334 2329 9
362 2301 510 2341 agmen
531 2286 828 2341 conspexisset,
852 2293 1145 2341 pugnaturum.
1186 2300 1278 2326 cum
1298 2292 1574 2338 quaereretur,
1601 2298 1704 2337 quae

362 2363 487 2390 causa
516 2349 740 2390 festinandi
770 2356 898 2398 esset,
936 2352 1024 2389 ‘aut
1054 2363 1106 2390 ex
1134 2348 1253 2390 hoste
1278 2347 1488 2403 egregiam
1512 2345 1703 2402 gloriam'

360 2411 492 2464 inquit
518 2414 607 2452 ‘aut
631 2426 683 2452 ex
708 2411 865 2452 civibus
891 2410 1009 2452 victis
1034 2410 1232 2466 gaudium
1255 2409 1447 2451 meritum
1471 2415 1601 2458 certe,
1627 2407 1705 2449 etsi

361 2488 444 2514 non
468 2472 708 2523 honestum,
735 2473 920 2528 capiam.’

298 2547 338 2577 10
443 2535 694 2588 Priusquam
730 2534 930 2576 Claudius
973 2535 1115 2577 consu]
1156 2535 1199 2575 in
1240 2534 1494 2590 provinciam
1534 2532 1702 2581 veniret,

362 2610 435 2650 per
465 2606 693 2638 extremum
722 2598 847 2638 finem
876 2598 964 2653 agri
987 2597 1198 2639 Larinatis
1229 2598 1446 2638 ducentem
1475 2596 1518 2636 in
1543 2594 1703 2636 Sallen-

364 2657 469 2698 tinos
495 2659 719 2700 exercitum
743 2659 1023 2700 Hannibalem
1048 2659 1249 2714 expeditis
1275 2659 1510 2700 cohortibus
1537 2657 1702 2698 adortus

366 2717 415 2759 C.
446 2720 651 2761 Hostilius
682 2721 871 2762 Tubulus
902 2721 1174 2776 incomposito
1205 2720 1358 2775 agmini
1389 2718 1609 2761 terribilem
1638 2723 1703 2756 tu-
