1815 3184
487 233 643 268 LIBER
667 233 853 277 xxviii,
879 232 933 267 15.
958 233 1008 266 16.
1035 235 1083 276 [a.
1099 231 1138 267 6.
1153 232 1235 276 206]
1449 223 1530 264 401

184 337 472 379 cunctantibus
497 337 538 377 in
565 337 785 377 adversum
810 336 956 378 collem
982 335 1139 391 erigere
1165 335 1295 376 aciem
1313 335 1513 377 Romanis
1521 352 1532 385 3

184 400 351 448 deinde,
387 408 434 439 ut
456 398 598 439 inferri
622 398 783 452 inpigre
809 398 929 452 signa
960 398 1167 446 viderunt,
1205 397 1410 452 integrata
1434 398 1536 452 fuga

182 461 224 500 in
250 469 385 501 castra
408 459 548 515 pavidi
573 460 886 514 compelluntur.
928 474 1005 500 nec
1029 459 1172 514 procul
1198 459 1304 500 vallo
1317 460 1533 500 Romanus
1561 473 1597 502 11

183 524 342 571 aberat,
369 522 657 577 cepissentque
684 529 796 562 tanto
822 521 979 576 impetu
1005 528 1158 570 castra,
1196 521 1237 560 ni
1264 535 1307 561 se
1334 535 1384 561 ex
1411 520 1535 561 vehe-

181 584 309 624 menti
345 585 457 633 sole,
506 583 638 636 qualis
679 583 785 624 inter
825 583 964 637 gravis
1006 583 1137 623 imbre
1173 583 1305 623 nubes
1348 583 1533 637 effulget,

181 654 297 686 tanta
320 646 382 687 vis
409 660 539 699 aquae
565 645 801 694 deiecisset,
827 652 872 685 ut
896 645 966 685 vix
990 645 1032 684 in
1057 652 1193 685 castra
1212 660 1287 685 sua
1304 644 1535 699 receperint

183 722 227 747 se
253 707 447 756 victores,
487 707 688 760 quosdam
719 706 843 746 etiam
871 706 1017 760 religio
1043 706 1197 760 ceperit
1219 706 1389 746 ulterius
1423 705 1535 759 quic-

181 783 306 821 quam
331 784 379 810 eo
407 769 472 809 die
493 768 681 809 conandi.
721 766 1103 822 Carthaginienses,
1130 782 1379 820 quamquam
1398 768 1533 808 fessos
1563 779 1601 808 12

180 829 320 871 labore
341 844 388 870 ac
407 829 644 870 vulneribus
665 844 748 870 nox
766 829 977 882 imberque
994 829 1046 869 ad
1064 829 1342 869 necessariam
1356 829 1536 882 quietem

181 892 375 940 vocabat,
413 900 570 940 tamen,
607 891 706 943 quia
734 899 868 930 metus
902 897 943 930 et
972 889 1201 944 periculum
1231 890 1422 931 cessandi
1452 905 1534 931 non
1562 903 1602 932 13

181 953 306 993 dabat
338 961 518 1007 tempus,
555 953 688 1007 prima
717 952 808 992 luce
839 952 1139 1006 oppugnaturis
1165 952 1354 993 hostibus
1387 963 1534 1002 castra,

181 1014 292 1055 saxis
318 1015 499 1066 undique
531 1014 640 1053 circa
669 1028 722 1053 ex
751 1013 991 1067 propinquis
1025 1013 1200 1054 vallibus
1227 1015 1435 1068 congestis
1462 1030 1534 1055 au-

179 1083 279 1129 gent
314 1076 485 1123 vallum,
523 1074 777 1114 munimento
816 1089 926 1122 sese,
965 1074 1130 1126 quando
1161 1075 1204 1114 in
1234 1075 1357 1116 armis
1387 1091 1534 1129 parum

178 1136 359 1190 praesidi
383 1137 506 1184 foret,
539 1136 764 1176 defensuri.
823 1136 897 1176 sed
923 1136 1109 1176 transitio
1136 1136 1341 1177 sociorum
1366 1137 1467 1191 fuga
1491 1146 1535 1177 ut
1563 1150 1602 1179 14

178 1197 302 1238 tutior
338 1212 453 1238 mora
488 1197 715 1246 videretur,
753 1197 862 1238 fecit.
922 1197 1170 1252 principium
1209 1198 1451 1239 defectionis
1483 1199 1534 1238 ab

177 1260 332 1300 Attene
357 1260 501 1314 regulo
527 1259 861 1300 Turdetanorum
892 1259 1046 1299 factum
1077 1266 1158 1300 est:
1196 1259 1231 1300 is
1258 1274 1352 1300 611111
1382 1275 1535 1315 magna
1563 1275 1601 1302 123

176 1321 439 1376 popularium
474 1336 599 1362 manu
637 1321 884 1376 transfugit3
932 1321 1028 1361 inde
1066 1321 1147 1362 duo
1188 1321 1347 1362 munita
1383 1322 1536 1376 oppida

178 1397 271 1423 cum
294 1383 510 1437 praesidiis
537 1383 686 1424 tradita
712 1399 735 1424 a
759 1383 980 1437 praefectis
1005 1383 1210 1424 Romano.
1271 1391 1312 1424 et
1335 1398 1386 1424 ne
1412 1383 1534 1424 latius
1563 1397 1602 1426 16

177 1445 381 1485 inclinatis
415 1445 542 1486 semel
574 1446 626 1486 ad
656 1445 931 1486 defectionem
962 1445 1108 1486 animis
1143 1452 1326 1500 serperet
1356 1461 1441 1495 res,
1481 1445 1534 1486 si—

177 1506 302 1547 lentio
328 1506 540 1560 proximae
566 1507 697 1547 noctis
725 1507 967 1547 Hasdrubal
993 1515 1129 1547 castra
1152 1516 1304 1548 movet.

262 1568 388 1610 XVI.
451 1568 610 1623 Scipio,
642 1576 688 1608 ut
712 1569 844 1622 prima
868 1569 959 1609 luce
985 1569 1055 1622 qui
1078 1569 1121 1609 in
1147 1570 1390 1610 stationibus
1418 1578 1534 1610 erant
1563 1584 1575 1612 1

176 1630 422 1670 rettulerunt
463 1631 672 1685 profectos
711 1630 865 1679 hostis,
914 1630 1143 1685 praemisso
1188 1631 1372 1683 equitatu
1414 1631 1535 1686 signa

177 1691 275 1731 ferri
304 1691 436 1740 iubet3
475 1692 660 1744 adeoque
692 1692 815 1732 citato
848 1691 1011 1746 agmine
1043 1692 1154 1732 ducti
1187 1699 1300 1740 sunt,
1337 1699 1382 1732 ut
1408 1692 1442 1732 si
1468 1692 1534 1732 via
1560 1706 1578 1734 2

176 1761 289 1794 recta
324 1753 501 1807 vestigia
538 1762 756 1806 sequentes
793 1753 941 1802 issent,
992 1753 1103 1793 haud
1138 1753 1261 1794 dubie
1299 1754 1535 1794 adsecuturi

176 1814 340 1855 fuerint.
396 1815 569 1855 ducibus
596 1822 659 1855 est
684 1815 903 1864 creditum,
930 1815 1096 1855 brevius
1123 1815 1234 1855 aliud
1259 1830 1351 1856 esse
1376 1815 1453 1855 iter
1479 1816 1531 1855 ad

175 1876 340 1916 Baetim
364 1876 549 1925 fluvium,
576 1884 621 1916 ut.
641 1877 892 1917 transeuntis
915 1877 1250 1931 adgrederentur.
1289 1877 1532 1918 Hasdrubal
1558 1891 1576 1919 3

177 1939 316 1980 clauso
342 1939 516 1980 transitu
547 1938 726 1979 fluminis
758 1939 810 1979 ad
836 1938 1055 1980 Oceanum
1077 1939 1220 1988 flectit,
1259 1946 1300 1980 et
1329 1939 1411 1979 iam
1436 1939 1532 1980 inde

176 2001 423 2055 fugientium
458 2002 581 2042 modo
623 2001 745 2042 effusi
782 2001 962 2041 abibant.
1033 2000 1172 2053 itaque
1210 2001 1261 2041 ab
1297 2001 1531 2055 legionibus

175 2062 375 2103 Romanis
414 2064 669 2116 aliquantum
704 2062 909 2103 intervalli
939 2062 1054 2111 fecit,
1094 2077 1220 2115 eques
1250 2063 1436 2115 levisque
1469 2078 1532 2102 ar-
1557 2078 1577 2105 4

176 2132 336 2164 matura
359 2139 469 2165 nunc
494 2126 545 2165 ab
572 2132 688 2179 tergo
697 2156 707 2174 ,
745 2138 854 2164 nunc
886 2124 937 2164 ab
968 2124 1165 2165 lateribus
1192 2124 1444 2166 occurrendo
1471 2124 1532 2164 fa-

177 2186 335 2239 tigabat
358 2188 694 2240 morabaturque;
722 2187 796 2227 sed
820 2201 914 2226 cum
934 2187 986 2226 ad
1005 2187 1171 2227 crebros
1192 2187 1391 2227 tumultus
1414 2186 1533 2240 signa
1558 2201 1576 2230 5

177 2247 450 2288 consisterent
474 2256 515 2288 et
533 2263 641 2288 nunc
663 2248 882 2301 equestria,
908 2262 1017 2288 nunc
1036 2262 1130 2288 cum
1151 2248 1343 2288 velitibus
1364 2248 1532 2288 auxilis-

176 2324 255 2362 quc
279 2309 464 2363 peditum
488 2310 645 2364 proclia
670 2318 952 2358 consererent,
981 2318 1307 2365 supervenerunt
1331 2309 1530 2364 legiones.

174 2371 270 2412 inde
295 2387 379 2412 non
402 2372 484 2412 iam
510 2388 670 2427 pugna,
710 2374 784 2413 sed
815 2373 1032 2414 trucidatio
1065 2373 1177 2413 velut
1206 2387 1402 2428 pecorum
1426 2373 1527 2422 ficri,
1555 2387 1572 2416 6

175 2434 305 2474 1101166
330 2434 419 2488 ipse
446 2435 529 2474 dux
559 2435 683 2489 fugae
716 2444 856 2475 auctor
886 2435 927 2475 in
954 2434 1164 2489 proximos
1196 2435 1311 2475 collis
1337 2449 1431 2474 cum
1457 2450 1531 2475 sex

174 2495 339 2536 milibus
378 2496 507 2536 ferme
546 2497 809 2537 semermium
840 2497 990 2546 evasit3
1028 2497 1153 2537 ceteri
1184 2497 1294 2537 caesi
1325 2497 1528 2551 captique.

174 2566 310 2598 castra
339 2559 604 2599 tumultuaria
633 2560 782 2614 raptim
813 2560 946 2601 Poeni
976 2559 1133 2600 tumulo
1165 2559 1393 2600 editissimo
1419 2574 1530 2601 com-
1555 2573 1570 2601 7

173 2621 438 2661 muniverunt
474 2629 595 2674 atquc
632 2622 746 2671 inde,
795 2637 889 2662 cum
925 2621 1055 2662 hostis
1098 2621 1349 2675 nequiquam
1391 2621 1527 2663 subire

173 2682 314 2735 iniquo
341 2698 518 2724 ascensu
543 2691 714 2725 conatus
741 2692 869 2734 esset,
908 2684 1019 2725 haud
1044 2684 1264 2725 difficulter
1291 2699 1383 2725 sese
1408 2683 1527 2724 tutati

243 2749 305 2776 Livi
324 2750 377 2776 vol.
391 2748 427 2776 11.
1259 2750 1302 2782 26
