1815 3184
432 244 585 278 LIBER
610 242 737 286 xxn,
763 241 817 275 59.
838 242 891 275 60.
920 242 968 283 [a.
986 238 1119 282 0216]
1377 225 1456 265 109

106 350 214 391 110511
238 348 416 390 relicturi
442 347 542 388 sitis.
603 346 734 400 Pyrro
766 344 974 393 videlicet,
1013 342 1082 396 qui
1113 341 1225 395 (vos)
1251 339 1459 393 hospitum
1488 350 1526 378 11

106 427 276 453 numero
303 410 485 465 captivos
511 408 671 457 habuit,
699 423 749 448 an
775 406 948 448 barbaro
974 419 1021 445 ac
1041 404 1202 451 Poeno,
1229 402 1299 455 qui
1324 408 1459 441 utrum

107 474 266 515 avarior
291 488 343 513 an
369 471 570 512 crudelior
595 470 664 519 sit,
696 469 765 510 vix
791 467 1014 509 existimari
1039 466 1198 521 potest?
1230 465 1263 505 si
1289 463 1460 504 videatis
1492 474 1528 502 15

107 543 290 584 catenas,
319 534 570 587 squalorem,
599 531 899 572 deformitatem
926 529 1075 570 civium
1102 534 1348 574 vestrorum,
1380 539 1462 565 non

108 598 242 638 minus
270 596 453 650 profecto
481 609 554 635 vos
583 609 628 634 ea
657 593 814 648 species
840 598 1003 633 moveat
1034 605 1157 644 quam
1190 589 1225 630 si
1256 603 1307 629 ex
1337 587 1463 628 altera

108 667 221 714 parte
242 658 415 699 cernatis
437 663 583 697 stratas
601 654 890 697 Cannensibus
913 653 1068 707 campis
1087 652 1270 706 legiones
1290 656 1461 690 vestras.

109 721 256 763 intueri
280 719 450 774 potestis
478 718 792 759 sollicitudinem
818 723 857 757 et
882 716 1071 756 lacrimas
1098 715 1141 754 in
1164 712 1367 754 vestibulo
1393 725 1463 751 cu-
1492 722 1529 751 16

108 783 192 823 riae
236 782 430 823 stantium
474 786 739 834 cognatorum
782 785 1015 819 nostrorum
1058 774 1464 830 exspectantiumque

110 859 354 899 responsum
385 849 579 883 vestrum.
631 856 723 881 cum
749 841 776 881 ii
802 855 875 894 pro
900 840 1018 880 nobis
1044 852 1199 893 proque
1224 837 1273 877 iis
1299 836 1368 888 qui
1394 834 1465 874 ab-

111 914 205 947 sunt
229 907 285 946 ita
310 904 501 958 suspensi
526 918 573 944 ac
600 904 760 944 solliciti
793 903 889 950 sint,
923 916 1044 955 quem
1077 900 1251 940 censetis
1284 898 1465 939 animum

109 969 291 1023 ipsorum
319 981 428 1015 esse,
462 980 635 1018 quorum
660 965 701 1004 in
726 964 959 1004 discrimine
986 963 1069 1002 vita
1100 961 1348 1012 libertasque
1381 957 1466 998 est?

111 1037 172 1071 set
198 1030 250 1077 si,
283 1043 348 1068 1110
375 1028 466 1067 (11115
493 1027 633 1075 fidius,
665 1026 754 1079 ipse
779 1026 821 1065 in
847 1039 921 1065 nos
948 1024 1057 1063 mitis
1083 1022 1295 1063 Hannibal
1328 1026 1467 1060 contra
1496 1031 1531 1058 17

111 1099 298 1132 naturam
340 1104 456 1130 suam
493 1103 584 1129 esse
621 1088 734 1136 velit,
780 1087 879 1127 nihil
916 1093 1053 1126 tamen
1089 1084 1207 1125 nobis
1244 1084 1327 1123 vita
1364 1096 1466 1136 opus

111 1168 201 1194 esse
227 1166 488 1201 censeamus,
516 1166 609 1191 cum
634 1143 792 1204 indigni
818 1155 862 1189 ut
886 1148 1179 1188 redimeremur
1205 1162 1228 1186 a
1252 1145 1370 1186 robis
1390 1144 1468 1184 visi

111 1216 252 1256 simus.
311 1214 467 1254 rediere
504 1213 680 1254 Romam
718 1212 924 1265 quondam
960 1210 1122 1250 remissi
1159 1224 1182 1249 a
1211 1208 1343 1262 Pyrro
1381 1207 1466 1247 sinc
1497 1219 1535 1250 15

111 1277 240 1332 pretio
266 1277 391 1330 capti3
420 1275 492 1317 sed
516 1276 671 1316 redicre
697 1289 791 1315 cum
815 1273 982 1328 legatis,
1010 1270 1258 1326 primoribus
1279 1268 1467 1317 civitatis,

112 1339 164 1380 ad
188 1339 447 1379 redimendos
475 1352 565 1379 sese
595 1337 746 1378 missis.
806 1337 972 1377 redeam
1005 1349 1082 1389 ego
1113 1334 1154 1374 in
1184 1332 1358 1387 patriam
1391 1338 1470 1371 tre-

113 1401 240 1442 centis
265 1401 444 1441 nummis
470 1415 552 1440 non
577 1399 815 1440 aestimatus
838 1398 964 1439 civis?
1007 1411 1106 1437 suus
1128 1396 1273 1449 cuique
1294 1394 1467 1442 animus,
1499 1407 1535 1435 19

112 1474 247 1518 patres
275 1463 506 1516 conscripti.
557 1462 641 1503 scio
667 1462 708 1501 in
727 1461 961 1502 discrimine
982 1474 1072 1500 esse
1091 1459 1219 1499 vitam
1239 1471 1470 1511 corpusque

113 1540 268 1566 meum:
312 1525 444 1579 magis
482 1539 547 1564 mc
585 1523 719 1564 famae
755 1523 981 1578 periculum
1018 1526 1173 1570 movet,
1211 1534 1261 1560 ne
1299 1535 1322 1559 a
1352 1518 1470 1559 vobis

115 1587 296 1628 damnati
322 1601 369 1627 ac
393 1586 547 1640 repulsi
574 1585 784 1626 abeamus.
844 1599 977 1638 neque
1008 1583 1116 1624 enim
1147 1597 1220 1624 vos
1246 1582 1376 1636 pretio
1401 1594 1472 1634 pe,-

114 1649 292 1703 percisse
319 1648 505 1689 homines
533 1647 723 1688 credent.'

200 1710 300 1750 LX.
353 1710 439 1751 Ubi
463 1710 498 1751 is
523 1710 646 1750 finem
674 1709 789 1757 fecit,
816 1707 1021 1762 extemplo
1049 1706 1100 1748 ab
1127 1721 1176 1747 ea
1200 1705 1338 1753 turba,
1365 1718 1471 1758 quae
1500 1718 1511 1745 1

114 1773 154 1813 in
180 1772 345 1813 comitio
370 1778 473 1821 erat,
501 1772 654 1812 clamor
679 1770 825 1811 flebilis
853 1776 914 1810 cst
940 1769 1145 1818 sublatus,
1172 1781 1401 1821 manusque
1422 1766 1473 1807 ad

115 1835 269 1875 curiam
295 1834 518 1875 tendebant
543 1840 723 1883 orantes,
756 1840 800 1873 ut
827 1832 904 1873 sibi
929 1832 1098 1880 liberos,
1126 1831 1294 1878 fratres,
1323 1844 1474 1884 cogna-

115 1903 177 1937 tos
215 1896 441 1937 redderent.
501 1896 677 1936 feminas
716 1909 879 1948 quoque
916 1900 1049 1934 metus
1089 1908 1135 1934 ac
1171 1892 1396 1933 necessitas
1432 1891 1474 1930 in
1500 1902 1517 1931 2

115 1959 204 2000 foro
230 1958 372 1999 turbae
399 1959 578 1999 virorum
604 1958 879 1998 inmiscuerat.
942 1962 1107 1997 senatus
1141 1954 1342 1995 submotis
1369 1952 1476 1993 arbi-

117 2021 188 2060 tris
221 2020 378 2060 consuli
406 2027 611 2074 coeptus⁸⁴
652 2019 708 2059 ibi
735 2034 828 2059 cum
855 2018 1066 2058 sententiis
1093 2017 1319 2057 variaretur
1344 2020 1383 2054 ct
1408 2014 1475 2054 alii
1501 2026 1518 2055 3

118 2081 376 2122 redimendos
407 2082 456 2122 de
489 2081 670 2135 publico,
709 2081 777 2121 alii
809 2080 961 2119 nullam
988 2079 1150 2132 publice
1175 2078 1389 2131 inpensam
1415 2076 1476 2115 fa-

120 2143 305 2182 ciendam
340 2157 416 2183 1100
450 2143 727 2197 prohibendos
765 2156 816 2182 ex
852 2142 1010 2195 privato
1046 2140 1208 2188 redimi,
1254 2139 1287 2179 si
1325 2138 1474 2190 quibus
1500 2150 1520 2178 4

121 2211 336 2258 argentum
360 2204 402 2243 in
426 2205 658 2258 praesentia
683 2205 864 2251 deesset,
891 2202 1068 2242 dandam
1095 2216 1145 2241 ex
1173 2200 1327 2241 aerario
1353 2215 1476 2254 pecu-

122 2266 229 2305 niam
256 2272 440 2305 mutuam
466 2265 767 2319 praedibusque
794 2279 841 2305 ae
865 2263 1042 2318 praediis
1069 2262 1297 2303 cavendum
1323 2262 1476 2316 populo

122 2334 351 2376 censerent,
385 2335 470 2367 tum
503 2328 551 2367 T.
577 2327 761 2367 Manlius
794 2327 1047 2379 Torquatus,
1084 2324 1243 2378 priscae
1276 2338 1323 2364 ac
1354 2324 1475 2363 nimis
1503 2336 1521 2362 ι’)

122 2390 265 2438 durae,
293 2397 337 2429 ut
356 2390 560 2444 plerisque
586 2391 782 2439 rideatur,
812 2388 1058 2436 severitatis,
1085 2388 1358 2442 interrogatus
1385 2401 1476 2428 sen-

123 2452 287 2492 tentiam
314 2452 369 2492 ita
394 2452 553 2492 locutus
580 2451 725 2492 fer-tur:

209 2513 275 2554 ‘Si
312 2514 594 2554 tantummodo
629 2513 907 2568 postulassent
943 2512 1066 2567 legati
1102 2527 1175 2566 pro
1212 2511 1295 2559 1115,
1334 2510 1404 2564 qui
1435 2511 1514 2550 1116

123 2576 302 2616 hostium
328 2582 529 2630 potestate
556 2582 668 2625 sunt,
695 2581 738 2615 ut
757 2575 1062 2623 redimerentur,
1091 2574 1177 2614 51110
1198 2574 1319 2614 11111115
1345 2573 1477 2613 insec-

123 2638 273 2678 tatione
306 2652 446 2678 eorum
477 2637 591 2678 brevi
629 2637 872 2678 sententiam
908 2636 1173 2691 peregissem.
1234 2635 1332 2689 quid
1368 2635 1475 2675 0111111
1505 2649 1518 2675 ῖ

125 2698 235 2739 aliud
261 2714 383 2753 quam
405 2699 650 2741 admonendi
671 2699 834 2747 essetis,
862 2705 904 2739 ut
925 2713 1079 2739 morem
1100 2697 1292 2738 traditum
1312 2713 1334 2738 a
1352 2696 1477 2751 patri-
