1815 3184
484 231 637 264 LIBER
662 230 807 273 XXVI,
834 230 887 263 19.
906 230 961 263 20.
991 232 1038 273 [a.
1054 228 1091 263 e.
1105 228 1187 272 211]
1433 218 1515 259 287

164 334 384 376 concubitu
420 340 661 387 conceptum
698 339 737 374 et
777 333 818 372 in
861 331 1049 373 cubiculo
1085 331 1225 372 matris
1264 331 1350 371 eius
1386 331 1517 372 visam

164 411 360 451 persaepe
396 396 573 450 prodigii
609 396 695 435 cius
733 395 912 449 speciem
953 394 1263 447 interventuque
1306 393 1518 433 hominum

166 458 370 498 evolutam
396 465 561 511 repente
586 463 707 509 atque
733 471 784 496 ex
809 456 937 496 oculis
970 455 1163 509 elapsam.
1223 455 1286 495 his
1312 454 1518 495 miraculis
1545 468 1564 497 8

165 534 389 572 numquam
416 520 466 560 ab
492 520 583 573 ipso
609 519 724 559 elusa
747 518 849 558 fides
876 525 956 566 est,
994 518 1091 570 quin
1121 517 1257 571 potius
1289 523 1410 557 aucta
1434 524 1519 557 arte

165 582 342 634 quadam
379 596 454 622 nec
491 581 698 622 abnuendi
734 580 812 620 tale
850 580 1069 635 quicquam
1112 593 1187 619 nec
1227 579 1363 632 palam
1400 579 1521 619 adfir-

165 643 315 683 mandi.
376 643 504 683 multa
540 643 618 683 alia
649 642 831 682 eiusdem
862 642 1042 696 generis,
1080 641 1159 682 alia
1189 656 1304 691 vera,
1341 641 1420 681 alia
1450 641 1521 681 ad·
1547 654 1564 682 9

167 705 373 754 simulata,
412 704 690 745 admirationis
716 704 918 744 humanae
943 704 985 743 in
1010 718 1057 743 eo
1082 703 1229 744 iuvene
1260 710 1520 744 excesserant

166 767 360 816 modum3
404 766 553 819 quibus
590 766 695 806 freta
731 772 827 805 tunc
864 765 1005 805 civitas
1043 765 1164 805 aetati
1200 765 1519 818 haudquaquam

165 836 348 869 maturae
402 835 557 869 tantam
615 843 751 868 rerum
803 828 953 868 molem
1006 834 1245 881 tantumque
1303 828 1520 882 imperium

167 891 363 944 permisit.

250 951 321 991 Ad
346 966 414 992 eas
440 951 596 1005 copiaS,
635 965 738 1003 quas
764 964 815 990 ex
839 956 976 991 vetere
1009 950 1189 990 exercitu
1214 950 1421 1004 Hispania
1450 951 1522 991 ha-
1550 964 1588 992 10

166 1012 287 1053 bebat
312 1027 497 1065 quaeque
523 1028 547 1052 a
570 1012 754 1052 Puteolis
780 1025 873 1051 cum
907 1011 955 1051 C.
981 1010 1144 1051 Nerone
1175 1012 1366 1052 traiectae
1392 1019 1518 1060 erant,

165 1074 306 1113 decem
332 1073 444 1113 milia
468 1073 659 1122 militum,
686 1072 795 1112 mille
816 1072 974 1125 equites
994 1072 1218 1121 adduntur3
1245 1079 1284 1112 ct
1297 1072 1357 1112 M.
1374 1073 1519 1112 Iunius

166 1133 332 1175 Silanus
358 1141 596 1188 propraetor
620 1134 781 1175 adiutor
805 1134 857 1174 ad
881 1148 946 1174 res
971 1134 1173 1188 gerendas
1200 1133 1320 1174 datus
1347 1140 1420 1174 est.
1463 1134 1520 1175 ita
1549 1149 1585 1177 11

164 1210 257 1236 cum
281 1196 446 1250 triginta
469 1196 636 1236 navium
662 1196 793 1237 classe
818 1220 851 1224 —
875 1210 1017 1236 omnes
1043 1202 1181 1235 autem
1206 1195 1520 1248 quinqueremes

164 1263 278 1298 erant
302 1282 334 1286 ——
360 1258 474 1299 ostiis
519 1257 724 1298 Tiberinis
772 1256 980 1311 profectus
1028 1262 1189 1310 praeter
1235 1271 1349 1296 oram
1391 1257 1519 1297 Tusci

164 1320 306 1369 maris,
343 1320 475 1374 Alpes
513 1329 634 1373 atque
661 1318 868 1361 Gallicum
904 1319 1038 1360 sinum
1075 1325 1115 1359 et
1145 1319 1291 1359 deinde
1316 1318 1521 1372 Pyrenaei

165 1382 461 1423 circumvectus
504 1382 857 1436 promunturium,
905 1380 1115 1435 Emporiis
1159 1380 1260 1421 urbe
1303 1379 1464 1422 Graeca
1487 1407 1520 1410 —

166 1444 327 1485 oriundi
358 1450 397 1484 et
427 1444 507 1498 ipsi
539 1460 562 1485 a
592 1444 786 1485 Phocaea
816 1450 911 1485 sunt
934 1468 967 1472 —
991 1443 1129 1497 copias
1163 1443 1364 1497 exposuit.
1424 1444 1518 1484 inde
1548 1458 1583 1486 12

167 1506 282 1559 sequi
312 1506 485 1547 navibus
516 1507 640 1547 iussis
667 1506 941 1547 Tarraconem
971 1505 1145 1560 pedibus
1177 1506 1386 1559 profectus
1425 1521 1520 1547 con-

166 1575 334 1609 ventum
360 1569 543 1609 omnium
575 1568 777 1609 sociorum
802 1593 836 1596 —
860 1568 1011 1608 etenim
1036 1567 1262 1621 legationes
1289 1569 1341 1608 ad
1367 1568 1520 1609 famam

167 1630 254 1670 cius
281 1644 331 1670 ex
357 1630 467 1670 omni
493 1644 536 1670 se
560 1630 770 1684 provincia
795 1629 1024 1670 effuderant
1047 1654 1080 1657 —
1104 1628 1258 1669 habuit.
1313 1644 1439 1670 naves
1464 1629 1521 1670 ibi
1550 1645 1587 1675 13

168 1692 340 1733 subduci
364 1693 483 1733 iussit
507 1693 689 1733 remissis
716 1698 908 1745 quattuor
933 1691 1164 1732 triremibus
1179 1692 1517 1743 Massiliensium,

166 1769 270 1807 quae
296 1754 421 1796 officii
446 1770 571 1796 causa
595 1754 646 1795 ab
672 1755 794 1795 domo
818 1761 1059 1808 prosecutae
1089 1753 1262 1795 fuerant.
1322 1769 1521 1809 responsa
1549 1769 1588 1797 14

166 1817 260 1857 inde
301 1816 574 1871 legationibus
619 1816 830 1870 suspensis
873 1816 1068 1856 varietate
1110 1823 1168 1857 tot
1211 1831 1381 1857 casuum
1423 1817 1519 1857 dare

167 1879 300 1933 coepit
325 1879 381 1919 ita
406 1879 511 1919 elato
537 1878 587 1919 ab
606 1879 763 1933 ingenti
783 1878 994 1918 virtutium
1015 1892 1180 1918 suarum
1201 1878 1351 1919 fiducia
1370 1879 1517 1927 animo,

167 1948 211 1981 ut
245 1941 401 1981 nullum
450 1941 565 1982 ferox
600 1941 772 1982 verbum
814 1940 1018 1981 excideret
1058 1941 1286 1995 ingensque
1328 1940 1518 1982 omnibus

167 2020 270 2057 quae
296 2005 447 2046 diceret
473 2020 566 2045 cum
592 2005 785 2045 maiestas
811 2004 964 2044 inesset
989 2009 1075 2043 tum
1100 2004 1215 2045 fides.

252 2067 359 2107 XX.
419 2067 637 2107 Profectus
668 2066 719 2107 ab
751 2066 984 2106 Tarracone
1015 2072 1054 2106 et
1089 2065 1274 2106 civitates
1318 2065 1518 2105 sociorum
1548 2079 1560 2107 1

168 2135 205 2168 et
243 2128 413 2168 hiberna
449 2128 652 2169 exercitus
689 2128 788 2169 adiit
824 2127 1163 2180 conlaudavitque
1200 2127 1367 2175 milites,
1411 2127 1521 2179 quod

168 2190 327 2231 duabus
354 2191 475 2231 tantis
507 2191 700 2243 deinceps
732 2189 917 2230 cladibus
947 2189 1017 2229 icti
1046 2188 1297 2242 provinciam
1324 2188 1521 2229 obtinuis-

169 2259 258 2291 scnt
288 2266 363 2292 nec
395 2252 573 2292 fructum
605 2252 875 2292 secundarum
906 2265 1042 2291 rerum
1074 2251 1221 2291 sentire
1253 2250 1382 2291 hostis
1408 2250 1519 2304 passi
1547 2264 1564 2292 2

168 2313 278 2353 omni
303 2314 360 2353 cis
381 2312 585 2354 Hiberum
610 2328 710 2368 agro
735 2328 804 2354 eos
830 2313 1057 2353 arcuissent
1082 2312 1297 2365 sociosque
1323 2326 1415 2352 cum
1440 2312 1520 2352 fide

168 2376 285 2415 tutati
311 2382 460 2415 essent.
498 2375 703 2415 Marcium
730 2389 869 2415 secum
894 2373 1072 2415 habebat
1097 2388 1190 2414 cum
1215 2379 1327 2414 tanto
1352 2373 1517 2422 honore,
1545 2387 1564 2417 3

167 2443 211 2476 ut
248 2436 367 2476 facile
404 2444 617 2491 appareret
658 2436 759 2476 nihil
799 2436 934 2476 minus
972 2450 1094 2488 quam
1136 2435 1290 2484 vereri,
1340 2450 1391 2475 ne
1427 2435 1519 2488 quis

167 2497 347 2539 obstaret
372 2498 526 2553 gloriae
552 2513 663 2539 suae.
724 2498 923 2539 successit
951 2498 1045 2537 inde
1070 2497 1222 2538 Neroni
1255 2496 1441 2546 Silanus,
1479 2503 1518 2537 et
1544 2511 1563 2538 4

166 2559 207 2599 in
238 2560 406 2601 hiberna
437 2561 584 2601 milites
616 2561 712 2601 novi
743 2560 919 2600 deducti.
993 2558 1132 2613 Scipio
1169 2559 1376 2608 omnibus,
1414 2573 1517 2611 quae

166 2622 355 2663 adeunda
380 2623 620 2677 agendaque
647 2629 777 2671 erant,
804 2628 962 2662 mature
988 2622 1106 2662 aditis
1133 2621 1389 2676 peractisque
1416 2620 1518 2661 Tar-

167 2698 356 2725 raconem
393 2685 605 2726 concessit.
666 2684 792 2725 nihilo
828 2684 960 2725 minor
996 2683 1107 2724 fama
1137 2689 1235 2738 aput
1270 2683 1400 2724 hostis
1428 2681 1518 2724 Sci-
