1815 3184
296 1469 312 1496 *l

276 2022 314 2050 10

276 2208 308 2235 11

299 2700 317 2727 2

339 231 394 272 42
647 238 800 273 LIBER
825 238 938 282 XXI,
963 237 1119 271 49-51.
1149 240 1196 280 [a.
1211 249 1246 273 u.
1263 239 1388 281 0536]

341 350 450 383 esset
475 342 712 394 exitumque
737 340 910 381 liberum
938 354 959 379 e
984 347 1104 393 portu
1128 354 1254 380 naves
1279 339 1459 380 hostium
1484 341 1691 384 haberent.

342 418 417 443 nee
454 403 631 443 Romani
667 402 943 442 detrectavere
980 416 1161 455 pugnam
1199 407 1239 441 et
1273 403 1469 442 memoria
1505 403 1611 443 circa
1647 419 1695 444 ea

339 466 429 519 ipsa
459 465 548 505 loca
579 471 787 519 gestarum
819 479 955 504 rerum
980 463 1073 503 freti
1099 470 1138 503 et
1163 463 1335 503 militum
1361 464 1620 506 multitudine
1645 479 1693 506 ac

339 527 501 566 virtute.

424 588 478 628 L.
539 587 626 628 Ubi
667 587 709 627 in
745 587 871 627 altum
909 587 1039 627 evecti
1078 592 1189 635 sunt,
1232 586 1445 628 Romanus
1483 601 1694 628 conserere

338 664 521 704 pugnam
547 656 586 690 et
611 664 662 689 ex
687 649 918 703 propinquo
944 649 1049 689 vires
1076 648 1260 689 conferre
1286 648 1409 698 velle3
1446 656 1586 689 contra
1611 649 1696 690 elu-

338 712 433 752 dere
459 711 624 752 Pocnus
652 721 691 751 et
716 719 819 759 arte,
846 725 927 751 non
953 711 995 750 vi
1020 726 1105 751 rem
1131 724 1273 765 gerere
1298 711 1546 763 naviumque
1572 726 1694 764 quam

338 773 518 813 virorum
560 780 631 813 aut
672 788 877 813 armorum
914 772 1035 812 malle
1072 779 1278 813 certamen
1314 772 1460 813 facere.
1520 788 1615 813 nam
1652 781 1696 813 ut

340 835 461 875 sociis
493 834 708 875 navalibus
741 835 911 875 adfatim
943 835 1184 874 instructam
1215 834 1408 883 classem,
1445 835 1503 875 ita
1531 835 1696 888 inopem

339 897 465 937 milite
497 896 722 945 habebant,
755 903 793 937 et
822 896 952 937 sicubi
978 904 1164 937 conserta
1189 896 1306 937 navis
1333 903 1462 946 esset,
1495 896 1696 950 hautqua-

340 974 463 1012 quam
489 973 563 1012 par
587 973 783 998 numerus
810 966 1059 999 armatorum
1086 973 1136 998 ex
1162 973 1209 998 ca
1234 958 1457 1012 pugnabat.
1496 958 1606 1011 quod
1625 958 1696 999 ubi

340 1021 671 1061 animadversum
705 1027 784 1069 est,
824 1028 863 1061 ct
887 1021 1085 1061 Romanis
1117 1021 1334 1061 multitudo
1367 1037 1441 1062 sua
1473 1022 1585 1062 auxit
1610 1021 1696 1062 ani-

341 1098 452 1123 mum
491 1091 529 1123 et
565 1083 750 1137 paucitas
788 1083 866 1124 illis
903 1083 1060 1123 minuit.
1123 1083 1328 1137 extemplo
1371 1090 1526 1137 septem
1569 1098 1694 1124 naves

339 1144 522 1185 Punicae
549 1145 867 1193 circumventae,
899 1144 1043 1199 fugam
1075 1153 1233 1185 ceterae
1265 1152 1471 1199 ceperunt.
1520 1145 1630 1185 mille
1656 1152 1696 1186 et

341 1207 589 1261 septingenti
619 1206 733 1247 fuere
764 1207 806 1246 in
837 1206 1011 1247 navibus
1044 1207 1172 1260 captis
1199 1207 1347 1248 milites
1373 1214 1622 1259 nautaeque,
1654 1207 1695 1246 in

340 1269 403 1308 his
441 1276 522 1308 tres
559 1268 717 1308 nobiles
757 1268 1174 1322 Carthaginiensium.
1230 1269 1373 1309 classis
1410 1269 1599 1309 Romana
1636 1269 1696 1308 in—

340 1330 511 1370 columis
543 1344 625 1369 una
658 1337 815 1369 tantum
847 1330 1053 1383 perforata
1083 1330 1196 1378 navi,
1236 1331 1308 1370 sed
1339 1346 1387 1371 ca
1418 1345 1580 1384 quoque
1606 1331 1696 1385 ipsa

339 1392 507 1439 reduce,
534 1392 574 1431 in
601 1398 763 1445 portum
789 1392 919 1432 rediit.

427 1452 665 1493 Secundum
709 1452 815 1493 hane
856 1467 1058 1507 pugnam,
1103 1453 1285 1493 nondum
1327 1453 1466 1507 gnaris
1503 1453 1590 1493 eius
1627 1454 1697 1506 qui

338 1515 561 1555 Messanae
588 1522 719 1563 erant,
748 1514 811 1555 Ti.
842 1514 1110 1568 Sempronius
1138 1515 1281 1555 consul
1306 1514 1546 1556 Messanam
1571 1515 1694 1555 venit.

340 1578 376 1617 ci
402 1577 550 1617 fretum
576 1577 742 1617 intranti
767 1592 838 1617 rex
864 1576 993 1617 Hiero
1019 1576 1195 1617 classem
1220 1584 1404 1617 ornatam
1438 1575 1694 1631 [armata1n-]

340 1653 419 1691 que
441 1638 603 1679 obviam
626 1639 761 1687 duxit,
789 1646 1152 1693 transgressusque
1174 1654 1224 1678 cx
1248 1639 1362 1693 regia
1386 1639 1427 1678 in
1451 1638 1696 1692 praetoriam

338 1715 505 1749 navem,
543 1700 771 1754 gratulatus
805 1700 1000 1754 sospitem
1033 1715 1126 1740 cum
1158 1701 1339 1740 exercitu
1364 1707 1402 1740 et
1427 1699 1600 1740 navibus
1627 1700 1698 1740 ad-

340 1762 501 1802 venisse
543 1770 816 1816 precatusque
859 1777 1102 1816 prosperum
1146 1777 1194 1802 ae
1234 1762 1395 1802 felicem
1434 1762 1473 1801 in
1513 1760 1696 1803 Siciliam

339 1823 574 1872 transitum,
625 1831 775 1864 statum
820 1824 966 1864 deinde
1009 1824 1167 1864 insulae
1211 1830 1250 1864 et
1293 1823 1697 1878 Carthaginiensium

339 1891 484 1925 conata
515 1885 723 1938 exposuit,
757 1885 1045 1939 pollicitusque
1073 1893 1151 1933 cst,
1185 1887 1266 1937 (ut)
1299 1900 1379 1938 quo
1406 1885 1541 1925 animo
1565 1885 1697 1939 priore

339 1946 446 1987 bello
482 1946 681 2000 populum
713 1946 949 1987 Romanum
987 1947 1147 1986 iuvenis
1185 1947 1428 1994 adiuvisset,
1473 1960 1520 1986 eo
1558 1960 1696 1986 senem

339 2008 590 2056 adiuturum,
617 2008 868 2048 frumentum
889 2008 1213 2061 vestimentaque
1235 2023 1325 2048 sese
1345 2007 1575 2062 legionibus
1602 2022 1698 2047 con-

339 2070 438 2111 sulis
466 2070 669 2122 sociisque
695 2069 910 2110 navalibus
936 2070 1063 2124 gratis
1088 2069 1388 2124 praebiturum:
1414 2069 1568 2123 grande
1592 2069 1698 2122 peri-

339 2131 475 2171 culum
501 2131 705 2185 Lilybaeo
737 2132 1048 2184 maritumisque
1081 2131 1315 2172 civitatibus
1349 2146 1439 2171 esse
1465 2138 1503 2170 et
1528 2130 1698 2183 quibus-

339 2194 433 2233 dam
471 2193 702 2234 volentibus
742 2208 870 2234 novas
909 2208 973 2234 res
1012 2193 1111 2233 fore.
1172 2193 1224 2233 ob
1261 2193 1363 2233 haee
1400 2192 1557 2233 consuli
1598 2192 1698 2231 nihil

339 2255 617 2295 cunctandum
653 2255 807 2302 visum,
851 2255 949 2308 quin
980 2254 1230 2309 Lilybaeum
1268 2255 1399 2295 classe
1436 2260 1603 2308 peteret.
1659 2259 1699 2293 et

339 2332 411 2357 rex
434 2317 628 2371 regiaque
648 2317 792 2358 classis
813 2332 893 2357 una
913 2317 1098 2371 profecti.
1137 2318 1378 2372 navigantes
1399 2316 1513 2365 inde,
1540 2331 1699 2370 pugna-

340 2386 426 2419 tum
452 2379 504 2419 ad
528 2378 779 2433 Lilybaeum
806 2379 1003 2432 fusasque
1030 2386 1069 2419 et
1094 2387 1234 2433 captas
1265 2379 1445 2419 hostium
1475 2392 1601 2418 naves
1632 2391 1698 2417 ae-

341 2455 497 2495 cepere.

425 2503 501 2543 LI.
561 2502 604 2543 A
639 2502 844 2556 Lilybaeo
889 2502 1032 2543 consul
1069 2502 1251 2543 Hierone
1288 2517 1380 2542 cum
1419 2501 1550 2542 classe
1586 2501 1698 2555 regia

341 2564 511 2605 dimisso
536 2564 757 2617 relictoque
782 2571 968 2618 praetore
994 2564 1045 2604 ad
1066 2565 1260 2604 tuendam
1283 2563 1447 2605 Siciliae
1473 2578 1585 2604 oram
1610 2562 1697 2616 ipse

342 2625 381 2664 in
406 2625 580 2666 insulam
606 2625 814 2673 Melitam,
848 2640 952 2678 quae
978 2641 1001 2666 a
1028 2625 1440 2680 Carthaginiensibus
1472 2623 1696 2669 tenebatur,

345 2686 510 2727 traiecit.
566 2687 800 2728 advenienti
837 2687 1052 2728 Hamilcar
1085 2685 1283 2742 Gisgonis
1320 2687 1427 2728 filius
1464 2683 1696 2739 praefectus
