1815 3184
440 222 593 257 LIBER
618 222 769 267 XXIII,
795 223 849 257 23.
868 223 922 256 24.
952 225 1000 266 [a.
1015 222 1054 257 C.
1069 222 1151 267 216]
1395 213 1474 254 137

124 330 282 365 creatus
308 331 406 374 erat3
432 331 519 366 tum
544 325 643 380 legit
668 326 737 379 qui
762 326 927 375 aediles,
954 325 1105 366 tribuni
1129 325 1261 380 plebis
1287 332 1477 379 quaesto-

122 401 241 427 resve
277 386 464 436 fuerant3
519 394 606 427 turn
642 402 693 427 ex
722 388 791 436 iis,
835 388 905 440 qui
941 388 1204 441 magistratus
1238 385 1475 442 [hautdum]

124 448 347 502 cepissent,
374 449 444 502 qui
465 449 594 502 spolia
614 463 664 489 ex
689 449 805 490 hoste
827 449 910 490 fixa
935 449 1045 489 domi
1064 448 1261 490 haberent
1285 456 1355 490 aut
1381 449 1478 490 civi-

124 523 214 550 cam
241 524 433 550 coronam
459 510 725 564 accepissent.
764 511 820 551 ita
845 517 1006 550 centum
1034 511 1294 565 septuaginta
1320 518 1477 565 septem

125 585 217 611 cum
243 571 398 626 ingenti
424 572 717 625 adprobatione
743 572 955 612 hominum
985 573 1026 612 in
1052 579 1239 613 senatum
1263 573 1378 614 lectis
1410 588 1480 613 ex-

126 633 280 687 templo
307 648 350 673 se
376 634 618 688 magistratu
645 634 848 674 abdicavit
873 634 1139 688 privatusque
1170 635 1220 675 de
1244 635 1384 676 rostris
1411 635 1481 674 de-

125 695 283 734 scendit
307 695 516 735 lictoribus
548 695 660 735 abire
690 695 812 736 iussis
845 695 1068 748 turbaeque
1102 710 1145 736 se
1169 696 1376 737 inmiscuit
1399 697 1481 751 pri-

124 762 240 796 vatas
267 757 476 810 agentium
501 771 585 805 res,
624 762 785 810 tempus
811 757 889 797 hoc
915 757 1057 797 sedulo
1083 764 1234 806 terens,
1271 772 1322 799 ne
1353 758 1481 798 dedu-

125 818 243 857 cendi
269 818 332 858 sui
358 833 482 858 causa
507 818 705 872 populum
730 818 779 858 de
804 818 894 858 foro
920 818 1159 859 abduceret:
1185 833 1318 872 neque
1344 826 1480 860 tamen

125 879 306 933 elanguit
320 894 416 920 cura
428 880 640 920 hominum
654 894 701 919 ea
715 894 846 927 mora,
874 880 1190 933 frequentesque
1205 895 1299 921 eum
1312 881 1481 922 domum

125 941 392 981 deduxerunt.
453 940 595 981 consul
626 947 745 980 nocte
776 941 1007 993 insequenti
1038 942 1090 981 ad
1121 942 1345 982 exercitum
1375 943 1480 983 redit

125 1017 206 1042 non
236 1002 345 1043 facto
377 1002 546 1042 certiore
578 1007 741 1050 senatu,
778 1015 829 1042 ne
861 1002 1118 1043 comitiorum
1148 1017 1273 1044 causa
1307 1003 1350 1043 in
1381 1003 1480 1044 urbe

124 1063 376 1103 retineretur.

207 1123 408 1164 XXIIII.
457 1123 631 1165 Postero
657 1124 721 1165 die
748 1124 958 1165 consultus
985 1140 1008 1165 a
1032 1124 1092 1165 M.
1108 1125 1339 1180 Pomponio
1364 1140 1481 1180 prae-

123 1192 208 1226 tore
241 1192 405 1226 senatus
442 1185 623 1226 decrevit
659 1186 846 1226 dictatori
878 1186 1157 1236 scribendum,
1202 1187 1280 1236 uti,
1320 1187 1355 1228 si
1385 1202 1406 1228 e
1437 1202 1481 1228 re

121 1247 286 1301 publica
322 1255 507 1288 censeret
544 1262 654 1297 esse,
693 1248 744 1288 ad
781 1248 970 1289 consules
1006 1248 1289 1304 subrogandos
1326 1249 1482 1290 veniret

123 1324 216 1349 cum
242 1309 438 1363 magistro
464 1309 646 1362 equitum
673 1317 712 1350 et
735 1317 920 1364 praetore
945 1309 1007 1351 M.
1034 1310 1253 1360 Marcello,
1284 1319 1330 1351 ut
1355 1326 1405 1351 ex
1430 1311 1479 1351 iis

122 1370 407 1425 praesentibus
433 1385 603 1412 noscere
628 1378 763 1425 patres
789 1378 975 1425 possent,
1002 1387 1083 1425 quo
1103 1379 1211 1413 statu
1229 1387 1293 1413 res
1318 1372 1484 1426 publica

125 1438 252 1481 esset,
302 1432 553 1485 consiliaque
591 1447 640 1473 ex
676 1432 799 1473 rebus
837 1441 1039 1487 caperent.
1100 1434 1170 1487 qui
1213 1434 1332 1475 acciti
1368 1440 1483 1474 erant

125 1508 267 1534 omnes
294 1501 493 1533 venerunt
516 1494 665 1535 relictis
691 1494 849 1548 legatis,
878 1496 947 1548 qui
971 1496 1203 1550 legionibus
1229 1503 1479 1550 praeessent.

125 1555 298 1595 dictator
323 1555 372 1595 de
399 1570 442 1595 se
468 1570 599 1609 pauca
619 1570 665 1596 ac
685 1556 842 1596 modice
862 1556 1023 1597 locutus
1044 1558 1085 1597 in
1105 1559 1348 1613 magistrum
1369 1558 1482 1611 equi-

125 1623 212 1656 tum
239 1616 301 1656 Ti.
330 1615 620 1670 Sempronium
649 1615 884 1658 Gracchum
915 1634 1107 1673 magnam
1138 1627 1295 1673 partem
1326 1619 1481 1674 gloriae

125 1677 245 1718 vertit
270 1677 515 1730 comitiaque
542 1678 685 1727 edixit,
712 1678 861 1731 quibus
886 1680 939 1719 L.
955 1679 1196 1721 Postumius
1222 1680 1385 1720 tertium
1411 1680 1482 1721 ab·

127 1754 240 1788 sens,
267 1739 336 1792 qui
361 1745 447 1779 tum
463 1737 642 1780 Galliam
666 1740 920 1794 provinciam
945 1741 1173 1791 obtinebat,
1206 1749 1244 1783 et
1270 1742 1333 1783 Ti.
1363 1741 1482 1783 Sem-

125 1801 293 1855 pronius
322 1799 554 1850 Gracchus,
592 1801 662 1854 qui
699 1812 785 1841 tum
821 1802 1018 1857 magister
1053 1803 1236 1856 equitum
1268 1811 1308 1844 et
1338 1804 1480 1844 aedilis

126 1863 276 1903 curulis
314 1871 416 1911 erat,
455 1863 644 1904 consules
682 1870 926 1904 crearentur.
991 1872 1198 1918 praetores
1230 1866 1325 1906 inde
1356 1866 1480 1906 creati

125 1924 186 1965 M.
214 1923 404 1965 Valerius
429 1925 642 1965 Laevinus
668 1925 833 1974 iterum,
865 1924 947 1979 Ap.
977 1925 1176 1967 Claudius
1195 1926 1392 1976 Pulcher,
1426 1926 1478 1979 Q.

125 1985 297 2026 Fulvius
329 1986 523 2034 Flaccus,
568 1986 619 2038 Q.
652 1985 819 2026 Mucius
853 1985 1067 2028 Scaevola.
1126 1988 1300 2029 dictator
1336 1989 1481 2029 creatis

126 2047 434 2100 magistratibus
462 2047 650 2088 Teanum
681 2048 721 2087 in
753 2047 924 2088 hiberna
954 2049 1007 2089 ad
1038 2049 1260 2089 exercitum
1291 2050 1396 2090 redit
1420 2064 1483 2090 re-

126 2108 221 2148 licto
247 2109 442 2163 magistro
469 2109 649 2162 equitum
669 2109 840 2158 Romae,
867 2110 954 2162 qui,
981 2125 1073 2150 cum
1098 2118 1192 2165 post
1216 2126 1369 2164 paucos
1395 2111 1482 2152 dies

127 2169 412 2223 magistratum
436 2170 608 2211 initurus
635 2178 761 2220 esset,
789 2171 839 2211 de
865 2171 1110 2213 exercitibus
1137 2172 1360 2213 scribendis
1387 2187 1483 2213 con-

128 2231 402 2286 parandisque
427 2231 469 2271 in
495 2247 647 2272 annum
671 2239 807 2287 patres
833 2233 1074 2274 consuleret.

216 2292 324 2334 Cum
349 2307 420 2333 eae
445 2308 510 2334 res
536 2294 713 2334 maxime
738 2300 973 2348 agerentur,
999 2309 1107 2335 nova
1126 2294 1261 2335 clades
1282 2295 1480 2345 nuntiata,

130 2354 252 2394 aliam
277 2369 400 2408 super
425 2354 545 2394 aliam
571 2355 803 2395 cumulante
834 2356 876 2395 in
907 2370 999 2396 eum
1031 2371 1184 2396 annum
1208 2356 1390 2406 fortuna,
1427 2357 1481 2397 L.

129 2416 389 2456 Postumium
421 2416 631 2457 consulem
663 2417 923 2472 designatum
954 2418 994 2458 in
1028 2416 1164 2459 Gallia
1193 2418 1329 2472 ipsum
1361 2424 1484 2471 atque

130 2478 353 2518 exercitum
379 2478 547 2519 deletos.
609 2479 712 2519 silva
742 2486 827 2519 erat
857 2486 974 2520 vasta
997 2505 1031 2510 —
1054 2480 1250 2520 Litanam
1277 2478 1388 2521 Galli
1412 2494 1484 2521 vo-

129 2539 276 2580 cabant
300 2564 350 2589 —,
400 2554 480 2593 qua
517 2540 740 2581 exercitum
777 2541 1036 2582 traducturus
1074 2548 1171 2582 erat.
1231 2541 1318 2582 eius
1356 2541 1482 2582 silvae

129 2601 272 2641 dextra
307 2601 505 2654 laevaque
542 2602 649 2642 circa
679 2602 787 2642 viam
815 2601 926 2643 Galli
956 2602 1121 2644 arbores
1152 2603 1209 2643 ita
1239 2603 1479 2653 inciderunt,

130 2670 172 2703 ut
206 2663 384 2703 inmotae
423 2670 591 2713 starent,
641 2671 848 2705 momento
889 2664 970 2705 levi
1011 2664 1197 2719 inpulsae
1239 2664 1480 2707 occiderent.

1503 339 1521 369 6

1506 526 1521 533 n

1509 534 1517 553 A

1507 1325 1525 1353 2

1508 2303 1526 2333 6

1511 2495 1526 2523 7
