1815 3184
497 238 650 272 LIBER
673 237 823 281 xxm,
849 238 902 271 16.
932 239 980 280 [a.
997 236 1130 280 0216]
1414 226 1493 267 129

136 343 308 398 recepit,
340 356 422 383 non
447 341 591 382 castris
617 347 823 390 metuens,
857 340 929 382 sed
953 355 1004 381 ne
1028 340 1264 395 prodendae
1288 339 1401 380 urbis
1427 352 1495 379 oc-

138 405 346 446 casionem
370 403 492 444 nimis
519 403 657 443 multis
682 404 724 444 in
749 418 839 444 eam
860 402 1152 444 inminentibus
1173 402 1299 443 daret.
1348 400 1494 442 instrui
1519 415 1538 443 4

138 466 284 507 deinde
309 465 513 518 utrimque
533 465 641 506 acies
667 472 853 519 coeptae,
880 464 1162 505 Romanorum
1186 479 1259 518 pro
1279 462 1494 504 moenibus

138 528 284 577 Nolae,
327 527 563 568 Poenorum
599 533 692 567 ante
728 533 862 568 castra
898 542 984 567 sua.
1050 526 1203 580 proelia
1238 526 1332 566 hinc
1368 540 1496 579 parva

138 591 243 631 inter
266 589 410 630 urbem
436 595 650 642 castraque
676 594 715 629 et
739 589 851 629 vario
878 595 1027 629 eventu
1051 588 1221 637 fiebant,
1249 588 1345 640 quia
1369 588 1495 627 duces

138 667 213 693 nec
239 651 454 706 prohibere
478 665 632 705 paucos
659 657 809 691 temere
834 651 1093 706 provocantis
1119 665 1195 691 nec
1214 650 1310 691 dare
1331 649 1497 704 signum

139 714 355 754 universae
380 728 544 767 pugnae
573 712 774 754 volebant.

224 776 274 816 In
299 775 376 815 hac
402 775 606 815 cotidiana
631 775 805 815 duorum
826 775 1078 815 exercituum
1101 774 1272 815 statione
1290 773 1495 828 principes

140 837 393 879 Nolanorum
429 837 616 877 nuntiant
651 837 869 885 lXIareello,
907 844 1106 876 nocturna
1141 837 1358 890 conloquia
1393 837 1498 877 inter

141 899 304 954 plebem
335 913 383 939 ac
412 898 576 938 Poenos
607 898 695 938 fieri
726 905 1007 950 statutumque
1040 912 1150 947 esse,
1189 905 1250 947 ut,
1290 913 1383 938 cum
1414 898 1498 938 Ro-

141 977 263 1002 mana
287 961 395 1001 acies
421 974 589 1014 egressa
613 960 741 1013 portis
769 958 1009 1014 [prod]iret,
1047 960 1326 1014 inpedimenta
1357 975 1498 1001 eorum

142 1037 190 1064 ao
215 1022 396 1063 sarcinas
422 1022 658 1075 diriperent,
687 1021 922 1061 clauderent
942 1022 1088 1061 deinde
1114 1028 1251 1075 portas
1279 1037 1499 1075 murosque

139 1090 404 1138 occuparent,
430 1090 475 1123 ut
493 1090 680 1137 potentes
700 1098 836 1123 rerum
856 1099 1023 1124 suarum
1043 1090 1165 1136 atque
1184 1083 1297 1124 urbis
1311 1083 1500 1124 Poenum

140 1146 234 1186 inde
258 1160 332 1200 pro
357 1145 546 1185 Romano
570 1145 815 1199 acciperent.
864 1145 967 1185 haec
992 1145 1063 1186 ubi
1087 1146 1274 1186 nuntiata
1298 1145 1499 1186 Marcello

141 1214 254 1256 sunt,
295 1207 549 1248 conlaudatis
587 1207 844 1248 senatoribus
869 1207 1058 1257 Nolanis,
1097 1208 1337 1262 priusquam
1375 1208 1501 1261 aliqui

139 1276 274 1310 motus
305 1269 504 1309 iniuriave
535 1277 734 1318 oreretur,
784 1269 992 1310 fortunam
1022 1284 1186 1324 pugnae
1220 1269 1395 1324 experiri
1421 1277 1502 1310 sta-

141 1331 228 1371 tuit.
288 1331 340 1371 ad
366 1331 436 1371 tris
462 1338 599 1386 portas
632 1331 674 1371 in
704 1331 845 1372 hostes
872 1346 1012 1372 versas
1045 1332 1244 1385 tripertito
1275 1331 1499 1372 exercitum

141 1394 351 1442 instruxit,
377 1393 655 1447 inpedimenta
680 1393 878 1447 subsequi
902 1394 1033 1443 iussit,
1060 1394 1224 1435 calones
1250 1395 1437 1448 lixasque
1464 1401 1502 1435 et

142 1455 342 1495 invalidos
363 1456 510 1496 milites
525 1455 677 1496 vallum
691 1455 815 1505 ferre3
842 1457 977 1496 media
990 1463 1108 1511 porta
1126 1456 1274 1498 robora
1292 1457 1501 1512 legionum

143 1524 183 1558 et
201 1517 413 1558 Romanos
439 1517 615 1570 equites,
643 1517 802 1558 duabus
829 1519 936 1559 circa
960 1519 1089 1573 portis
1114 1534 1244 1560 novos
1271 1519 1419 1559 milites
1445 1519 1502 1559 le-

143 1594 319 1632 vemque
344 1586 591 1620 armaturam
623 1594 670 1620 ac
701 1581 907 1621 sociorum
938 1581 1096 1634 equites
1129 1582 1281 1622 statuit.
1353 1581 1502 1622 Nolani

144 1657 282 1682 muros
309 1648 528 1695 portasque
555 1642 666 1682 adire
692 1642 823 1691 vetiti,
863 1642 1130 1696 subsidiaque
1161 1644 1365 1684 destinata
1389 1643 1504 1697 inpe-

144 1704 335 1744 dimentis
361 1703 473 1752 data,
511 1718 561 1743 ne
588 1704 797 1758 occupatis
829 1705 983 1758 proelio
1014 1705 1246 1759 legionibus
1277 1705 1318 1745 in
1350 1720 1399 1746 ea
1428 1706 1504 1745 im-

143 1773 262 1821 petus
288 1765 414 1806 fieret.
475 1766 531 1806 ita
555 1766 741 1806 instructi
766 1766 872 1807 intra
896 1774 1034 1820 portas
1061 1767 1237 1809 stabant.

230 1827 457 1869 Hannibali
484 1827 560 1869 sub
587 1828 736 1883 signis,
762 1828 805 1868 id
830 1829 941 1882 quod
965 1843 1038 1883 per
1057 1829 1211 1883 aliquot
1230 1830 1317 1870 dies
1337 1829 1502 1879 fecerat,

144 1890 197 1930 ad
222 1890 397 1930 multum
424 1891 504 1931 diei
528 1891 569 1930 in
595 1891 681 1931 acie
715 1891 838 1932 stanti
861 1891 993 1946 primo
1024 1891 1221 1932 miraculo
1247 1907 1356 1941 esse,
1394 1892 1505 1945 quod

144 1967 220 1993 nec
257 1953 461 1994 exercitus
498 1953 711 1994 Romanus
749 1960 866 2008 porta
908 1954 1171 2008 egrederetur
1211 1968 1287 1995 nec
1323 1961 1504 1994 armatus

145 2014 364 2067 quisquam
389 2015 431 2055 in
456 2016 583 2056 muris
610 2022 737 2056 esset:
779 2023 892 2056 ratus
924 2016 1071 2056 deinde
1102 2016 1264 2070 prodita
1288 2016 1505 2068 conloquia

146 2091 237 2116 esse
262 2086 455 2130 metuque
481 2078 635 2118 resides
662 2078 812 2127 factos,
839 2084 999 2132 partem
1024 2078 1199 2119 militum
1223 2078 1266 2118 in
1285 2084 1418 2118 castra
1443 2093 1506 2118 re-

148 2138 286 2187 mittit,
336 2139 470 2180 iussos
507 2155 680 2194 propere
723 2141 965 2194 adparatum
1002 2155 1165 2181 omnem
1202 2141 1505 2195 oppugnandae

147 2199 259 2240 urbis
286 2200 327 2240 in
351 2201 525 2255 primam
552 2203 682 2242 aciem
713 2203 892 2252 adferre,
931 2203 1029 2244 satis
1055 2203 1207 2252 fidens,
1246 2203 1282 2244 si
1312 2210 1507 2243 cunctan-

148 2261 256 2302 tibus
277 2262 458 2311 instaret,
485 2264 705 2304 tumultum
728 2265 905 2317 aliquem
924 2265 966 2305 in
987 2265 1086 2305 urbe
1105 2264 1269 2319 plebem
1288 2272 1504 2305 moturam.

148 2318 189 2357 in
216 2333 289 2358 sua
314 2319 487 2372 quisque
514 2320 738 2361 ministeria
758 2322 947 2362 discursu
967 2322 1142 2376 trepidat
1161 2321 1213 2362 ad
1231 2321 1363 2376 prima
1388 2321 1507 2375 signa

151 2381 412 2433 succeditque
438 2382 490 2422 ad
515 2397 652 2423 muros
679 2383 800 2424 acies.
843 2383 1049 2438 patefacta
1072 2390 1239 2438 repente
1263 2390 1380 2438 porta
1394 2383 1508 2424 Mar-

149 2442 275 2483 cellus
303 2443 421 2498 signa
447 2459 591 2485 canere
617 2445 918 2499 clamoremque
944 2446 1030 2486 tolli
1055 2460 1102 2486 ac
1132 2446 1290 2500 pedites
1315 2446 1506 2500 primum,

149 2505 295 2545 deinde
321 2506 496 2558 equites,
524 2515 676 2561 quanto
702 2508 881 2548 maximo
906 2514 1075 2562 possent
1100 2508 1257 2562 impetu
1280 2508 1322 2548 in
1346 2508 1508 2549 hostem

148 2581 359 2621 erumpere
385 2567 509 2609 iubet.
571 2570 669 2610 satis
696 2570 858 2610 terroris
890 2570 1172 2623 tumultusque
1202 2570 1244 2610 in
1269 2570 1397 2611 aciem
1422 2584 1508 2611 me-

147 2629 257 2669 diam
293 2629 537 2680 intulerant,
588 2646 681 2671 curn
719 2631 879 2673 duabus
916 2632 1024 2673 cirea
1065 2632 1192 2687 portis
1229 2631 1278 2672 P.
1316 2631 1507 2673 Valerius

147 2690 322 2732 Flaccus
349 2698 388 2732 et
415 2691 461 2733 C.
488 2692 682 2735 Aurelius
709 2693 835 2749 legati
866 2694 907 2734 in
937 2709 1091 2735 cornua
1114 2694 1296 2735 hostium
1322 2709 1504 2749 erupere.

217 2758 277 2784 Livi
298 2759 349 2785 rol.
368 2758 401 2784 ΙΙ.
1260 2761 1281 2793 9

1528 1160 1543 1187 ’ᾸΙ

1533 1843 1573 1872 10

1534 2031 1568 2059 11

1535 2583 1574 2613 13
