1815 3184
465 223 616 258 LIBER
641 223 771 268 xxn,
798 224 853 258 31.
873 223 928 257 32.
957 225 1004 266 [a.
1021 222 1156 266 0217]
1435 213 1489 254 85

137 326 317 367 hostium
346 326 479 380 plenis
511 327 666 380 trepide
699 326 832 367 soluta
861 327 903 366 in
936 325 1119 367 Siciliam
1151 340 1315 366 cursum
1347 326 1488 374 tenuit,

137 388 365 441 traditaque
385 388 577 442 Lilybaei
599 388 647 429 T.
671 387 849 430 Otacilio
873 388 1048 442 praetori
1057 419 1068 437 ,
1095 395 1138 428 ut
1164 387 1214 428 ab
1239 388 1376 442 legato
1402 388 1488 428 eius

136 449 184 490 P.
214 449 321 491 Sura
345 451 521 491 Romam
551 452 824 491 reduceretur.
878 451 967 505 ipse
997 464 1071 504 per
1103 448 1286 491 Siciliam
1316 449 1489 504 pedibus

135 512 345 566 profectus
371 513 475 554 freto
500 513 541 553 in
566 513 727 553 Italiam
753 513 928 560 traiecit,
955 512 1097 553 litteris
1119 511 1171 565 Q.
1192 512 1312 553 Fabii
1337 512 1490 552 accitus

137 580 177 613 et
200 574 288 628 ipse
314 583 353 615 et
379 574 547 629 conlega
575 575 661 615 eius
687 574 748 614 M.
776 574 950 623 Atilius,
977 580 1022 613 ut
1047 574 1248 614 exereitus
1275 573 1326 614 ab
1353 588 1397 614 se
1422 588 1492 614 ex-

136 641 227 676 acto
252 635 334 676 iam
359 651 484 690 prope
511 636 698 676 semestri
723 635 894 690 imperio
920 636 1163 690 acciperent.

223 695 422 738 Omnium
456 712 583 752 prope
614 697 782 738 annales
813 696 991 737 Fabium
1021 697 1261 737 dictatorem
1293 696 1490 736 adversus

137 758 417 799 Hannibalem
458 773 545 799 rem
587 759 770 813 gessisse
813 758 995 807 tradunt,
1035 757 1204 799 Coelius
1241 757 1362 798 etiam
1399 772 1493 797 eum

136 820 313 873 primum
339 836 362 860 a
386 820 538 874 populo
564 827 745 860 creatum
771 819 1011 860 dictatorem
1038 819 1196 868 scribit3
1229 820 1302 860 sed
1327 826 1366 859 et
1387 818 1493 859 Coe-

136 881 235 921 lium
273 888 312 922 et
348 892 503 922 ceteros
536 881 644 935 sugit
674 881 745 921 uni
776 881 933 921 consuli
966 880 1043 921 Cn.
1072 880 1267 930 Servilio,
1304 881 1375 933 qui
1406 887 1492 920 tum

135 943 278 996 procul
301 943 343 983 in
365 942 501 983 Gallia
524 943 735 997 provincia
759 942 918 991 aberat,
945 943 1008 982 ius
1028 943 1157 983 fuisse
1179 943 1341 983 dicendi
1366 942 1492 982 ‹licta-

134 1004 232 1044 toris
267 1029 301 1032 —
337 1018 460 1056 quam
497 1019 654 1044 moram
690 1003 787 1055 quia
823 1011 1040 1057 expectare
1077 1004 1215 1044 territa
1250 1004 1332 1043 iam
1375 1003 1490 1044 clade

134 1065 276 1105 civitas
301 1080 384 1105 non
407 1072 587 1119 poterat,
614 1080 662 1105 eo
688 1066 907 1105 decursum
934 1071 1014 1114 est,
1041 1072 1085 1105 ut
1111 1080 1135 1105 a
1158 1065 1311 1119 populo
1337 1080 1493 1105 creare-

133 1133 197 1166 tur
221 1127 290 1179 qui
313 1141 388 1180 pro
414 1127 610 1167 dictatore
635 1133 745 1167 esset
769 1151 819 1175 —‚
857 1141 921 1167 res
953 1127 1048 1166 inde
1073 1135 1212 1181 gestas
1237 1126 1492 1181 gloriamque

132 1188 336 1242 insignem
361 1188 477 1229 ducis
503 1195 544 1229 et
568 1188 758 1243 augentis
785 1188 947 1228 titulum
972 1188 1163 1242 imaginis
1195 1195 1401 1242 posteros,
1433 1195 1489 1235 ut,

132 1250 202 1302 qui
224 1265 299 1304 pro
331 1250 526 1291 dictatore
560 1249 746 1305 [suisset‚
785 1248 975 1304 dictator]
1009 1250 1240 1291 crederetur
1270 1250 1390 1290 facile
1422 1249 1494 1290 ob-

133 1311 316 1352 tinuisse.

218 1373 423 1414 XXXII.
486 1373 691 1415 Consules
727 1373 882 1414 At-ilius
924 1373 1111 1414 Fabiano
1156 1372 1357 1415 Geminus
1397 1372 1493 1414 Ser-

133 1435 253 1475 vilius
296 1435 538 1476 Minuciano
582 1436 764 1476 exercitu
806 1442 974 1490 accepto
1017 1435 1292 1476 hibernaculis
1335 1442 1493 1475 mature

134 1500 395 1540 communitis
443 1525 476 1529 —
523 1501 703 1541 medium
752 1499 938 1541 autumni
987 1506 1072 1540 erat
1112 1524 1145 1528 —-
1185 1498 1291 1539 Fabi
1338 1498 1493 1539 artibus

134 1577 226 1602 cum
265 1577 425 1602 summa
462 1563 568 1603 inter
605 1578 647 1603 se
684 1562 903 1603 concordia
932 1561 1085 1602 bellum
1116 1567 1346 1616 gesserunt.
1407 1560 1492 1600 fru-

133 1630 358 1663 mentatum
406 1625 571 1664 exeunti
617 1623 845 1664 Hannibali
892 1623 959 1663 dix
963 1624 1064 1664 ersis
1117 1623 1218 1663 locis
1273 1623 1491 1676 opportuni

133 1686 301 1725 aderant
353 1692 565 1755 carpentes
620 1702 672 1732 a(
676 1701 769 1726 men
822 1685 1064 1739 palatosque
1118 1684 1391 1738 excipientes,
1452 1684 1495 1724 in

133 1762 275 1787 casum
321 1748 419 1788 111111
423 1763 538 1788 elsae
585 1731 877 1797 di1i1icationis‚
927 1762 1051 1800 quam
1099 1747 1288 1788 omnibus
1337 1746 1492 1787 artibus

131 1809 295 1862 petebat
320 1809 471 1858 hostis,
498 1824 581 1850 non
600 1809 838 1850 veniebant:
866 1810 1050 1862 adeoque
1075 1808 1214 1863 inopia
1239 1816 1300 1849 est
1326 1815 1492 1848 coactus

132 1870 363 1919 Hannibal,
396 1878 442 1911 ut
465 1871 545 1911 nisi
570 1886 662 1912 cum
690 1871 814 1926 fugae
841 1871 977 1925 specie
1010 1871 1243 1912 abeundum
1276 1870 1492 1917 timuisset,

134 1931 314 1974 Galliam
346 1933 592 1987 repetiturus
626 1933 749 1974 fucrit
780 1934 893 1974 nulla
916 1933 1056 1974 relicta
1081 1948 1153 1987 spe
1179 1932 1315 1974 alendi
1340 1932 1494 1972 exerei-

133 2002 199 2034 tus
231 1995 271 2034 in
304 1995 362 2036 eis
393 1995 514 2045 locis,
553 1996 586 2036 si
617 1996 880 2049 insequentes
919 1995 1107 2036 eonsules
1146 1995 1300 2035 eisdem
1338 1993 1492 2034 artibus

134 2056 286 2096 bellum
311 2064 513 2111 gerer.ent

221 2118 328 2159 Cum
356 2120 408 2159 ad
435 2118 684 2161 Gereonium
718 2120 800 2160 iam
825 2119 959 2159 hieme
984 2119 1216 2172 inpediente
1244 2117 1493 2158 constitisset

135 2180 306 2229 bellum,
333 2181 592 2235 Neapolitani
615 2182 739 2236 legati
759 2182 936 2222 Romam
957 2195 1116 2221 venere.
1166 2179 1217 2220 ab
1243 2180 1292 2220 iis
1319 2179 1494 2231 quadra-

136 2242 249 2296 ginta
284 2251 448 2295 paterae
487 2258 633 2283 aureae
670 2243 811 2297 magni
846 2242 1039 2296 ponderis
1076 2242 1118 2281 in
1154 2242 1308 2281 curiam
1344 2241 1493 2281 inlatae

137 2314 257 2356 atquc
284 2304 340 2343 ita⁷
364 2304 490 2345 verba
514 2305 641 2353 facta,
668 2312 712 2344 ut
737 2305 936 2345 dicerent:
972 2304 1074 2344 scire
1100 2318 1190 2344 sese
1215 2302 1357 2357 populi
1382 2318 1495 2343 aera-

136 2365 241 2405 rium
273 2364 380 2405 bello
412 2366 635 2414 exhauriri,
673 2372 712 2406 et
743 2381 836 2406 cum
866 2366 980 2406 iuxta
1004 2380 1077 2419 pro
1101 2364 1273 2405 urbibus
1300 2364 1491 2419 agrisque

139 2427 342 2467 sociorum
373 2442 420 2467 ac
451 2442 524 2482 pro
556 2428 687 2482 capite
719 2435 840 2480 atque
865 2442 957 2467 arce
982 2427 1145 2475 Italiae,
1180 2426 1279 2466 urbe
1305 2426 1494 2466 Romana

137 2496 258 2541 atque
288 2489 478 2543 imperio,
516 2498 694 2544 geratur,
733 2504 910 2542 aequum
945 2489 1155 2529 censuisse
1185 2488 1491 2542 Neapolitanos,

137 2551 247 2602 quod
278 2551 366 2590 auri
397 2551 475 2592 sibi
507 2566 600 2592 cum
631 2551 684 2591 ad
714 2551 957 2604 templorum
989 2557 1176 2591 ornatum
1208 2556 1293 2590 tum
1320 2549 1371 2590 ad
1397 2549 1494 2590 sub-

137 2612 287 2652 sidium
328 2613 515 2653 fortunae
558 2628 582 2653 a
617 2612 839 2653 maioribus
875 2612 1061 2652 relictum
1098 2612 1224 2660 foret,
1268 2626 1316 2652 eo
1351 2611 1492 2651 iuvare

136 2675 332 2728 populum
369 2676 622 2725 Romanum3
667 2675 700 2716 si
737 2690 860 2729 quam
897 2689 1017 2728 opem
1052 2674 1095 2714 in
1136 2688 1226 2715 sese
1269 2674 1490 2722 crederent,

1517 464 1533 491 κ1

1520 1017 1560 1045 10

1523 1141 1557 1169 11

1518 1572 1536 1601 Ν)

1519 2131 1538 2158 4

1519 2316 1538 2344 5

1520 2501 1536 2512 ,ι

1519 2513 1536 2530 0
