1815 3184
332 222 416 265 394
580 229 733 263 LIBER
757 215 940 273 XXVIII,
965 230 997 263 9.
1018 230 1072 264 10.
1100 231 1198 273 [ω.
1213 241 1243 264 ο.
1257 230 1333 264 547.
1347 231 1428 276 548]

332 332 604 388 spectantium
617 333 824 373 Neronem
848 346 979 385 usque
1002 332 1045 373 in
1061 331 1311 387 Capitolium
1334 334 1542 388 prosecuti
1566 342 1672 376 sunt.

267 410 305 440 16
330 395 528 451 pecuniae
557 395 600 435 in
632 394 834 435 aerarium
864 395 1044 435 tulerunt
1075 394 1309 436 sestertium
1344 395 1527 445 triciens,
1564 404 1674 438 octo-

267 473 304 501 17
330 458 446 512 ginta
484 456 597 497 milia
640 456 759 498 aeris.
842 456 1039 497 militibus
1074 456 1137 497 M.
1172 456 1320 497 Livius
1363 457 1674 513 quinquagenos

331 535 453 560 senos
490 534 606 560 asses
645 519 803 568 divisit3
852 519 1095 559 tantundem
1128 517 1177 560 C.
1205 517 1405 560 Claudius
1436 519 1674 561 absentibus

329 582 526 623 militibus
559 581 643 623 suis
677 590 740 623 est
770 581 996 636 pollicitus,
1033 596 1127 622 cum
1158 582 1210 622 ad
1240 581 1464 622 exercitum
1487 582 1676 623 redisset.

266 657 305 687 18
330 652 517 685 notatum
541 659 589 685 eo
616 644 680 684 die
705 644 824 699 plura
843 643 1023 684 carmina
1042 644 1284 685 militaribus
1304 644 1404 685 iocis
1423 644 1464 685 in
1480 643 1529 686 C.
1552 643 1677 685 Clau-

264 719 303 749 19
330 706 443 747 dium
469 721 590 760 quam
617 706 829 747 consulem
855 721 975 747 suum
999 706 1165 755 iactata,
1199 706 1355 760 equites
1380 706 1434 747 L.
1458 707 1678 749 Veturium

330 776 370 810 et
395 767 448 820 Q.
466 768 694 810 Caecilium
717 768 876 823 legatos
902 768 1063 823 magnis
1089 768 1233 809 tulisse
1257 768 1448 809 laudibus
1474 768 1678 809 hortatos-

329 845 409 885 que
441 846 533 872 esse
563 831 746 886 plebem,
784 838 829 871 ut
859 846 929 871 eos
962 831 1152 872 consules
1182 830 1224 871 in
1253 845 1501 886 proxumum
1525 845 1678 871 annum

263 907 305 936 20
331 901 534 943 crearent,
584 893 785 934 adiecisse
823 893 1007 946 equitum
1046 893 1358 948 praerogativae
1396 892 1679 934 auctoritatem

331 956 520 998 consules
557 964 722 1011 postero
760 955 824 996 die
862 955 904 996 in
940 956 1149 1005 contione,
1198 970 1320 1009 quam
1357 955 1453 996 forti
1486 955 1678 1008 fidelique

330 1019 504 1059 duorum
540 1018 759 1072 praecipue
789 1018 1020 1073 legatorum
1051 1033 1175 1073 opera
1203 1017 1270 1059 usi
1301 1024 1458 1068 essent,
1501 1031 1679 1059 comme-

330 1088 551 1121 morantes.

288 1157 301 1185 1
414 1142 474 1182 X.
536 1140 645 1182 Cum
670 1141 927 1183 comitiorum
953 1149 1115 1197 tempus
1149 1142 1361 1197 adpeteret
1384 1149 1425 1183 et
1452 1156 1526 1196 per
1551 1141 1678 1182 dicta-

329 1212 460 1245 torcm
492 1204 656 1245 comitia
686 1203 828 1245 haberi
857 1204 1098 1258 placuisset,
1137 1202 1186 1244 C.
1215 1203 1414 1244 Claudius
1447 1203 1590 1244 consul
1613 1202 1675 1244 M.

329 1266 499 1307 Livium
524 1266 740 1320 conlegam
765 1266 1006 1306 dictatorem
1036 1266 1157 1315 dixit,
1193 1265 1342 1306 Livius
1369 1264 1422 1317 Q.
1450 1263 1678 1306 Caecilium

284 1341 303 1371 2
329 1328 573 1383 magistrum
610 1328 804 1381 equitum.
870 1343 894 1368 a
927 1328 990 1368 M.
1026 1328 1150 1369 Livio
1188 1328 1384 1368 dictatore
1421 1327 1547 1368 creati
1583 1341 1679 1368 eon-

331 1391 440 1432 sules
477 1390 530 1430 L.
555 1390 771 1439 Veturius,
810 1390 863 1441 Q.
903 1388 1130 1439 Caecilius,
1167 1389 1201 1430 is
1238 1389 1327 1444 ipse
1364 1389 1433 1442 qui
1469 1396 1556 1429 tum
1591 1396 1679 1430 erat

285 1467 304 1497 3
329 1452 526 1507 magister
551 1452 746 1505 equitum.
801 1451 895 1491 inde
920 1459 1156 1506 praetorum
1181 1451 1345 1491 comitia
1368 1450 1527 1491 habita:
1553 1450 1679 1491 creati

331 1514 380 1556 C.
399 1514 617 1564 Servilius,
643 1515 705 1555 M.
723 1513 929 1555 Caecilius
947 1514 1164 1562 Memfim,
1191 1513 1256 1554 Ti.
1273 1512 1474 1554 Claudius
1494 1513 1678 1563 Asellus,

283 1592 303 1620 4
330 1577 382 1628 Q
397 1576 610 1617 Mamilius
631 1576 852 1625 Turrinus,
880 1576 949 1629 qui
973 1584 1061 1616 tum
1087 1576 1229 1616 aedilis
1254 1575 1387 1631 plebis
1413 1583 1511 1617 erat.
1555 1575 1681 1618 comi-

329 1639 394 1679 tiis
420 1638 613 1693 perfectis
641 1638 814 1679 dictator
838 1638 1084 1692 magistratu
1109 1638 1298 1679 abdicato
1325 1637 1577 1691 dimissoque
1610 1652 1681 1679 ex-

329 1700 458 1741 ercitu
493 1700 535 1740 in
571 1700 782 1740 Etruriam
812 1700 1067 1755 provinciam
1104 1715 1156 1741 ex
1192 1708 1359 1741 senatus
1398 1700 1584 1741 consulto
1616 1707 1680 1741 est

284 1777 303 1805 5
328 1762 538 1817 profectus
565 1762 618 1803 ad
643 1762 905 1815 quaestiones
931 1762 1163 1812 habendas,
1191 1762 1259 1817 qui
1283 1763 1557 1803 Etruscorum
1574 1762 1681 1804 Um-

328 1825 548 1865 brorumve
573 1824 715 1879 populi
741 1824 983 1865 defectionis
1010 1825 1061 1865 ab
1080 1824 1280 1866 Romanis
1307 1825 1358 1865 ad
1371 1824 1680 1865 Hasdrubalem

331 1888 407 1928 sub
433 1887 655 1927 adventum
681 1887 768 1928 eius
795 1887 966 1928 consilia
986 1887 1213 1942 agitassent
1234 1887 1384 1941 quique
1405 1902 1498 1928 eum
1519 1886 1680 1927 auxiliis

286 1963 304 1993 6
331 1956 401 1989 aut
436 1958 669 1990 commeatu
705 1958 775 1990 aut
810 1965 888 2005 ope
920 1949 1055 2003 aliqua
1085 1949 1298 1990 iuvissent.
1359 1949 1462 1990 haec
1493 1964 1541 1990 eo
1573 1964 1680 1989 anno
1727 1967 1736 1977 ·

286 2025 303 2053 7
330 2011 440 2051 domi
470 2011 719 2065 militiaeque
750 2021 881 2065 gesta.
941 2011 1027 2052 ludi
1055 2012 1235 2053 Romani
1265 2019 1326 2053 ter
1358 2011 1432 2053 toti
1466 2010 1681 2052 instaurati

331 2074 382 2113 ab
408 2074 607 2114 aedilibus
640 2075 847 2115 curulibus
875 2073 954 2115 Cn.
983 2072 1158 2115 Servilio
1186 2073 1415 2129 Caepione,
1454 2071 1544 2114 Ser.
1577 2071 1682 2114 Cor-

329 2135 436 2175 nelio
462 2136 663 2185 Lentulo;
706 2136 805 2177 item
834 2136 921 2176 ludj
951 2136 1088 2191 plebei
1120 2136 1247 2176 semel
1278 2136 1353 2177 toti
1383 2134 1599 2176 instaurati
1630 2135 1682 2175 ab

330 2197 529 2239 aedilibus
566 2199 698 2254 plebis
734 2199 797 2240 M.
827 2199 1061 2254 Pomponio
1097 2198 1299 2239 Mathone
1337 2205 1377 2239 et
1407 2197 1461 2250 Q.
1491 2196 1680 2239 Mamilio

331 2259 522 2302 Turrino.

285 2335 304 2363 8
414 2322 556 2363 Tertio
577 2322 735 2365 decimo
755 2338 861 2365 anno
875 2323 1023 2364 Punici
1042 2323 1158 2373 belli,
1184 2323 1237 2364 L.
1252 2322 1425 2365 Veturio
1445 2321 1622 2364 Philone
1641 2328 1681 2362 et

332 2384 384 2436 Q.
407 2384 588 2427 Caecilio
607 2386 782 2428 Metello
808 2387 1066 2435 consulibus,
1092 2385 1245 2427 Bruttii
1272 2386 1492 2435 ambobus,
1517 2392 1564 2425 ut
1587 2398 1680 2424 cum

287 2460 304 2488 9
330 2447 566 2489 Hannibale
591 2449 746 2489 bellum
771 2456 980 2504 gererent,
1006 2448 1218 2503 provincia
1244 2448 1420 2489 decreta.
1468 2453 1678 2502 praetores

331 2509 479 2550 exinde
510 2511 641 2551 sortiti
674 2518 786 2560 sunt,
823 2511 885 2552 M.
914 2510 1120 2552 Caecilius
1145 2510 1342 2551 Metellus
1366 2510 1586 2557 urbanam,
1624 2505 1676 2558 Q.

331 2571 542 2613 Mamilius
562 2574 841 2630 peregrinam,
869 2573 918 2616 C.
941 2573 1142 2615 Servilius
1166 2572 1370 2623 Siciliam,
1396 2573 1461 2614 Ti.
1479 2570 1676 2614 Claudius

267 2643 308 2674 10
335 2630 581 2676 Sardiniam.
643 2636 846 2677 exercitus
876 2636 934 2677 ita
965 2636 1104 2677 divisi:
1140 2636 1357 2677 consulum
1387 2633 1520 2681 alteri,
1556 2645 1677 2685 quem

334 2692 384 2734 C.
400 2692 600 2738 Claudius
625 2697 772 2752 prioris
799 2698 895 2739 anni
920 2698 1083 2747 consul,
1110 2697 1244 2747 alteri,
1270 2711 1392 2750 quem
1407 2695 1460 2747 Q.
1477 2691 1674 2735 Claudius
