1815 3184
264 382 283 410 5

263 565 280 593 6

264 688 279 715 7

262 811 280 840 8

244 1244 281 1272 10

240 1553 276 1581 11

236 2171 274 2198 15

236 2418 274 2447 16

309 256 392 297 240
614 260 765 295 LIBER
790 261 918 303 XXV,
945 261 999 294 22.
1019 260 1073 293 23.
1102 261 1152 300 [a.
1166 271 1200 294 u.
1217 271 1246 294 c.
1261 261 1342 303 542]

392 365 474 418 Ap.
503 364 702 405 Claudius
730 363 872 404 consul
897 362 952 403 D.
973 362 1092 402 Iunio
1119 362 1170 402 ad
1195 362 1345 402 ostium
1358 361 1569 414 Vulturni,
1601 365 1660 405 M.

306 426 478 468 Aurelio
505 425 628 466 Cotta
652 425 836 465 Puteolis
862 424 1114 478 praeposito,
1142 423 1229 477 qui,
1255 430 1511 476 ut-quaeque
1536 441 1661 467 naves

307 503 357 528 ex
370 487 536 528 Etruria
551 501 598 526 ac
614 485 804 527 Sardinia
818 486 1106 534 accessissent,
1134 485 1339 539 extemplo
1358 486 1400 525 in
1421 493 1554 527 castra
1572 487 1664 528 mit-

307 556 435 589 terent
459 549 728 595 frumentum,
755 548 843 601 ipse
869 547 921 588 ad
948 547 1135 601 Capuam
1159 561 1373 601 regressus
1401 546 1452 599 Q
1467 547 1660 588 Fulvium

306 611 506 665 collegam
524 610 678 650 invenit
694 609 866 650 Casilini
885 609 1021 649 omnia
1039 609 1133 649 inde
1152 615 1401 663 portantem,
1427 609 1662 650 molientem

308 673 359 713 ad
396 671 716 726 oppugnandam
755 669 955 724 Capuam.
1027 676 1113 710 tum
1150 669 1271 710 ambo
1314 670 1663 711 circumsederunt

306 734 448 775 urbem
486 742 524 773 et
551 732 772 774 Claudium
797 732 1001 773 Neronem
1038 739 1266 786 praetorem
1303 732 1354 772 ab
1383 731 1582 773 Suessula
1613 748 1663 773 ex

308 795 547 837 Claudianis
574 795 717 835 castris
738 795 986 835 exciverunt.
1025 795 1059 834 is
1081 809 1256 847 quoque,
1283 794 1442 834 modico
1467 794 1523 835 ibi
1548 810 1665 849 prae-

307 859 409 899 sidio
436 858 487 897 ad
519 857 740 897 tenendum
770 855 905 896 locum
939 856 1095 905 relicto,
1134 856 1278 896 ceteris
1311 855 1501 896 omnibus
1533 857 1660 910 copiis

305 921 357 961 ad
384 920 572 973 Capuam
610 918 833 959 descendit.
893 918 949 958 ita
984 918 1060 958 tria
1096 918 1298 971 praetoria
1335 917 1441 958 circa
1474 917 1662 972 Capuam

306 988 458 1030 erecta,
496 988 576 1021 tres
609 987 647 1021 et
679 980 880 1020 exercitus
912 979 1084 1020 diversis
1120 979 1304 1033 partibus
1338 994 1440 1033 opus
1478 980 1663 1034 adgressi

305 1044 419 1085 fossa
444 1043 633 1095 valloque
659 1043 911 1083 circumdare
943 1041 1085 1082 urbem
1116 1049 1261 1096 parant
1293 1050 1331 1082 et
1363 1042 1529 1083 castella
1555 1043 1663 1083 exci-

306 1113 392 1146 tant
428 1105 597 1145 modicis
634 1103 856 1144 intervallis
894 1104 1114 1156 multisque
1153 1103 1273 1143 simul
1308 1103 1408 1144 locis
1441 1118 1534 1144 cum
1570 1119 1662 1158 pro-

308 1166 540 1207 hibentibus
562 1180 684 1219 opera
695 1164 918 1218 Campanis
939 1179 987 1205 eo
1007 1171 1155 1204 eventu
1173 1173 1370 1219 pugnant,
1393 1171 1436 1205 ut
1454 1173 1661 1218 postremo

306 1229 432 1284 portis
470 1242 667 1280 muroque
706 1242 748 1268 se
786 1227 1007 1267 contineret
1045 1227 1296 1280 Campanus.
1368 1227 1481 1281 prius
1524 1236 1660 1268 tamen

305 1306 428 1344 quam
464 1290 564 1330 haec
597 1288 929 1329 continuarentur
960 1303 1101 1342 opera,
1139 1288 1263 1342 legati
1300 1288 1352 1328 ad
1381 1288 1659 1330 Hannibalem

306 1352 438 1400 missi,
477 1351 545 1404 qui
571 1356 836 1403 quererentur
861 1350 1064 1390 desertam
1095 1349 1146 1390 ab
1173 1364 1221 1389 eo
1248 1349 1436 1403 Capuam
1463 1365 1510 1391 ac
1534 1366 1659 1405 prope

303 1413 503 1454 redditam
529 1412 726 1452 Romanis
753 1411 1151 1463 obtestarenturque,
1178 1418 1222 1450 ut
1248 1417 1343 1450 tunc
1370 1411 1514 1451 saltem
1540 1426 1660 1465 opem

304 1491 386 1516 non
422 1474 703 1515 circumsessis
736 1473 875 1521 modo,
915 1473 987 1513 sed
1018 1473 1139 1512 etiam
1171 1472 1486 1513 circumvallatis
1524 1473 1658 1514 ferret.

305 1537 540 1578 consulibus
567 1536 723 1575 litterae
745 1551 767 1575 a
787 1535 834 1574 P.
852 1534 1043 1575 Cornelio
1066 1541 1250 1588 praetore
1270 1535 1440 1584 missae,
1467 1544 1509 1575 ut
1529 1536 1662 1589 prius-

303 1615 424 1652 quam
452 1598 687 1638 clauderent
714 1596 902 1650 Capuam
929 1595 1140 1650 operibus‚
1167 1603 1411 1650 potestatem
1435 1596 1659 1652 Campanis

302 1662 500 1708 facerent,
538 1666 579 1698 ut
596 1659 676 1711 *qui
702 1673 841 1698 eorum
868 1658 1036 1707 vellent,
1075 1658 1231 1698 exirent
1256 1674 1279 1698 a
1306 1657 1451 1712 Capua
1483 1673 1659 1712 suasque

301 1737 365 1762 res
393 1736 531 1762 secum
563 1721 657 1760 inde
690 1720 859 1761 ferrent:
896 1719 1046 1761 liberos
1078 1720 1165 1760 sore
1199 1735 1353 1773 suaque
1385 1721 1522 1761 omnia
1545 1721 1661 1762 habi-

301 1791 413 1824 turos
440 1783 508 1835 qui
535 1790 627 1823 ante
653 1782 744 1822 idus
771 1781 946 1823 Martias
973 1782 1172 1830 exissent,
1204 1790 1297 1836 post
1323 1797 1413 1822 eam
1439 1783 1547 1823 diem
1572 1783 1661 1835 qui-

302 1860 380 1898 que
434 1845 614 1885 exissent
662 1844 812 1897 quique
862 1843 918 1884 ibi
971 1844 1220 1884 mansissent
1272 1844 1451 1884 hostium
1499 1844 1658 1884 futuros

300 1921 481 1946 numero.
542 1921 590 1946 ea
620 1907 880 1960 pronuntiata
907 1905 1130 1960 Campanis
1168 1912 1289 1958 atque
1331 1906 1386 1945 ita
1417 1914 1570 1959 spreta,
1615 1914 1659 1945 ut

301 1968 404 2008 ultro
437 1968 703 2008 contumelias
737 1969 916 2008 dicerent
953 1968 1296 2020 minarenturque.
1358 1967 1570 2008 Hannibal
1607 1967 1658 2008 ab

301 2030 524 2070 Herdonea
549 2029 774 2070 Tarentum
801 2030 973 2070 duxerat
997 2030 1180 2084 legiones
1214 2044 1285 2083 spe
1311 2037 1381 2069 aut
1406 2029 1446 2069 vi
1471 2036 1541 2069 aut
1566 2029 1658 2069 dolo

301 2093 403 2132 arcis
430 2092 676 2132 Tarentinae
713 2092 946 2146 potiundae.
1010 2092 1119 2145 quod
1156 2091 1227 2132 ubi
1262 2106 1406 2145 parum
1443 2091 1656 2145 processit,

301 2155 352 2194 ad
377 2154 644 2194 Brundisium
679 2154 792 2194 flexit
828 2154 920 2203 iter,
964 2154 1082 2208 prodi
1112 2153 1154 2194 id
1184 2154 1381 2207 oppidum
1416 2160 1541 2193 ratus.
1602 2152 1658 2192 ibi

299 2230 462 2269 quoque
499 2230 593 2256 cum
623 2215 775 2256 frustra
806 2222 953 2256 tereret
985 2223 1165 2270 tempus,
1209 2215 1333 2270 legati
1367 2214 1569 2269 Campani
1606 2214 1658 2254 ad

301 2293 393 2317 eum
418 2284 616 2317 venerunt
641 2285 855 2330 querentes
883 2278 1003 2318 simul
1029 2285 1285 2330 orantesque.
1328 2276 1477 2329 quibus
1496 2276 1659 2316 Hanni-

300 2339 366 2379 bal
392 2339 608 2393 magnifice
634 2339 861 2393 respondit,
901 2346 939 2380 et
970 2346 1090 2380 antea
1120 2354 1164 2380 se
1196 2338 1368 2380 solvisse
1401 2338 1657 2379 obsidionem

301 2408 339 2440 et
364 2416 471 2441 nunc
502 2401 724 2441 adventum
757 2416 875 2442 suum
909 2401 1097 2442 eonsules
1124 2415 1206 2441 non
1236 2400 1402 2441 laturos.
1463 2414 1557 2440 cum
1581 2399 1658 2439 hac

301 2477 372 2516 spe
399 2463 556 2503 dimissi
586 2462 711 2517 legati
741 2463 810 2503 vix
842 2463 1002 2517 regredi
1029 2461 1218 2516 Capuam
1248 2462 1329 2502 iam
1361 2461 1513 2515 duplici
1546 2461 1657 2501 fossa

300 2524 491 2577 valloque
518 2525 694 2565 cinctam
718 2532 954 2579 potuerunt.

384 2586 561 2626 XXIII.
623 2585 732 2627 Cum
757 2602 948 2627 maxume
976 2586 1121 2641 Capua
1147 2586 1538 2633 circumvallaretur,
1578 2583 1656 2637 Sy-

301 2661 537 2688 racusarum
574 2649 826 2702 oppugnatio
863 2649 916 2688 ad
951 2649 1075 2689 finem
1111 2649 1246 2697 venit,
1295 2654 1578 2701 praeterquam
1614 2644 1655 2683 vi

302 2721 349 2747 ae
384 2708 529 2749 virtute
561 2709 676 2749 ducis
709 2710 1011 2762 exercitusque,
1049 2710 1240 2750 intestina
1271 2710 1392 2748 etiam
1428 2706 1654 2761 proditione
