1815 3184
457 229 610 264 LIBER
635 229 786 274 xxm,
811 229 867 262 44.
887 227 942 262 45.
971 230 1018 272 [a.
1035 227 1074 262 e.
1088 228 1170 271 215]
1410 217 1490 259 159

134 333 262 383 dedit,
290 338 333 373 ut
359 331 481 374 simul
506 331 558 373 ab
583 333 694 373 omni
713 338 827 387 parte
847 332 1008 373 moenia
1027 330 1331 386 adgrederetur.
1369 345 1491 384 quem
1518 345 1538 373 4

132 402 177 436 ut
198 394 448 436 successisse
467 394 594 435 muris
608 393 833 435 Marcellus
851 394 965 443 vidit,
992 394 1191 434 instructa
1209 393 1315 434 intra
1335 399 1494 447 portam

132 457 219 498 acie
256 471 349 497 cum
385 470 535 511 magno
572 456 750 496 tumultu
786 456 932 510 erupit.
992 456 1145 509 aliquot
1177 455 1308 510 primo
1339 456 1496 509 impetu

131 518 310 573 perculsi
335 518 526 570 caesique
553 524 665 567 sunt,
703 518 797 558 dein
829 532 1031 559 concursu
1056 517 1108 558 ad
1132 517 1353 572 pugnantis
1384 517 1495 557 facto

133 581 401 634 aequatisque
426 579 581 620 viribus
608 586 724 620 atrox
745 595 834 621 esse
854 581 990 634 coepit
1013 594 1170 634 pugna,
1197 578 1495 620 memorabilis-

133 657 214 695 que
250 642 356 682 inter
386 656 538 696 paucas
571 641 736 691 fuisset,
774 642 817 682 ni
846 641 1083 697 ingentibus
1114 641 1305 696 procellis
1337 641 1494 682 effusus

131 703 264 745 imber
288 704 521 744 diremisset
544 704 778 759 pugnantis.

218 765 284 806 Eo
321 766 386 806 die
423 766 644 806 commisso
686 766 847 806 modico
890 766 1111 806 certamine
1154 771 1277 819 atque
1318 764 1492 805 inritatis
1520 778 1539 807 5

133 828 280 870 animis
306 828 348 868 in
367 827 511 869 urbem
524 828 715 877 Romani,
742 828 874 869 Poeni
899 828 940 868 in
966 835 1098 868 castra
1117 834 1358 881 receperunt
1384 841 1494 867 sese:

131 898 269 930 tamen
288 890 524 931 Poenorum
549 890 682 944 prima
706 890 918 943 eruptione
944 890 1123 943 perculsi
1149 890 1383 930 ceciderunt
1408 904 1495 929 am-

130 952 238 1007 plius
275 952 582 1006 quadringenti,
631 951 810 991 Romani
852 951 1163 1005 quinquaginta.
1224 950 1356 991 imber
1399 965 1496 991 con-
1522 964 1539 993 6

131 1014 262 1054 tineus
287 1028 360 1067 per
384 1022 545 1053 noctem
571 1019 698 1053 totam
724 1027 855 1065 usque
887 1012 939 1052 ad
963 1012 1107 1051 horam
1138 1012 1299 1052 tertiam
1331 1013 1412 1052 dici
1436 1012 1498 1051 in-

131 1075 339 1128 sequentis
376 1074 528 1123 tenuit3
577 1075 714 1127 itaque
751 1088 1005 1127 quamquam
1041 1080 1213 1126 utraque
1256 1088 1350 1127 pars
1387 1073 1498 1113 avidi

130 1136 362 1177 certaminis
389 1141 520 1184 erant,
548 1150 596 1176 eo
617 1136 682 1176 die
702 1142 921 1175 tenuerunt
943 1149 1033 1175 sese
1054 1141 1191 1175 tamen
1217 1135 1495 1176 munimentis.

129 1197 246 1238 tertio
272 1198 336 1238 die
356 1197 570 1238 Hannibal
595 1204 754 1251 partem
782 1197 993 1251 copiarum
1018 1197 1260 1251 praedatum
1286 1197 1327 1236 in
1352 1212 1497 1251 agrum

128 1258 333 1300 Nolanum
370 1259 493 1299 misit.
555 1259 670 1313 quod
707 1259 778 1300 ubi
815 1259 1103 1299 animadvertit
1138 1258 1383 1308 Marcellus,
1427 1273 1497 1298 ex-
1524 1274 1540 1302 7

129 1321 281 1375 templo
304 1321 346 1361 in
366 1321 496 1361 aciem
518 1321 656 1376 copias
678 1321 832 1370 eduxit,
859 1335 992 1374 neque
1007 1320 1220 1362 Hannibal
1241 1321 1496 1362 detractavit.

129 1383 239 1423 mille
265 1382 350 1423 fere
375 1397 575 1437 passuum
600 1384 707 1424 inter
730 1383 875 1424 urbem
902 1390 1014 1424 erant
1035 1390 1269 1436 castraque:
1297 1397 1344 1424 eo
1366 1383 1498 1437 spatio

130 1451 215 1485 -et
241 1451 335 1485 sunt
361 1445 497 1486 onmia
517 1446 651 1499 campi
672 1446 779 1486 circa
792 1445 1304 1486 Nolam—coneurrcrunt.
1344 1445 1498 1486 clamor
1522 1458 1541 1488 8

132 1521 183 1547 ex
208 1514 323 1560 parte
345 1513 516 1560 utraque
537 1507 722 1549 sublatus
742 1507 952 1562 proximos
973 1522 1024 1547 ex
1045 1507 1281 1548 cohortibus
1302 1507 1364 1557 iis,
1392 1521 1497 1560 quae

131 1569 173 1609 in
198 1584 320 1623 agros
346 1569 588 1623 praedatum
608 1569 808 1618 exierant,
836 1569 888 1610 ad
907 1569 1108 1623 proelium
1126 1570 1209 1610 iam
1230 1569 1497 1610 commissum

131 1631 351 1671 revocavit.
419 1637 457 1670 et
494 1630 643 1671 Nolani
679 1631 809 1671 aciem
846 1631 1080 1671 Romanam
1123 1637 1344 1680 auxerunt,
1393 1645 1497 1684 quos
1525 1645 1542 1674 9

132 1693 399 1734 conlaudatos
436 1692 661 1733 Marcellus
698 1693 741 1733 in
785 1692 981 1734 subsidiis
1026 1699 1132 1733 stare
1170 1700 1210 1734 et
1247 1693 1409 1734 saucios
1446 1707 1498 1733 ex

132 1755 218 1796 acie
244 1754 388 1795 efferre
413 1755 552 1804 iussit,
589 1769 731 1809 pugna
757 1754 982 1804 abstinere,
1020 1755 1062 1795 ni
1093 1754 1144 1796 ab
1171 1769 1214 1796 se
1241 1755 1405 1810 signum
1431 1769 1498 1795 ac-

133 1817 351 1872 cepissent.

216 1878 465 1920 XXXXV.
514 1878 727 1920 Proelium
754 1885 839 1920 erat
865 1893 1034 1933 anceps:
1063 1893 1225 1920 summa
1251 1878 1290 1918 vi
1311 1884 1350 1919 et
1369 1879 1496 1920 duces
1525 1893 1540 1922 1

132 1941 399 1983 hortabantur
430 1949 469 1982 et
501 1942 649 1983 milites
682 1940 936 1996 pugnabant.
996 1940 1220 1981 Marcellus
1253 1940 1371 1982 x'ictis
1404 1948 1497 1981 ante

134 2004 242 2044 diem
273 2004 454 2053 tertium,
493 2004 646 2059 fugatis
684 2012 777 2044 ante
807 2018 962 2058 paucos
994 2003 1081 2044 dies
1113 2019 1137 2044 a
1163 2002 1328 2052 Cumis,
1366 2002 1497 2056 pulsis

134 2065 267 2119 priore
293 2080 399 2106 anno
425 2065 476 2107 ab
501 2066 607 2106 Nola
633 2065 683 2106 ab
712 2065 858 2107 eodem
885 2080 929 2106 se
955 2065 1058 2106 duce
1084 2065 1210 2105 milite
1242 2065 1321 2105 alio
1346 2065 1498 2105 instare

134 2126 259 2167 iubet.
308 2142 390 2167 non
416 2128 548 2168 omnis
575 2143 666 2168 esse
690 2128 732 2168 in
758 2127 862 2176 acie,
889 2127 1123 2181 praedantis
1149 2127 1292 2181 vagari
1317 2127 1359 2166 in
1384 2141 1496 2181 agro.
1524 2140 1542 2169 2

137 2188 209 2230 scd
234 2188 303 2241 qui
328 2196 512 2244 pugnent
537 2204 717 2230 marcere
734 2188 949 2243 Campana
972 2189 1146 2238 luxuria,
1175 2189 1269 2228 vino
1295 2194 1335 2229 et
1354 2188 1497 2229 scortis

136 2251 411 2305 omnibusque
441 2251 580 2292 lustris
611 2267 684 2306 per
717 2258 843 2292 totam
868 2252 1045 2292 hiemem
1077 2250 1299 2292 confectos.
1361 2250 1498 2291 abisse
1524 2265 1542 2294 3

136 2313 248 2353 illam
274 2314 357 2354 vim
382 2314 668 2369 vigoremque,
695 2315 856 2369 dilapsa
881 2329 971 2356 esse
996 2314 1145 2356 robora
1170 2329 1387 2369 corporum
1413 2315 1499 2355 ani-

137 2390 398 2428 morumque,
448 2375 597 2429 quibus
634 2376 838 2430 Pyrenaei
874 2376 1129 2431 Alpiumque
1178 2383 1371 2431 superata
1418 2376 1496 2417 sint

136 2437 245 2491 iuga.
294 2437 486 2491 reliquias
512 2437 673 2478 illorum
698 2438 878 2478 virorum
904 2439 973 2478 vix
998 2454 1129 2487 arma,
1167 2438 1352 2479 membra
1377 2438 1500 2480 susti-

138 2499 270 2540 nentis
302 2514 500 2554 pugnare.
563 2499 751 2554 Capuam
783 2500 1010 2541 Hannibali
1042 2499 1208 2541 Cannas
1240 2500 1381 2541 fuisse.
1441 2500 1497 2540 ibi
1523 2514 1542 2542 4

137 2561 328 2602 virtutem
354 2561 562 2610 bellicam,
589 2562 645 2602 ibi
671 2562 887 2602 militarem
913 2563 1190 2616 disciplinam,
1216 2562 1274 2603 ibi
1291 2562 1498 2616 praeteriti

138 2623 333 2677 temporis
360 2623 532 2673 famam,
560 2623 616 2665 ibi
642 2639 758 2678 spem
784 2624 911 2664 futuri
938 2625 1171 2665 extinctam.

225 2685 333 2726 Cum
352 2685 454 2726 hacc
473 2686 758 2741 exprobrando
772 2686 880 2728 hosti
894 2686 1117 2729 Marcellus
1134 2702 1300 2729 suorum
1321 2687 1495 2727 militnm
1522 2701 1541 2729 5
