1815 3184
458 224 610 258 LissEa
637 224 786 269 xxm,
816 226 938 260 1213.
970 225 1166 269 [1102113]
1414 216 1493 256 125

143 328 397 377 ‘Himilconi‚
414 343 495 369 non
515 328 672 369 desisse
692 329 898 383 paenitere
920 344 983 370 me
1004 329 1100 370 belli
1119 344 1250 384 neque
1265 329 1492 369 desiturum

141 397 232 430 ante
258 390 455 430 invictum
482 397 660 430 vestrum
682 391 967 445 imperatorem
987 392 1173 432 incusare
1193 406 1314 444 quam
1335 391 1493 430 finitum

140 451 275 504 aliqua
301 451 501 492 tolerabili
527 452 764 492 condicione
793 452 943 492 bellum
970 454 1127 503 videro3
1154 468 1230 494 nec
1256 453 1355 492 mihi
1380 452 1493 506 pacis

139 514 329 566 antiquae
365 514 614 554 desiderium
646 514 728 554 ulla
765 514 844 555 alia
875 530 938 555 res
971 530 1093 568 quam
1126 531 1206 569 pax
1236 531 1342 555 nova
1367 515 1492 555 finiet.

140 576 276 628 itaque
301 576 397 624 ista,
426 590 531 628 quae
557 576 679 616 modo
704 576 834 631 Mago
860 576 1044 626 iactavit,
1076 577 1303 617 Himilconi
1329 576 1494 617 ceteris-

140 653 219 691 que
245 638 492 678 Hannibalis
532 638 774 679 satellitibus
806 639 888 678 iam
919 639 1026 680 laeta
1052 647 1163 680 sunt:
1196 639 1294 679 mihi
1320 645 1494 693 possunt

138 701 244 741 laeta
270 715 377 748 esse,
406 701 501 753 quia
524 715 589 741 res
610 699 716 741 bello
742 700 845 741 bene
870 708 1029 755 gestae,
1057 702 1091 742 si
1116 702 1305 742 volumus
1331 701 1495 743 fortuna

139 763 214 811 uti,
252 777 395 816 pacem
423 762 539 803 nobis
572 763 805 815 aequiorem
832 763 999 803 dabunt.
1055 778 1149 804 nam
1183 764 1216 804 si
1241 763 1494 818 praetermit-

138 825 260 864 timus
275 824 351 865 hoc
366 831 540 878 tempus,
567 839 647 877 quo
668 824 798 878 magis
820 824 916 864 dare
931 839 1054 877 quam
1069 826 1253 879 accipere
1273 840 1493 880 possumus

138 886 266 926 videri
285 901 447 940 pacem,
475 900 617 926 vereor
636 901 685 926 ne
706 886 806 926 haec
826 900 988 938 quoque
1008 887 1161 927 laetitia
1180 888 1355 928 luxuriet
1375 887 1493 928 nobis

138 963 185 988 ac
211 963 316 988 vana
341 948 499 988 evadat.
549 962 653 999 quae
680 954 816 987 tamen
841 962 950 987 1111110
975 962 1137 1001 quoque
1164 949 1295 1001 qualis
1316 949 1402 989 est?
1427 964 1494 989 oc-

139 1010 217 1050 cidi
243 1010 444 1049 exercitus
471 1009 649 1049 hostium
670 1034 723 1037 —
749 1009 894 1048 mittite
920 1009 1068 1050 milites
1096 1011 1206 1050 mihi.
1258 1011 1356 1063 quid
1383 1012 1493 1051 aliud

137 1086 321 1126 rogares,
350 1071 384 1111 si
398 1084 511 1110 esses
526 1070 684 1110 vietus?
720 1069 899 1110 hostium
920 1071 1008 1124 cepi
1030 1071 1125 1111 bina
1139 1078 1290 1119 castra,
1316 1073 1492 1126 praedae

136 1133 325 1173 videlicet
349 1132 470 1185 plena
495 1137 533 1171 et
560 1136 833 1171 commeatum
856 1158 908 1161 ——
935 1132 1184 1173 frumentum
1213 1142 1251 1174 et
1275 1135 1491 1188 pecuniam

136 1195 241 1235 date.
301 1194 400 1246 quid
437 1193 565 1242 aliud,
605 1194 638 1233 si
671 1193 887 1247 spoliatus,
927 1194 961 1235 si
998 1202 1145 1235 exutus
1184 1196 1326 1236 castris
1365 1211 1491 1247 esses,

134 1255 319 1310 peteres?
366 1262 405 1296 et
440 1270 491 1296 ne
527 1256 664 1296 onmia
700 1256 788 1309 ipse
825 1256 947 1296 mirer
971 1282 1003 1285 —
1027 1256 1128 1296 mihi
1165 1271 1327 1311 quoque
1371 1259 1490 1309 enim,

134 1317 327 1370 quoniam
352 1317 544 1371 respondi
565 1317 809 1366 Himilconi,
836 1317 1088 1373 interrogare
1114 1319 1176 1359 ius
1203 1319 1350 1373 fasque
1376 1328 1490 1371 est—,

135 1379 257 1419 velim
289 1394 361 1420 scu
387 1379 568 1420 Himilco
601 1394 674 1420 seu
699 1379 828 1435 Mago
859 1381 1123 1434 respondeat,
1164 1396 1257 1422 cum
1288 1383 1339 1423 ad
1370 1383 1493 1424 inter-

134 1441 345 1481 necionem
372 1441 550 1481 Romani
581 1442 740 1495 imperii
771 1449 1002 1496 pugnatum
1034 1443 1086 1483 ad
1113 1442 1280 1484 Cannas
1315 1445 1365 1485 sit
1397 1460 1493 1486 con-

136 1509 295 1555 stetque
320 1503 362 1542 in
387 1503 660 1543 defectionem
686 1510 813 1544 totam
839 1504 1001 1544 Italiam
1033 1519 1143 1554 esse,
1188 1506 1383 1560 primum,
1427 1522 1492 1548 ec-

135 1564 225 1618 quis
250 1565 392 1604 Latini
417 1564 593 1605 nominis
620 1565 798 1619 populus
825 1566 1020 1606 defecerit
1045 1567 1097 1607 ad
1122 1582 1210 1616 neS,
1239 1568 1398 1618 deinde,
1427 1584 1492 1610 00-

135 1626 226 1678 quis
252 1626 374 1666 1101110
400 1641 450 1666 cx
476 1626 655 1679 quinque
682 1633 721 1666 et
740 1627 906 1681 triginta
926 1627 1114 1669 tribubus
1141 1630 1192 1670 ad
1212 1630 1491 1671 Hannibalem

134 1688 439 1742 transfugerit?
487 1703 581 1728 eum
617 1695 834 1741 utrumque
865 1689 995 1744 Mago
1031 1699 1242 1745 negasset,
1294 1692 1491 1733 ‘hostium

134 1750 299 1803 quidem
326 1750 440 1805 crgo'
470 1750 601 1803 inquit
629 1750 781 1790 ‘adhuc
806 1751 926 1791 nimis
954 1753 1127 1793 multum
1159 1761 1358 1808 superest.
1421 1756 1493 1796 scd

134 1812 351 1852 multitudo
389 1827 436 1852 ea
473 1812 571 1865 quid
608 1812 837 1853 animorum
873 1813 1023 1866 quidve
1060 1816 1148 1869 spei
1184 1815 1350 1866 habeat,
1389 1818 1492 1858 scire

134 1874 287 1914 velim.’

218 1936 347 1977 XIII.
410 1935 518 1977 Cum
548 1938 589 1978 id
622 1938 778 1978 nescire
804 1937 934 1993 Mago
967 1939 1136 1988 diceret,
1181 1940 1299 1981 ‘nihil
1330 1941 1490 1983 facilius

136 1999 240 2039 scitu
266 1998 344 2038 est'
369 1999 512 2052 inquit.
565 2004 734 2054 ‘ecquos
760 2000 920 2055 legatos
948 2001 999 2041 ad
1013 2001 1293 2042 Hannibalem
1313 2003 1492 2044 Romani

134 2060 331 2100 miserunt
373 2061 423 2101 de
464 2062 596 2115 paee?
655 2077 826 2115 ecquam
870 2062 1045 2115 denique
1088 2064 1336 2105 mentionem
1378 2067 1491 2119 pacis

135 2122 292 2162 Romae
318 2122 468 2162 factam
496 2138 586 2164 esse
612 2124 792 2164 adlatum
819 2125 870 2164 ad
896 2140 969 2165 vos
996 2125 1098 2165 est?'
1142 2140 1235 2166 cum
1259 2127 1300 2166 id
1327 2142 1489 2181 quoque

136 2190 345 2237 negasset,
387 2184 557 2225 ‘bellum
588 2186 729 2240 igitur'
761 2186 891 2239 inquit
925 2192 1026 2227 ‘tam
1057 2187 1263 2242 integrum
1289 2189 1489 2230 habemus

135 2260 259 2298 quam
290 2246 508 2288 habuimus
541 2262 622 2301 qua
653 2249 717 2288 dic
750 2248 961 2289 Hannibal
992 2250 1033 2290 in
1064 2250 1226 2291 Italiam
1265 2259 1326 2292 est
1362 2259 1492 2293 trans—

135 2322 316 2361 gressus.
367 2323 489 2361 quam
522 2310 634 2350 varia
665 2310 834 2350 victoria
864 2311 997 2364 priore
1024 2311 1183 2353 Punico
1215 2313 1322 2354 bello
1354 2314 1489 2364 fuerit,
1518 2329 1533 2340 ⁰

135 2369 315 2423 plerique
347 2370 416 2423 qui
447 2371 753 2412 meminerimus
786 2387 1067 2426 supersumus.
1128 2390 1352 2428 numquam
1385 2384 1491 2417 terra

135 2431 316 2484 marique
353 2433 485 2486 magis
522 2447 741 2487 prosperae
784 2450 848 2475 res
886 2441 1048 2475 nostrae
1085 2437 1198 2477 visae
1237 2445 1331 2478 sunt
1367 2453 1490 2491 quam

135 2499 227 2532 ante
265 2493 454 2534 consules
493 2493 541 2534 C.
580 2495 795 2535 Lutatium
833 2503 871 2536 et
909 2495 962 2536 A.
1000 2497 1262 2539 Postumium
1304 2499 1487 2541 fuerunt:

133 2554 304 2595 Lutatio
341 2561 381 2595 et
411 2555 627 2597 Postumio
665 2557 903 2598 consulibus
942 2558 1091 2600 devicti
1128 2561 1180 2601 ad
1216 2560 1391 2616 Aegatis
1428 2563 1489 2602 in-

134 2616 244 2656 sulas
273 2632 426 2657 sumus.
488 2619 599 2671 quod
625 2619 676 2668 si,
714 2619 755 2659 id
781 2620 890 2672 quod
915 2620 955 2660 di
989 2636 1109 2662 omen
1139 2630 1342 2673 avertant,
1380 2640 1488 2665 nune

133 2692 296 2732 quoque
316 2678 479 2720 fortuna
498 2680 651 2735 aliquid
673 2681 901 2732 variaverit,
929 2688 1014 2723 tum
1035 2698 1179 2738 pacem
1201 2685 1373 2740 speratis
1395 2701 1488 2727 cum

1523 589 1556 617 ll

1523 965 1560 994 13

1523 1089 1557 1116 14

1521 1275 1559 1303 15)

1522 1523 1558 1550 16

1522 1699 1567 1736 17

1516 2143 1533 2171 [C

1517 2341 1534 2357 O
