1815 3184
320 254 403 294 466
596 258 750 293 LIBER
773 259 980 302 XXVIIII,
1006 259 1061 292 22.
1081 259 1136 292 23.
1164 261 1212 301 [a.
1225 270 1261 293 u.
1276 270 1306 293 c.
1320 260 1402 305 550]

258 378 296 408 12
322 378 421 418 pore
452 363 494 402 in
519 362 709 402 Africam
739 361 1029 409 traiciendum,
1064 360 1332 415 Scipionique
1356 362 1671 416 permitteretur,

320 434 365 464 ut
390 427 500 464 exis
527 423 794 472 exercitibus,
832 423 902 476 qui
933 423 975 462 in
1002 421 1143 463 Sicilia
1174 431 1332 472 essent,
1369 423 1459 478 ipse
1490 425 1671 479 eligeret,

319 501 422 539 quos
453 486 495 526 in
519 485 709 528 Africam
743 499 885 526 secum
916 485 1123 534 traiceret,
1162 499 1265 538 quos
1291 485 1527 540 provinciae
1551 487 1674 527 reliu-

319 555 461 601 queret
486 547 706 601 praesidio.

276 619 291 647 1
404 608 585 649 XXIII.
622 608 739 648 Dum
763 607 865 648 haec
891 608 1001 662 apud
1019 608 1233 649 Romanos
1259 616 1470 663 geruntur,
1498 607 1674 649 Carthafl

319 671 528 726 ginienses
561 684 743 724 quoque,
782 684 876 710 cum
908 670 1086 725 speculis
1119 685 1193 725 per
1225 671 1362 712 omnia
1391 672 1675 726 promunturia

318 733 463 788 positis
505 740 822 787 percunctantes
864 740 1147 787 paventesque
1191 733 1245 773 ad
1285 732 1470 787 singulos
1506 734 1672 774 nuntios

274 810 291 838 ‘2
320 795 537 836 sollicitam
563 794 742 835 hiemem
768 794 971 848 egissent,
997 793 1109 834 haud
1128 808 1303 848 parvum
1328 804 1368 834 et
1392 794 1472 848 ipsi
1496 795 1673 835 tuendae

318 857 488 897 Africae
514 864 767 897 momentum
794 856 1032 896 adiecerunt
1058 856 1297 897 societatem
1318 855 1523 911 Syphacis
1548 856 1672 911 regis,

319 919 434 959 cuius
466 919 645 959 maxime
676 918 827 958 fiducia
859 918 1125 958 traiecturum
1155 918 1197 958 in
1222 918 1412 958 Africam
1436 918 1672 959 Romanum

274 995 292 1024 3
319 981 593 1021 crediderunt.
632 989 718 1021 erat
737 980 993 1020 Hasdrubali
1016 979 1215 1034 Gisgonis
1236 980 1320 1020 filio
1340 995 1422 1020 non
1449 980 1672 1034 hospitium

318 1043 440 1083 modo
466 1057 559 1082 cum
583 1057 701 1096 rege,
729 1042 779 1082 de
806 1056 886 1094 quo
914 1049 1007 1082 ante
1034 1041 1190 1081 dictum
1214 1052 1294 1090 est,
1322 1056 1414 1081 cum
1441 1056 1491 1082 ex
1516 1041 1673 1096 Hispa-

317 1104 386 1144 nia
422 1105 526 1145 forte
564 1104 605 1144 in
635 1104 746 1144 idem
777 1111 940 1158 tempus
975 1102 1117 1158 Scipio
1149 1112 1271 1156 atque
1302 1103 1544 1144 Hasdrubal
1576 1118 1672 1144 con-

318 1174 538 1213 venerunt,
573 1166 646 1206 sed
671 1165 824 1205 mentio
851 1179 1014 1218 quoque
1039 1165 1232 1205 incohata
1257 1164 1499 1214 adfinitatis,
1531 1174 1574 1205 ut
1599 1180 1670 1206 rex

274 1242 293 1269 4
319 1227 485 1267 duceret
512 1227 636 1266 filiam
656 1226 948 1266 Hasdrubalis,
999 1226 1051 1266 ad
1077 1241 1167 1266 eam
1191 1242 1278 1267 rem
1305 1227 1671 1267 consummandam

319 1298 564 1344 tempusque
589 1289 742 1343 nuptiis
771 1288 1033 1328 statuendum
1052 1289 1185 1328 -iam
1210 1288 1320 1328 enim
1345 1298 1383 1329 et
1409 1288 1559 1328 nubilis
1587 1298 1673 1329 erat.

319 1351 436 1405 virgo
462 1376 494 1379 —
517 1352 728 1406 profectus
750 1350 990 1390 Hasdrubal
1015 1359 1061 1390 ut
1087 1364 1306 1390 accensum
1332 1350 1554 1404 cupiditate
1574 1375 1606 1378 —
1632 1358 1671 1390 ct

319 1422 413 1454 sunt
446 1423 539 1453 ante
571 1413 703 1453 omnis
729 1412 933 1453 Numidae
965 1412 1163 1452 barbaros
1195 1411 1317 1452 effusi
1341 1412 1383 1451 in
1407 1413 1615 1453 Venerem
1640 1437 1672 1440 —

319 1476 459 1524 sensit,
487 1475 689 1529 virginem
709 1490 731 1514 a
748 1473 1002 1527 Carthagine
1024 1472 1196 1512 arcessit
1215 1482 1474 1525 maturatque
1493 1473 1671 1527 nuptias,

273 1551 291 1579 5
318 1545 357 1577 et
382 1537 487 1577 inter
513 1537 634 1576 aliam
661 1535 997 1590 gratulationem,
1028 1543 1075 1574 ut
1098 1534 1308 1588 publicum
1335 1547 1497 1586 quoque
1524 1534 1671 1575 foedus

316 1599 476 1653 privato
509 1598 749 1645 adiceretur,
790 1596 965 1637 societas
997 1596 1102 1636 inter
1126 1595 1326 1650 populum
1354 1594 1672 1651 Carthaginien-

319 1661 424 1700 sium
454 1674 697 1714 regemque,
736 1659 832 1698 data
862 1658 970 1698 ultro
1003 1658 1185 1710 citroque
1217 1658 1297 1698 fide
1324 1657 1493 1698 eosdem
1518 1658 1671 1699 amicos

273 1736 290 1764 6
316 1722 586 1774 inimicosque
612 1720 845 1768 habituros,
871 1720 958 1760 iure
984 1719 1157 1759 iurando
1184 1719 1435 1760 adfirmatur.
1491 1727 1672 1760 ceterum

316 1784 577 1831 Hasdrubal,
610 1798 767 1823 memor
794 1793 834 1823 et
859 1796 951 1822 cum
979 1780 1174 1837 Scipione
1199 1781 1323 1822 initae
1348 1782 1437 1836 regi
1463 1782 1671 1823 societatis

317 1857 355 1886 et
394 1861 518 1898 quam
554 1860 661 1885 vana
698 1853 739 1885 et
774 1844 989 1885 mutabilia
1019 1844 1289 1885 barbarorum
1320 1843 1488 1898 ingenia
1518 1853 1670 1893 essent,

317 1908 491 1957 veritus,
523 1922 575 1947 ne
603 1908 637 1947 si
661 1907 892 1947 traiecisset
915 1906 958 1946 in
982 1906 1172 1946 Africam
1199 1904 1358 1960 Scipio,
1383 1920 1557 1960 parvum
1583 1906 1672 1946 vin-

274 1983 290 2011 7
319 1970 456 2009 culum
488 1984 559 2009 eae
591 1969 759 2023 nuptiae
791 1976 949 2017 essent,
984 1968 1082 2007 dum
1108 1982 1329 2008 accensum
1352 1967 1506 2007 recenti
1533 1982 1670 2008 amore

315 2031 539 2072 Numidam
570 2030 712 2079 habet,
751 2030 942 2085 perpellit
973 2030 1168 2070 blanditis
1201 2043 1363 2082 quoque
1401 2029 1563 2083 puellae
1601 2029 1672 2069 ad-

316 2093 475 2141 hibitis,
512 2100 559 2133 ut
588 2092 749 2147 legatos
775 2092 817 2132 in
845 2091 1030 2132 Siciliam
1062 2091 1113 2131 ad
1140 2090 1379 2146 Scipionem
1409 2090 1562 2139 mittat,
1599 2106 1672 2145 per

317 2170 419 2208 quos
451 2163 620 2196 moneat
649 2169 763 2203 eum,
801 2168 852 2194 ne
883 2154 1089 2209 prioribus
1122 2154 1207 2194 suis
1232 2152 1447 2208 promissis
1474 2152 1603 2193 fretus
1629 2152 1671 2192 in

272 2230 290 2259 8
315 2217 506 2258 Africam
531 2216 709 2257 traiciat:
738 2231 781 2256 se
807 2224 848 2256 et
868 2216 1022 2270 nuptiis
1043 2215 1143 2256 civis
1161 2214 1538 2269 Carthaginiensis,
1564 2213 1671 2254 filiae

315 2279 614 2327 Hasdrubalis,
642 2293 764 2332 quem
788 2278 935 2319 viderit
955 2278 1065 2332 apud
1091 2293 1135 2318 se
1160 2277 1202 2317 in
1222 2276 1420 2332 hospitio,
1447 2284 1487 2317 et
1505 2276 1671 2330 publico

317 2343 440 2382 etiam
465 2341 631 2382 foedere
659 2355 752 2380 cum
777 2340 930 2394 populo
958 2338 1295 2393 Carthaginiensi
1318 2338 1504 2379 iunctum
1529 2347 1671 2392 optare

273 2415 290 2444 9
316 2404 512 2458 primum,
539 2411 583 2443 ut
602 2402 744 2457 procul
765 2402 816 2442 ab
830 2402 994 2450 Atrica,
1022 2401 1128 2442 sicut
1147 2401 1281 2441 adhuc
1300 2400 1490 2448 fecerint,
1517 2399 1672 2439 bellum

315 2465 495 2506 Romani
527 2480 619 2504 cum
646 2463 1061 2518 Carthaginiensibus
1094 2471 1258 2518 gerant,
1290 2477 1342 2502 ne
1368 2462 1445 2502 sibi
1470 2462 1671 2502 interesse

318 2527 609 2567 ce1ta1ninibus
643 2541 784 2567 comm
817 2540 1012 2578 armaque
1045 2532 1115 2565 aut
1145 2525 1247 2565 haec
1273 2532 1343 2564 aut
1367 2523 1454 2570 illa,
1488 2523 1670 2563 abnuen-

255 2600 292 2628 10
318 2595 400 2628 tem
432 2588 602 2628 alteram
634 2588 891 2636 societatem,
931 2587 1046 2640 sequi
1073 2600 1244 2627 necesse
1277 2586 1341 2626 sit.
1403 2584 1437 2625 si
1461 2600 1545 2625 non
1576 2584 1670 2625 abs-

317 2649 442 2689 tineat
474 2649 621 2688 Africa
654 2647 794 2703 Scipio
827 2657 867 2689 et
899 2647 1145 2703 Carthagini
1176 2647 1402 2688 exercitum
1439 2646 1668 2692 admoveat,

319 2710 396 2749 sibi
426 2710 706 2749 necessarium
739 2711 826 2750 fore
852 2718 891 2750 et
916 2725 990 2764 pro
1016 2718 1125 2750 terra
1148 2709 1313 2757 Africa,
1344 2708 1387 2747 in
1412 2721 1493 2759 qua-
1517 2713 1556 2746 et
1580 2705 1668 2760 ipse
