1815 3184
262 2032 280 2060 10

311 249 392 290 208
601 255 749 289 LIBER
774 255 942 299 XXIIII,
968 255 1022 289 44.
1042 255 1095 288 45.
1123 258 1220 298 [a..u.
1236 256 1361 300 0.541]

312 359 487 401 Graecia
512 357 838 411 Macedoniaque
870 372 962 399 cum
994 357 1155 412 legione
1187 365 1227 399 et
1256 358 1405 409 classe,
1443 373 1566 412 quam
1589 362 1658 402 ha-

310 423 439 470 beret,
480 420 531 473 Q.
558 420 701 462 Mucio
738 435 831 461 cum
867 428 1002 462 vetere
1039 421 1220 462 exercitu
1242 446 1277 451 -—
1301 421 1405 462 duae
1436 429 1573 463 autem
1605 423 1662 464 le-

309 484 452 538 giones
479 490 591 523 erant
616 508 649 511 —
675 481 883 532 Sardinia,
923 481 972 523 C.
1000 482 1192 523 Terentio
1217 483 1325 538 legio
1356 498 1455 532 una,
1494 483 1558 523 cui
1581 484 1661 524 iam

309 552 512 600 praeerat,
552 544 641 600 [ad]
674 544 887 586 Picenum.
948 544 1070 585 scribi
1099 552 1309 599 praetcrea
1344 545 1449 585 duae
1484 544 1663 585 urbanae

309 607 491 662 legiones
529 607 665 647 iussae
703 613 741 647 et
777 607 923 661 viginti
958 607 1070 647 milia
1106 607 1322 648 sociorum.
1382 606 1445 647 his
1477 606 1662 655 ducibus,

309 669 373 709 his
411 668 538 722 copiis
575 668 772 709 adversus
810 668 938 708 multa
974 668 1095 708 simul
1131 675 1200 709 aut
1229 675 1339 709 mota
1370 675 1439 709 aut
1475 674 1666 722 suspecta

310 730 418 771 bella
442 730 703 770 muniverunt
727 730 961 770 Romanum
985 729 1214 783 imperium.

396 790 620 841 Consules,
658 791 817 832 duabus
848 791 1016 832 urbanis
1046 791 1277 846 legionibus
1310 791 1469 845 scriptis
1503 790 1665 845 supple-

310 860 530 906 mentoque
566 854 608 893 in
644 853 744 894 alias
780 853 903 901 lecto,
941 853 1180 907 priusquam
1216 853 1268 894 ab
1305 853 1404 893 urbe
1440 860 1664 901 moverent,

309 915 497 969 prodigia
521 921 806 969 procurarunt,
833 929 937 967 quae
962 915 1147 956 nuntiata
1172 921 1296 955 erant.
1348 913 1502 970 [Antii]
1524 928 1665 954 murus

310 990 358 1017 ac
393 983 532 1030 portae
569 984 700 1017 tactae
737 983 776 1017 et
806 976 971 1017 Ariciae
1008 976 1130 1017 etiam
1167 977 1278 1017 Iovis
1315 977 1428 1017 aedis
1466 977 1516 1016 de
1553 974 1665 1016 caelo

310 1045 417 1079 tacta
442 1039 586 1080 fuerat.
643 1046 682 1079 et
707 1039 785 1079 alia
810 1039 985 1080 ludibria
1010 1039 1220 1080 oculorum
1246 1039 1487 1092 auriumque
1513 1038 1666 1079 credita

309 1113 382 1153 pro
408 1101 534 1141 veris:
560 1101 727 1141 navium
746 1101 961 1155 longarum
983 1101 1139 1155 species
1158 1101 1198 1140 in
1218 1101 1384 1141 flumine
1406 1100 1662 1148 Tarracinae,

309 1174 391 1213 qua
414 1162 525 1202 nulla
551 1169 653 1211 erat,
680 1162 811 1211 visae,
839 1169 878 1202 et
903 1163 944 1202 in
969 1162 1081 1202 Iovis
1101 1162 1266 1203 Vicilini
1291 1162 1461 1216 templo,
1488 1162 1599 1215 quod
1623 1162 1665 1201 in

312 1223 549 1277 Compsano
575 1238 674 1277 agro
700 1230 779 1272 est,
818 1239 931 1263 arma
956 1224 1260 1277 concrepuisse,
1301 1230 1339 1264 et
1369 1224 1522 1264 fiumen
1547 1224 1665 1263 Ami-

310 1285 413 1325 terni
438 1291 650 1325 cruentum
675 1284 857 1325 fluxisse.

394 1348 473 1388 His
499 1348 723 1401 procuratis
751 1362 800 1387 ex
826 1348 987 1388 decreto
1012 1348 1251 1401 pontificum
1269 1348 1441 1401 profecti
1461 1348 1662 1397 consules,

313 1407 579 1463 Sempronius
605 1409 647 1448 in
672 1409 887 1457 Lucanos,
926 1408 968 1448 in
992 1408 1190 1462 Apuliam
1215 1409 1382 1449 Fabius.
1443 1415 1558 1462 pater
1581 1409 1664 1450 filio

308 1471 468 1525 legatus
495 1471 547 1510 ad
574 1468 816 1511 Suessulam
841 1470 882 1509 in
908 1476 1041 1509 castra
1066 1470 1188 1509 venit.
1250 1467 1343 1510 cuin
1369 1469 1532 1510 obviam
1557 1470 1664 1510 filius

308 1532 621 1586 progrederetur
644 1531 888 1583 lictoresque
914 1531 1160 1571 verecundia
1190 1531 1415 1572 maiestatis
1441 1531 1528 1573 eius
1554 1532 1662 1573 taciti

310 1594 525 1641 anteirent,
563 1599 724 1646 praeter
747 1592 938 1632 undecim
964 1592 1099 1632 fasces
1126 1607 1230 1645 equo
1255 1600 1497 1647 praevectus
1525 1608 1663 1642 senex,

308 1661 352 1694 ut
389 1654 530 1694 consul
567 1653 890 1693 animadvertere
925 1654 1158 1707 proximum
1188 1655 1372 1695 lictorem
1407 1654 1525 1695 iussit
1551 1662 1591 1695 et
1620 1662 1665 1695 ut

308 1717 361 1764 is,
388 1715 654 1756 descenderet
679 1729 729 1755 ex
755 1729 878 1767 equo,
905 1715 1151 1765 inclamavit,
1181 1723 1267 1756 tuni
1287 1717 1452 1757 demum
1472 1716 1663 1757 desiliens

310 1777 519 1832 ‘experiri'
555 1777 685 1830 inquit
724 1776 877 1826 ‘volui,
926 1777 1008 1826 fili,
1059 1778 1162 1819 satin
1206 1779 1330 1819 scires
1373 1778 1584 1819 consulem
1625 1785 1664 1819 te

309 1839 429 1880 esse'.

391 1899 639 1941 XXXXV.
712 1901 762 1941 In
804 1916 852 1942 ea
895 1908 1027 1942 castra
1063 1901 1222 1942 Dasius
1260 1901 1441 1942 Altinius
1477 1901 1662 1956 Arpinus

307 1962 412 2003 clam
442 1969 560 2003 nocte
592 1977 684 2003 cum
716 1963 845 2003 tribus
880 1964 1007 2004 servis
1040 1964 1167 2012 venit,
1210 1964 1471 2018 promittens,
1521 1964 1555 2004 si
1586 1963 1663 2004 sibi

306 2024 487 2079 praemio
517 2024 639 2073 foret,
679 2039 722 2065 se
753 2024 893 2079 Arpos
924 2026 1179 2080 proditurum
1211 2040 1313 2066 esse.
1375 2040 1465 2066 eam
1494 2039 1581 2066 rem
1612 2025 1663 2065 ad

307 2085 519 2126 consilium
560 2085 691 2141 [cum]
729 2087 952 2127 rettulisset
990 2087 1161 2136 Fabius,
1213 2087 1302 2127 aliis
1339 2102 1413 2141 pro
1449 2086 1664 2141 transfuga

306 2147 582 2189 verberandus
609 2148 899 2201 necandusque
925 2148 1053 2189 videri
1077 2149 1264 2203 ancipitis
1291 2148 1415 2189 animi
1435 2148 1662 2189 communis

305 2208 452 2258 hostis,
491 2210 562 2262 qui
591 2216 684 2263 post
711 2209 974 2250 Cannensem
1005 2210 1183 2258 cladem,
1222 2217 1433 2263 tamquam
1464 2224 1557 2251 curn
1581 2209 1664 2250 for-

306 2278 404 2311 tuna
445 2271 567 2312 fidem
593 2268 718 2312 ‘stare
760 2278 985 2325 oporteret,
1036 2271 1088 2312 ad
1128 2271 1408 2312 Hannibalem
1451 2271 1661 2319 descisset,

269 2342 287 2371 3
307 2334 497 2374 traxisset
533 2334 585 2374 ad
621 2333 893 2374 defectionem
918 2333 1076 2388 Arpos,
1114 2340 1220 2383 tum,
1258 2334 1452 2387 quoniam
1483 2348 1548 2374 res
1578 2333 1664 2374 Ro-

266 2653 282 2679 4

307 2411 427 2436 mana
451 2403 591 2436 contra
617 2410 732 2450 spem
756 2403 933 2449 votaque
959 2396 1046 2437 eius
1075 2396 1187 2436 velut
1216 2402 1466 2450 resurgeret,
1503 2395 1661 2449 turpius

306 2458 492 2498 videatur
521 2473 670 2498 novam
706 2458 857 2498 referre
893 2458 1165 2512 proditionem
1207 2458 1378 2512 proditis
1423 2457 1543 2497 olim:
1592 2457 1662 2510 qui

307 2518 469 2560 aliunde
489 2526 568 2560 stet
594 2534 773 2574 semper,
800 2520 963 2560 aliunde
984 2520 1150 2568 sentiat,
1176 2519 1327 2559 infidus
1350 2519 1503 2567 socius,
1529 2533 1659 2558 vanus

306 2579 454 2620 hostis:
482 2581 534 2621 ad
546 2581 800 2622 Faleriorum
814 2581 1044 2635 Pyrrhique
1069 2581 1321 2635 proditorem
1347 2581 1511 2621 tertium
1531 2586 1662 2619 trans-

308 2640 417 2695 fugis
443 2642 734 2683 documentum
760 2657 863 2683 esse.
924 2649 1064 2683 contra
1089 2657 1137 2683 ea
1162 2643 1341 2683 consulis
1366 2649 1482 2696 pater
1502 2639 1656 2680 Fabius

308 2707 538 2755 temporum
556 2702 703 2744 oblitos
723 2703 909 2744 homines
929 2704 973 2743 in
992 2704 1126 2744 medio
1147 2704 1290 2744 ardore
1309 2702 1422 2750 belli,
1449 2708 1657 2753 tamquam
