1815 3184
309 254 391 296 526
653 257 806 292 LIBER
828 257 960 302 XXX,
985 257 1039 291 42.
1067 259 1114 299 [a.
1128 268 1162 290 u.
1177 267 1207 291 c.
1219 256 1300 300 553]

307 380 396 405 rum
432 362 545 403 varia
578 360 706 402 oratio
741 361 835 409 fuit,
871 359 1020 414 partim
1053 359 1334 414 purgantium,
1372 373 1476 412 quae
1511 361 1642 412 questi

308 433 421 467 erant
446 423 561 464 missi
586 424 638 463 ad
662 437 803 477 regem
828 422 878 462 ab
902 422 1037 462 Roma
1066 421 1190 475 legati
1215 422 1265 461 de
1289 421 1552 475 populatione
1578 436 1643 462 so—

307 488 479 535 ciorum,
516 485 664 540 partim
694 485 798 525 ultro
829 483 1107 524 accusantium
1138 483 1302 535 quidem
1332 490 1372 522 et
1403 482 1534 523 socios
1571 497 1645 536 po-

263 563 281 592 3
306 549 390 604 puli
414 547 608 595 Romani,
636 546 708 586 sed
731 546 860 587 multo
885 545 1072 585 infestius
1097 545 1159 585 M.
1179 544 1414 593 Aurelium,
1447 558 1567 596 quem
1594 559 1644 584 ex

306 611 434 652 tribus
461 610 512 650 ad
538 624 581 649 se
605 608 741 649 missis
766 607 912 663 legatis
940 607 1089 647 dilectu
1114 606 1252 647 habito
1278 606 1510 647 substitisse
1535 615 1575 647 et
1601 621 1643 646 se

307 673 413 713 bello
449 671 665 712 lacessisse
702 678 843 711 contra
877 669 1023 710 foedus
1064 677 1103 709 et
1140 683 1262 723 saepe
1299 682 1391 708 cum
1426 668 1643 723 praefectis

263 749 281 777 4
308 735 391 775 suis
430 733 557 788 signis
594 732 764 773 conlatis
794 746 1022 787 pugnasse,
1062 731 1210 786 partim
1245 730 1558 785 postulantium,
1601 739 1646 770 ut

305 796 559 836 Macedones
586 795 749 847 duxque
775 809 913 836 eorum
931 794 1124 848 Sopater,
1151 793 1219 845 qui
1244 793 1353 847 apud
1365 792 1643 833 Hannibalem

305 858 493 898 mercede
517 856 778 905 militassent,
810 864 895 896 tum
921 855 1028 909 capti
1052 855 1094 895 in
1118 854 1261 894 vinclis
1288 862 1443 902 essent,
1481 854 1558 894 sibi
1581 868 1646 893 re-

261 935 280 964 5
309 920 583 960 stituerentur.
633 918 829 958 adversus
856 932 904 958 ea
921 918 983 958 M.
997 917 1166 965 Furius,
1192 916 1343 957 missus
1370 916 1422 956 ad
1444 916 1486 956 id
1510 915 1645 970 ipsum

306 983 356 1022 ab
382 981 552 1021 Aurelio
579 995 630 1020 ex
654 979 920 1028 Macedonia,
958 979 1167 1027 disseruit,
1203 978 1421 1018 Aurelium
1444 977 1643 1025 relictum,

306 1058 356 1084 ne
384 1043 482 1084 socii
506 1043 647 1098 populi
670 1042 847 1083 Romani
878 1042 978 1082 fessi
1008 1041 1340 1097 populationibus
1372 1040 1413 1080 vi
1440 1048 1561 1094 atque
1585 1040 1646 1080 in-

264 1121 281 1150 6
306 1106 409 1146 iuria
445 1106 497 1146 ad
530 1120 669 1160 regem
701 1105 937 1145 deficerent:
979 1104 1127 1144 finibus
1161 1104 1363 1144 sociorum
1393 1118 1476 1144 non
1505 1117 1647 1143 exces-

307 1168 428 1215 sisse,
462 1167 624 1207 dedisse
651 1181 837 1221 operam,
874 1181 925 1206 ne
950 1165 1116 1220 impune
1140 1165 1181 1204 in
1206 1180 1326 1219 agros
1353 1179 1493 1205 eorum
1516 1179 1647 1218 popu-

305 1229 455 1269 latores
486 1228 833 1268 transcenderent.
894 1226 1116 1281 Sopatrum
1146 1241 1197 1266 eX
1226 1226 1458 1280 purpuratis
1489 1234 1527 1265 et
1552 1240 1646 1279 pro-

306 1291 468 1345 pinquis
493 1290 602 1346 regis
623 1305 732 1338 esse3
760 1305 852 1330 eum
871 1303 963 1329 cum
983 1296 1171 1342 quattuor
1190 1288 1352 1328 milibus
1368 1287 1645 1327 Macedonum

308 1361 348 1393 et
377 1353 550 1407 pecunia
578 1352 751 1392 missum
781 1366 911 1402 nuper
944 1351 985 1390 in
1016 1351 1204 1390 Africam
1235 1364 1326 1390 esse
1350 1349 1576 1389 Hannibali
1606 1356 1646 1389 et

265 1428 280 1456 7
310 1414 721 1468 Carthaginiensibus
753 1413 916 1453 auxilio.
980 1412 1029 1452 de
1055 1412 1117 1451 his
1142 1412 1264 1451 rebus
1289 1410 1529 1464 interrogati
1552 1410 1647 1449 Ma-

307 1477 483 1517 cedones
510 1490 602 1516 cum
625 1475 820 1529 perplexe
844 1474 1157 1528 responderent,
1195 1487 1327 1524 neque
1358 1471 1437 1526 ipsi
1461 1471 1558 1511 mite
1583 1486 1646 1511 re-

308 1552 506 1592 sponsum
530 1536 726 1576 tulerunt:
768 1536 921 1576 bellum
946 1548 1139 1587 quaerere
1169 1548 1310 1587 regem
1336 1541 1393 1581 et,
1431 1532 1464 1573 si
1488 1540 1646 1587 pergat,

262 1614 280 1643 S
305 1599 544 1654 propediem
569 1598 843 1638 inventurum.
893 1595 1106 1651 dupliciter
1132 1596 1182 1635 ab
1203 1610 1250 1635 eo
1272 1595 1417 1635 foedus
1438 1594 1646 1642 violatum,

307 1670 347 1701 et
371 1660 480 1713 quod
506 1659 626 1700 sociis
651 1659 792 1714 populi
816 1658 993 1699 Romani
1017 1656 1184 1697 iniurias
1210 1656 1352 1697 fecerit
1383 1670 1429 1696 ac
1452 1656 1559 1697 bello
1586 1672 1648 1696 ar-

306 1723 465 1776 misque
501 1721 771 1770 lacessiverit,
820 1729 861 1761 et
896 1720 1005 1773 quod
1041 1719 1169 1760 hostis
1211 1718 1369 1759 auxiliis
1408 1726 1448 1758 et
1476 1718 1649 1772 pecunia

264 1800 280 1827 υ
307 1785 463 1826 iuverit.
513 1793 553 1824 et
570 1784 620 1824 P.
638 1782 874 1838 Scipionem
898 1790 1008 1823 recte
1034 1790 1154 1834 atque
1180 1781 1320 1822 ordine
1345 1780 1493 1821 fecisse
1518 1780 1647 1821 videri

308 1855 347 1888 et
371 1848 524 1895 facere,
551 1846 661 1899 quod
685 1861 774 1895 eos,
802 1845 869 1898 qui
895 1860 1008 1885 arma
1035 1852 1176 1885 contra
1199 1843 1396 1898 populum
1413 1843 1649 1883 Romanum

308 1910 486 1950 ferentes
524 1908 632 1963 capti
662 1907 760 1956 sint,
811 1907 992 1949 hostium
1027 1921 1196 1947 numero
1237 1905 1279 1945 in
1309 1904 1453 1946 vinclis
1484 1905 1646 1952 habeat,

244 1985 283 2014 10
309 1981 347 2012 et
372 1972 432 2012 M.
453 1971 669 2011 Aurelium
694 1985 715 2010 e
739 1985 782 2010 re
807 1969 972 2024 publica
995 1969 1130 2009 facere
1155 1975 1398 2023 gratumque
1422 1967 1465 2007 id
1489 1967 1648 2007 senatui

309 2049 418 2082 csse,
456 2033 566 2086 quod
596 2032 728 2073 socios
759 2032 903 2087 populi
925 2031 1121 2080 Romani,
1159 2029 1322 2083 quando
1352 2029 1439 2069 iure
1469 2028 1647 2069 foederis

308 2111 389 2137 non
414 2095 563 2150 possit,
593 2094 715 2135 armis
742 2102 916 2134 tueatur.

245 2172 280 2200 11
393 2156 501 2198 Cum
532 2156 610 2197 hoc
646 2164 731 2196 tam
765 2155 870 2197 tristi
905 2169 1105 2209 responso
1136 2153 1316 2194 dimissis
1346 2152 1648 2193 Macedonibus

307 2220 431 2275 legati
458 2218 824 2273 Carthaginienses
850 2218 983 2259 vocati
993 2234 1002 2267 ;
1041 2231 1214 2269 quorum
1246 2215 1447 2256 aetatibus
1474 2214 1650 2269 dignita-

307 2281 497 2334 tibusque
534 2280 764 2336 conspectis
789 2305 823 2308 —
846 2295 942 2320 nam
972 2279 1094 2333 longe
1123 2277 1243 2332 primi
1274 2276 1447 2317 civitatis
1479 2283 1595 2316 erant
1617 2300 1650 2304 —

246 2358 282 2386 12
309 2351 395 2384 tum
429 2359 503 2399 pro
541 2359 584 2384 sc
615 2343 786 2396 quisque
824 2342 958 2383 dicere
994 2356 1088 2381 vere
1121 2341 1170 2381 de
1200 2354 1301 2395 pace
1338 2339 1417 2393 agi.
1476 2338 1648 2393 insignis

309 2414 445 2446 tamen
469 2406 573 2446 inter
598 2412 755 2446 ceteros
780 2403 1021 2445 Hasdrubal
1047 2410 1133 2443 erat
1156 2427 1188 2430 —
1211 2401 1406 2442 Haedum
1430 2401 1649 2455 populares

311 2468 552 2523 cognomine
584 2467 847 2522 appellabant
869 2465 1038 2521 —pacis
1070 2479 1231 2518 semper
1262 2472 1402 2504 auctor
1433 2463 1651 2503 adversus-

249 2542 285 2571 13
311 2545 388 2582 que
424 2531 590 2571 factioni
614 2530 830 2570 Barcinae.
890 2543 938 2570 eo
969 2536 1055 2569 tum
1084 2527 1177 2582 plus
1208 2526 1266 2566 illi
1297 2525 1547 2567 auctoritatis
1572 2524 1649 2565 fuit

310 2592 405 2632 belli
431 2593 590 2646 culpam
615 2593 656 2632 in
675 2606 900 2646 paucorum
919 2590 1183 2645 cupiditatem
1203 2589 1254 2629 ab
1272 2603 1315 2629 re
1334 2588 1499 2642 publica
1519 2596 1649 2627 trans-

249 2665 286 2694 14
312 2653 468 2694 ferenti.
529 2654 598 2706 qui
634 2668 726 2694 cum
762 2653 874 2693 varia
909 2652 1091 2693 oratione
1126 2666 1226 2691 usus
1269 2658 1378 2690 esset
1413 2663 1520 2689 nunc
1554 2662 1648 2702 pur-

313 2715 448 2767 gando
487 2715 673 2764 crimina,
708 2729 817 2755 nunc
853 2714 1054 2767 quaedam
1090 2712 1275 2760 fatendo,
1312 2726 1364 2751 ne
1393 2709 1647 2764 impudenter
