1815 3184
225 233 447 262 LXXXXVI
696 235 976 262 ADNOTATIONIS
1002 234 1174 262 CRITICAE

226 335 234 343 .
250 335 257 342 .
271 312 479 343 moveretur
491 320 531 342 ez
544 309 602 341 alt.
616 309 645 341 I.
655 308 692 340 F.
707 308 768 341 Gr.
784 309 823 341 ci.
839 308 851 352 Η
871 307 925 350 18,

223 354 256 388 5.
270 354 401 398 positis
421 355 432 398 Η
456 354 508 395 19,
529 354 580 385 14.
602 354 693 386 reicit
714 354 752 386 ci.
774 363 830 396 ap.
851 353 925 396 Inq.

222 400 431 443 propositam
462 399 473 443 Η
500 398 554 439 20,
580 398 610 429 6.
638 400 652 414 *
669 399 684 414 *
707 399 807 441 [pro]
821 408 927 441 prae-

226 444 323 478 senti
341 444 353 487 Η
369 443 423 484 22,
438 443 468 477 5.
483 445 497 460 *
512 444 526 459 *
543 441 710 486 [quibus]
729 444 742 487 Η
759 443 790 475 8.
805 442 842 475 id
855 441 926 475 iac—

224 493 300 521 tum
314 500 388 521 cum
405 488 467 520 Gr.
484 487 495 531 Η
514 486 574 529 23,
589 486 620 520 3.
638 486 766 520 forsan
783 491 927 530 tempus

222 545 255 577 p.
270 533 322 566 68.
341 535 352 576 Η
370 533 400 565 6.
418 534 523 574 [non]
546 543 621 564 cum
639 533 778 575 Sz'qom'n
798 532 810 577 Η
826 531 881 574 25,
896 531 927 564 3.

230 581 241 621 Η
259 578 290 611 6.
305 580 320 594 *
333 588 413 617 nec,
426 577 524 610 unde
539 576 611 610 duo
628 577 640 621 Η
659 577 690 610 8.
705 577 722 594 *
741 576 811 610 nisi
828 577 927 621 quod

225 648 232 655 .
247 648 255 656 .
270 648 278 655 .
299 627 399 656 esset
415 623 426 664 Η
450 621 504 663 26,
524 621 577 655 10.
597 621 609 666 Η
631 622 685 661 29,
706 621 736 655 7.
759 622 827 664 [in]
850 632 893 655 eo
910 623 922 666 Η

953 307 1026 341 lam
1045 312 1125 342 erat
1145 320 1220 341 cnm
1233 309 1348 352 Lipsio
1366 310 1378 353 Η
1401 309 1501 353 38,1.
1522 321 1655 345 convo-

953 352 1044 402 catis
1071 353 1145 386 suis
1168 354 1229 398 (sic
1255 355 1290 387 ἱη
1309 354 1387 387 adn.
1413 365 1460 388 cr.
1480 366 1568 390 corr.
1589 368 1656 401 pro

1321 411 1328 417 -
1529 403 1544 419 1
1559 404 1576 419 ff
1634 401 1655 407 ''

953 397 1063 487 332⁰„
1076 399 1252 487 ΞᾞΞοζὶὲ
1251 398 1320 487 ’116ξῖ
1330 424 1349 461 3*
1361 398 1554 488 ‘'etiginlqui
1573 445 1584 490 η
1594 401 1658 488 {¹2¹¹

951 486 983 521 3.
1002 487 1093 522 Nam
1112 498 1186 522 non
1204 490 1215 532 Η
1232 488 1368 531 ipsum]
1390 488 1513 522 fossas
1531 491 1542 532 Η
1565 492 1596 523 6.
1610 493 1625 508 ³*
1640 493 1656 508 ³·

952 543 1027 565 cum
1046 533 1159 567 Drak.
1177 539 1208 566 et
1228 533 1396 566 Cret-[erio
1421 535 1432 577 Η
1457 533 1486 566 7.
1512 533 1656 577 milites,

951 598 985 603 —
998 577 1134 622 quippe
1154 588 1221 622 pro
1245 603 1252 612 .
1268 603 1276 611 .
1292 577 1406 622 victa,
1421 578 1595 612 —iisdem
1611 590 1657 624 a.,

954 633 987 666 q.
1014 625 1168 666 priores,
1197 623 1401 668 eodemque
1424 624 1436 668 Η
1459 622 1521 666 45,
1541 623 1572 656 2.
1597 624 1657 658 de-

222 667 346 710 31,12.
363 666 506 700 consuli
527 667 766 711 subrogando
784 666 795 711 Η
821 666 875 709 32,
892 667 924 701 1.
955 667 1087 701 scisset
1108 670 1176 710 [ct]
1203 668 1215 712 Η
1236 667 1267 702 3.
1281 671 1296 686 ¹
1312 671 1327 686 ·
1348 667 1520 713 quoniam
1537 668 1548 713 Η
1575 670 1590 687 ¹
1603 679 1656 702 re-

227 714 239 755 Η
258 712 310 745 16.
328 714 339 755 Η
357 711 411 754 32,
432 711 485 744 12.
505 711 521 728 *
536 712 551 728 *
564 711 645 756 regi
661 714 672 756 Η
691 711 746 754 34,
768 712 822 745 12.
842 714 853 755 Η
871 711 926 755 35,
955 722 1105 756 surgere
1132 712 1269 746 viribus
1302 712 1487 756 videatur,
1523 724 1658 748 novam

223 757 277 790 19.
300 756 399 800 capti
414 772 429 785 ι
444 760 481 790 et
499 756 607 800 signa
626 757 675 801 (in
695 758 759 790 lac.
781 757 927 801 captivo-
955 784 962 791 .
978 783 986 791 .
1000 783 1007 790 .
1021 757 1252 801 polliceatur,
1268 759 1283 775 ’ξ
1298 760 1314 776 *
1327 769 1399 803 sqq.
1413 769 1487 791 cum
1503 759 1532 791 I.
1545 759 1582 792 F.
1595 758 1657 793 Gr.

223 814 300 835 rum
318 803 486 835 hominum
504 813 643 835 numero
663 801 883 845 delitescente)
912 813 929 834 e
967 804 978 845 Η
993 802 1031 835 id
1045 802 1093 836 ad
1107 828 1114 835 .
1130 830 1136 836 .
1154 828 1161 835 .
1177 806 1277 837 esset
1291 802 1304 848 Η
1321 802 1655 848 4.libera—age1·e]

224 847 306 881 ἶνιν
325 847 377 888 ci„
399 848 434 880 in
454 848 531 880 adn.
552 858 599 880 cr.
620 848 775 880 addenda
794 847 805 892 Η
821 846 876 889 36,
896 845 927 879 2.
955 859 985 880 υ.
994 858 1031 891 p.
1044 847 1120 881 285.
1137 847 1148 893 Η
1167 847 1199 881 5.
1215 847 1288 892 qui,
1304 858 1413 892 quum
1426 848 1519 882 illud
1530 847 1656 893 potius

227 894 294 935 [et]
318 902 506 925 servorum
532 903 606 925 cum
624 892 738 925 Alsch.
763 894 774 935 Η
797 892 852 935 37,
875 892 928 924 11.
954 903 1012 936 ag.
1034 892 1347 937 cogitandumque
1368 893 1424 936 sit,
1451 919 1459 927 .
1476 919 1502 936 .,
1526 903 1573 927 ne
1594 893 1657 938 qui

225 936 375 981 (amisit)
397 937 408 981 Η
433 936 488 979 40,
509 937 541 970 9.
562 936 647 970 dein
674 948 740 981 per
761 937 773 982 Η
798 936 853 979 41,
875 937 928 969 11.
956 937 1046 971 socii
1060 938 1187 981 populi
1203 938 1235 971 d.
1251 942 1288 972 et
1300 941 1340 971 ut
1351 937 1437 972 novi
1458 937 1655 972 concilien—

227 984 370 1025 [vento]
388 988 564 1026 aestuque
578 988 613 1014 ut
627 983 707 1015 olim
721 981 779 1016 W.
796 981 807 1026 Η
825 981 881 1025 42,
895 981 927 1014 5.
954 986 1024 1025 tur,
1049 984 1309 1017 documentum
1329 983 1438 1017 etiam
1452 983 1578 1016 dicant
1596 983 1607 1027 Η
1623 983 1655 1017 6.

225 1032 241 1046 *
256 1028 270 1044 *
285 1037 366 1061 cum
380 1027 565 1070 ploratum
582 1028 593 1070 Η
613 1027 663 1059 13.
681 1027 694 1072 Η
712 1026 767 1070 43,
783 1027 834 1060 13.
851 1037 928 1070 zap.
955 1027 1013 1061 cui
1027 1028 1060 1061 d.
1076 1038 1119 1070 e.,
1135 1053 1143 1061 .
1159 1054 1185 1068 .,
1206 1028 1402 1071 desperata
1414 1039 1437 1062 a
1456 1028 1566 1062 sociis
1580 1027 1653 1062 Ro-

224 1072 278 1105 81.
298 1072 310 1116 Η
325 1072 443 1113 45,10.
459 1082 504 1105 en
517 1071 554 1105 in
567 1071 706 1105 minore
720 1083 758 1105 re
774 1071 929 1116 experiri
954 1083 1062 1106 mana
1092 1083 1150 1115 re,
1189 1072 1404 1106 foederibus
1442 1098 1449 1106 .
1464 1099 1472 1106 .
1486 1099 1493 1106 .
1507 1098 1515 1106 .
1544 1072 1657 1106 visuri

232 1118 244 1161 Η
259 1117 315 1160 46,
331 1117 361 1150 6.
378 1118 445 1160 [et]
462 1128 536 1149 cum
551 1116 598 1150 W
613 1128 650 1161 p.
662 1116 738 1150 268.
756 1117 768 1162 Η
787 1117 820 1150 9.
837 1115 928 1160 opti·
955 1117 1036 1150 sint.
1054 1118 1065 1163 Η
1084 1117 1115 1151 8.
1130 1122 1146 1135 *
1161 1120 1175 1134 *
1191 1120 1401 1151 secuturum
1420 1117 1432 1162 Η
1447 1117 1478 1150 9.
1493 1120 1508 1136 *
1522 1120 1538 1136 ³
1552 1116 1655 1152 Cale-

224 1163 386 1196 nendum
408 1161 420 1206 Η
444 1161 498 1203 47,
519 1162 550 1195 6.
572 1174 601 1194 υ.
617 1173 655 1205 p.
675 1162 752 1195 270.
772 1163 851 1194 adn.
868 1163 879 1204 Η
896 1160 927 1194 8.
953 1161 1084 1207 nisque
1109 1162 1243 1207 legatis
1273 1163 1284 1205 Η
1321 1162 1373 1195 13.
1400 1161 1656 1196 crudelitatem

224 1212 333 1251 porta
352 1218 427 1240 cum
446 1207 521 1251 Inq.
540 1207 552 1251 Η
576 1206 632 1250 48,
652 1207 684 1240 3.
705 1206 877 1251 Apuliam
891 1217 927 1250 p.
955 1218 1102 1252 quoque
1130 1207 1282 1252 rapinae
1309 1207 1321 1252 Η
1351 1207 1404 1240 14.
1431 1207 1560 1241 habita
1583 1207 1656 1252 pri-

224 1252 301 1286 257.
953 1263 1048 1285 mum
1073 1255 1084 1295 Η
1105 1251 1161 1296 46,
1181 1253 1213 1286 5.
1228 1255 1244 1270 ¹
1259 1252 1398 1285 sonitus
1428 1263 1472 1286 ue
1497 1264 1573 1286 cum
1590 1266 1619 1289 ς.
1641 1252 1655 1297 Η

269 1296 432 1339 XXIIII,
446 1297 477 1340 1,
493 1297 546 1330 13.
559 1300 749 1341 potestate
766 1308 800 1340 p.
813 1296 890 1330 257.
907 1297 919 1341 Η
951 1296 1007 1340 47,
1021 1297 1055 1331 5.
1071 1302 1136 1331 aut
1155 1296 1255 1342 quod
1271 1308 1306 1340 p.
1320 1296 1396 1330 280.
1450 1296 1492 1329 15
1505 1309 1554 1342 sq.
1574 1297 1656 1331 vico

224 1341 258 1385 2,
271 1342 302 1375 9.
317 1343 464 1386 lateque
483 1341 676 1375 moenibus
691 1341 854 1375 disiectis
873 1353 928 1376 ra·
954 1346 991 1375 et
1004 1342 1150 1387 templis
1164 1368 1172 1376 .
1186 1368 1194 1375 .
1209 1368 1216 1375 .
1231 1340 1398 1375 Matutae
1413 1369 1419 1375 .
1434 1341 1547 1375 Extra
1562 1342 1574 1387 Η
1598 1342 1655 1385 48,

224 1398 285 1421 ras
305 1387 316 1432 Η
338 1387 375 1429 3,
396 1387 479 1431 2srl.
504 1386 794 1431 praeterfluebat
814 1385 926 1421 Aesa—
954 1386 984 1420 7.
1000 1398 1065 1421 sua
1079 1389 1199 1430 vasta]
1214 1388 1293 1430 fort.
1308 1385 1407 1420 fluxa
1425 1386 1437 1431 Η
1451 1386 1506 1431 49,
1526 1386 1558 1420 5.
1578 1387 1657 1421 acie

224 1443 305 1474 rus3
325 1432 455 1475 procul
474 1432 538 1475 eis,
555 1442 649 1476 quae
664 1431 929 1465 habitabantur
952 1452 985 1457 —-
998 1431 1179 1466 Numidae
1195 1430 1356 1465 extremi.

224 1477 431 1511 —sedecim
454 1476 555 1510 milia
581 1477 756 1511 aberat—
775 1476 812 1510 in
836 1477 927 1511 urbe
998 1475 1118 1518 XXV,
1144 1477 1176 1519 1,
1202 1477 1233 1509 1.
1253 1477 1269 1494 *
1284 1475 1322 1509 in
1349 1486 1439 1520 agro
1465 1474 1655 1510 Salentino

225 1521 343 1555 nobili
356 1522 532 1566 templum
545 1521 567 1554 i.
582 1532 616 1555 u.
631 1526 710 1555 erat
723 1533 756 1554 n.
771 1521 849 1555 L.I.
868 1524 879 1565 Η
896 1522 928 1555 5.
955 1548 961 1555 .
978 1548 985 1555 .
1000 1548 1007 1555 .
1019 1521 1162 1555 interim
1185 1520 1456 1555 Salentinorum
1475 1521 1487 1567 Η
1502 1521 1533 1554 6.
1548 1521 1657 1562 Quod

227 1569 242 1584 ⁵*
257 1570 271 1585 *
285 1577 419 1612 greges
441 1567 495 1599 sui
517 1566 694 1611 cuiusque
713 1568 724 1609 Η
749 1567 780 1599 7.
796 1568 811 1583 ²*
825 1569 840 1584 *
854 1578 928 1599 cum
955 1566 1089 1600 diutius
1103 1566 1129 1645 μΗΙ
1153 1566 1186 1609 4,
1209 1566 1239 1600 6.
1265 1565 1336 1609 ipsi
1360 1577 1434 1599 cum
1458 1567 1599 1599 Dukero
1620 1578 1656 1611 p.

224 1613 253 1645 I.
269 1612 306 1645 F.
324 1612 385 1645 Gr.
404 1614 414 1655 Η
434 1612 484 1644 15.
499 1611 586 1654 iam]
603 1611 696 1646 Nam
713 1613 724 1656 Η
745 1613 796 1654 et]
818 1610 877 1667 eij}
895 1611 927 1652 4,
953 1612 1007 1645 59.
1026 1613 1037 1655 Η
1055 1614 1094 1630 st
1126 1637 1133 1645 .
1150 1611 1162 1656 Η
1181 1611 1213 1654 6,
1227 1611 1258 1644 2.
1272 1613 1286 1629 ¹·
1300 1610 1337 1644 in
1347 1610 1455 1645 Italia
1473 1613 1483 1655 Η
1501 1611 1531 1644 9.
1542 1611 1658 1645 saevi-

224 1657 257 1690 5.
271 1657 409 1690 vellent
425 1659 493 1700 [et]
515 1657 526 1701 Η
547 1656 580 1697 5,
596 1657 626 1689 1.
640 1657 724 1699 ulli]
739 1657 798 1690 vel
817 1658 828 1699 Η
857 1663 882 1695 7,
896 1656 927 1690 4.
954 1657 1001 1690 tis
1016 1668 1089 1689 cum
1104 1670 1131 1693 ς.
1154 1659 1165 1701 Η
1185 1656 1217 1699 8,
1232 1656 1262 1689 8.
1284 1656 1453 1700 praebita
1470 1655 1656 1700 praesidio

224 1702 394 1735 instructi
413 1704 423 1745 Η
441 1701 472 1742 8,
494 1703 544 1735 18.
567 1703 581 1718 *
602 1701 680 1735 acie
697 1702 709 1746 Η
734 1701 766 1744 9,
787 1702 838 1734 10.
862 1701 927 1747 (in)
964 1704 975 1744 Η
992 1702 1044 1735 10.
1057 1706 1252 1746 reportans
1269 1701 1280 1746 Η
1301 1701 1353 1734 13.
1370 1703 1386 1719 ³
1401 1705 1474 1735 tam
1493 1700 1617 1746 segnis
1635 1703 1647 1744 Η

226 1747 431 1790 exemplum
448 1748 459 1789 Η
484 1747 536 1779 11.
552 1748 567 1763 *
583 1748 597 1763 ²*
617 1757 716 1789 eum,
735 1747 825 1791 quod
843 1748 927 1780 reci-
954 1747 985 1790 9,
1001 1747 1052 1780 10.
1069 1749 1084 1765 a
1098 1751 1164 1789 est,
1179 1746 1398 1790 refulsitque
1417 1746 1514 1780 idem
1532 1747 1543 1789 Η
1561 1746 1615 1788 10,
1624 1747 1657 1779 5.

222 1804 302 1836 pere
317 1798 402 1825 certe
422 1792 571 1824 volebam
594 1804 624 1824 v.
639 1793 716 1824 adn.
732 1803 778 1824 cr.
798 1793 809 1835 Η
828 1802 871 1825 cx
885 1803 929 1826 ea
955 1792 1046 1836 tum]
1068 1792 1215 1826 tandem
1231 1792 1242 1834 Η
1264 1791 1318 1835 11,
1333 1793 1363 1825 6.
1384 1791 1468 1824 inde
1489 1791 1554 1835 (et)
1574 1791 1587 1836 Η
1603 1791 1656 1824 10.

226 1849 301 1870 cum
321 1838 364 1881 (υ.
379 1838 410 1869 ιΙ.
425 1838 470 1869 ad
490 1848 552 1880 my.
571 1837 665 1882 Cur.)
686 1837 778 1869 Duk.
796 1838 807 1881 Η
827 1837 881 1880 10,
897 1837 927 1870 9.
956 1836 1196 1881 oppugnandi
1215 1838 1226 1880 Η
1245 1837 1296 1869 11.
1313 1847 1408 1880 quae
1428 1846 1447 1870 e
1467 1840 1578 1879 portu
1598 1862 1605 1868 .
1621 1862 1628 1869 .
1646 1862 1654 1870 .

224 1892 355 1916 nucem
377 1881 421 1927 (2³)
441 1882 478 1914 in
499 1882 645 1915 Sabinis
665 1882 927 1926 publicamque
955 1883 1001 1915 ad
1015 1893 1112 1915 mare
1132 1882 1143 1927 Η
1166 1882 1220 1923 12,
1233 1881 1265 1914 4.
1285 1891 1364 1915 cum
1385 1883 1481 1923 rato]
1504 1881 1656 1914 corobo-

225 1927 332 1969 viam,
347 1937 487 1960 murum
496 1938 531 1971 p.
546 1927 600 1960 69.
617 1927 628 1972 Η
648 1927 766 1969 10,11.
783 1928 822 1945 **
837 1938 927 1960 voce.
954 1931 1035 1960 rata
1053 1933 1110 1960 aut
1132 1925 1348 1960 confirmata
1368 1926 1380 1971 Η
1405 1925 1459 1967 13,
1480 1925 1531 1958 10.
1548 1927 1563 1943 ““
1585 1927 1654 1968 [et]

226 1972 326 2016 quod
344 1992 377 1996 —
395 1982 515 2005 rarum
534 1973 703 2005 servanda
720 1974 731 2015 Η
756 1972 810 2014 16,
825 1971 856 2005 3.
875 1971 927 2005 in-
954 1971 997 2005 iis
1015 1972 1026 2016 Η
1046 1971 1099 2014 14,
1113 1971 1145 2004 4.
1167 1970 1331 2014 proxima
1349 1971 1444 2004 forte
1459 1969 1555 2003 hosti
1573 1971 1584 2013 Η
1603 1970 1656 2004 12.

224 2017 385 2061 peditior
398 2028 434 2061 p.
449 2016 525 2050 245.
545 2019 555 2060 Η
575 2017 627 2059 18,
644 2018 695 2050 11.
716 2017 927 2061 hortatique
954 2017 1040 2050 inde
1061 2016 1191 2050 deletis
1210 2016 1223 2061 Η
1244 2016 1297 2058 15,
1315 2016 1370 2049 10.
1392 2028 1420 2049 v.
1439 2027 1473 2059 p.
1488 2015 1563 2049 293.
1577 2017 1655 2049 adn.

226 2073 398 2096 censores
424 2066 521 2105 sunt,
545 2066 587 2095 ut
607 2074 641 2106 p.
666 2061 743 2095 214.
773 2063 784 2105 Η
813 2061 871 2103 20,
897 2062 926 2095 1.
959 2064 971 2105 Η
987 2062 1041 2095 20.
1068 2065 1104 2095 et
1128 2062 1175 2095 ad
1197 2061 1319 2095 subita
1341 2060 1443 2103 belli,
1469 2064 1520 2102 ut,
1546 2059 1576 2093 si
1600 2086 1608 2093 .
1623 2086 1652 2093 ..

225 2118 336 2151 agros
353 2107 364 2152 Η
391 2106 433 2140 14
450 2119 500 2152 sq.
515 2107 669 2151 *movit,
689 2112 765 2140 tum
791 2133 798 2140 .
812 2133 819 2140 .
833 2133 841 2140 .
866 2107 928 2141 ab—
955 2106 1090 2151 equitis
1106 2106 1118 2151 Η
1139 2107 1192 2149 16,
1213 2106 1244 2140 8.
1266 2105 1302 2139 in
1323 2106 1456 2147 locum,
1482 2115 1554 2150 quo
1576 2115 1658 2139 cum

226 2153 369 2186 sistens.
395 2154 405 2195 Η
423 2152 478 2195 21,
498 2151 529 2185 3.
553 2154 621 2195 [et]
649 2163 733 2196 spes
752 2153 805 2185 vel
829 2163 929 2196 spes·
955 2164 988 2196 p.
1018 2152 1061 2185 G.
1088 2151 1172 2185 add.
1199 2151 1252 2184 ait
1271 2177 1278 2184 .
1297 2150 1409 2195 Mago
1435 2149 1488 2184 ibi
1512 2149 1657 2194 pedites

228 2197 434 2242 [que]p.69.
453 2199 464 2242 Η
483 2200 498 2214 *
513 2197 762 2241 *militiaeque
774 2196 928 2240 fungen-
957 2196 1174 2241 equitesque
1188 2200 1388 2230 armatos—
1399 2198 1436 2229 et
1445 2205 1578 2239 capere
1593 2205 1658 2229 eas

227 2244 294 2276 dae
310 2242 518 2286 potioribus
534 2242 690 2276 ducibus
704 2243 780 2275 ibid.
800 2244 812 2284 Η
829 2242 884 2285 22,
897 2242 928 2275 2.
956 2242 1118 2276 latebras
1138 2241 1325 2285 ingentem
1346 2251 1536 2274 numerum
1549 2261 1583 2266 —
1596 2251 1656 2274 oc-

225 2287 309 2330 fort.
331 2287 517 2322 servitutis
537 2298 629 2321 onus
651 2287 662 2332 Η
689 2287 743 2320 17.
759 2286 930 2321 efferetur
957 2287 1113 2329 culeret3
1129 2286 1141 2331 Η
1160 2288 1176 2304 *
1190 2291 1204 2304 '¹
1227 2286 1280 2320 10.
1297 2286 1308 2331 Η
1334 2286 1386 2319 13.
1408 2286 1518 2328 ferre]
1540 2285 1620 2320 fore
1644 2287 1656 2329 Η

237 2336 249 2377 Η
265 2332 319 2376 24,
332 2333 363 2366 6.
379 2333 443 2378 (et)
462 2334 472 2375 Η
496 2332 550 2374 25,
565 2334 596 2366 8.
616 2343 685 2366 nec
704 2343 837 2366 exuere
855 2342 928 2366 mo-
955 2332 1010 2366 15.
1026 2331 1247 2376 praecipitat
1263 2343 1296 2375 p.
1317 2331 1382 2364 143
1394 2343 1443 2375 sq.
1460 2330 1472 2376 Η
1490 2330 1544 2364 25.
1564 2331 1658 2364 haec

228 2379 307 2412 dice
326 2381 337 2421 Η
355 2378 409 2421 26,
425 2379 457 2411 6.
475 2382 489 2395 ³*
504 2382 520 2396 '⁵
535 2377 593 2411 cui
603 2389 637 2422 p.
651 2377 725 2411 285.
747 2377 759 2422 Η
776 2377 829 2411 10.
853 2377 928 2411 ani·
956 2377 987 2410 si
1005 2387 1092 2410 vera
1114 2376 1125 2421 Η
1151 2376 1205 2418 17,
1224 2376 1256 2410 1.
1277 2376 1504 2410 contendant
1521 2387 1596 2409 cum
1614 2377 1656 2409 A.

227 2424 366 2468 misque
381 2427 515 2466 astare,
535 2434 582 2457 ne
596 2427 740 2466 tempus
756 2425 928 2465 tererent,
954 2422 1104 2456 Rubenio
1123 2423 1134 2464 Η
1158 2421 1211 2464 19,
1227 2421 1337 2455 13..in
1349 2420 1480 2454 itinere
1495 2431 1539 2455 ex
1557 2420 1656 2464 agris

227 2468 654 2512 ferrum...,ce1·nebat3
673 2469 684 2513 Η
703 2467 798 2511 27,3.
810 2467 928 2512 primo
962 2468 972 2510 Η
995 2466 1050 2500 15.
1085 2466 1301 2500 addubitatur
1334 2469 1376 2500 ut
1398 2466 1410 2511 Η
1435 2466 1546 2499 horas
1579 2476 1655 2498 sus-

229 2513 456 2547 extrahenda
473 2524 526 2557 re,
553 2517 609 2547 set
626 2518 813 2557 postremo
837 2513 848 2557 Η
874 2512 928 2555 28,
955 2515 1138 2554 tentante,
1171 2511 1205 2545 d.
1225 2511 1259 2545 d.
1286 2511 1402 2553 stetit,
1429 2521 1467 2544 se
1488 2510 1656 2544 Romana

228 2559 259 2591 9.
279 2570 354 2590 cum
378 2558 511 2591 Roellio
541 2560 552 2601 Η
581 2558 643 2599 29,
669 2558 700 2592 8.
726 2557 866 2591 liberos
891 2568 929 2591 se
955 2556 1034 2590 acie
1050 2556 1063 2602 Η
1081 2556 1136 2600 20,
1150 2555 1183 2590 5.
1202 2567 1322 2601 neque
1342 2555 1379 2589 in
1398 2559 1503 2589 tanto
1522 2556 1534 2600 Η
1550 2554 1603 2596 22,
1623 2553 1656 2587 8.

229 2613 311 2636 esse
337 2603 348 2646 Η
372 2602 528 2636 ducibus
554 2603 602 2637 ad
622 2601 878 2647 Syracusanos
899 2613 929 2636 c.
955 2606 1030 2636 tres
1055 2601 1119 2647 (et)
1147 2607 1204 2635 aul
1229 2604 1266 2636 et
1292 2605 1367 2635 tres
1387 2601 1399 2645 Η
1414 2600 1469 2642 24,
1488 2600 1520 2633 3.
1542 2601 1573 2642 [3
1593 2600 1652 2641 ea]

231 2647 277 2680 sit
299 2649 310 2690 Η
333 2647 387 2690 32,
409 2647 439 2679 6.
460 2650 476 2665 ³*
490 2649 505 2665 ⁵*
524 2651 603 2681 toto
623 2659 698 2681 cum
716 2648 758 2689 F,
777 2648 891 2681 Alsch.
914 2649 926 2692 Η
955 2657 1090 2690 mag-na
1119 2648 1131 2690 Η
1160 2646 1220 2689 26,
1247 2646 1301 2680 12.
1332 2646 1499 2680 Romana
1531 2642 1656 2686 [corri-

229 2691 288 2735 34,
315 2692 367 2724 12.
388 2694 433 2709 *t
459 2702 543 2736 spes
568 2702 612 2726 eo
637 2703 744 2726 versa
771 2693 783 2735 Η
811 2692 872 2734 36,
897 2692 929 2725 3.
955 2694 1105 2736 puerat3
1141 2693 1247 2734 nam]
1275 2691 1338 2724 diu
1363 2716 1373 2725 .
1392 2716 1400 2723 .
1420 2715 1429 2723 .
1457 2689 1658 2722 adsuerant

231 2735 389 2780 (classis)
411 2747 485 2769 cum
504 2736 692 2771 Kaestnero
715 2738 728 2780 Η
749 2736 804 2779 37,
817 2737 848 2770 6.
867 2713 1084 2781 pa-'magis.
1115 2736 1128 2781 Η
1154 2735 1215 2778 28,
1240 2735 1271 2769 6.
1300 2733 1462 2779 inopiam
1488 2743 1656 2778 quaeque
