1815 3184
286 217 370 257 472
561 224 716 258 LIBER
738 217 941 266 XXVIIII,
967 224 1020 258 28.
1035 223 1089 258 29.
1118 226 1167 267 [a.
1181 235 1214 258 u.
1233 235 1261 258 e.
1275 224 1357 268 550]

220 341 259 370 11
288 328 486 368 ciderunt.
522 326 605 366 iam
631 325 740 366 enim
755 324 896 381 Scipio
923 326 1055 366 classe
1068 326 1237 368 Uticam
1261 326 1391 368 missa
1413 328 1503 382 ipse
1528 328 1639 370 haud

285 389 342 429 ita
366 389 541 428 multum
570 402 818 442 progressus
845 403 869 428 a
891 387 994 428 mari
1019 388 1199 429 tumulos
1224 389 1435 443 proximos
1461 400 1636 445 ceperat,

288 450 445 502 equites
483 458 523 490 et
558 450 600 489 in
638 450 883 491 stationibus
920 449 1022 490 locis
1058 450 1218 491 idoneis
1255 459 1453 505 posuerat
1493 460 1533 493 et
1567 468 1640 507 per

289 527 410 565 agros
435 511 606 552 miserat
629 511 886 566 praedat-um.

244 587 257 614 1
370 572 616 615 XXVIIII.
664 573 725 613 Hi
750 587 843 614 cum
870 572 1208 628 Carthaginiensi
1232 574 1416 627 equitatu
1440 575 1641 629 proelium

287 649 381 674 cum
412 635 735 683 commisissent,
772 649 928 690 paucos
959 635 1117 690 inipso
1144 635 1384 685 certamine,
1422 636 1641 691 plerosque

287 691 495 745 fugientes
527 691 752 746 persecuti,
789 691 831 731 in
863 691 1010 744 quibus
1042 692 1298 746 praefectum
1328 707 1491 745 quoque
1523 694 1643 733 Han-

244 770 262 798 2
288 768 457 802 nonem,
483 754 665 794 nobilem
688 753 899 802 iuvenem,
931 753 1182 795 occiderunt.
1244 753 1385 809 Scipio
1410 769 1494 795 non
1519 769 1640 809 agros

286 817 409 857 modo
442 816 549 856 circa
579 815 775 864 vastavit,
822 816 896 857 sed
925 817 1070 857 urbem
1101 816 1223 857 etiam
1254 816 1484 871 proximam
1514 817 1644 857 Afro-

244 894 261 922 3
286 893 378 917 rum
405 878 504 918 satis
531 877 769 932 opulentam
796 878 922 932 cepit,
959 877 1030 918 ubi
1060 885 1224 932 praeter
1248 886 1403 927 cetera,
1441 892 1546 931 quae
1572 892 1643 918 ex-

288 940 441 994 templo
466 939 509 980 in
534 955 662 980 naves
690 939 898 980 onerarias
930 939 1125 995 imposita
1153 940 1364 993 missaque
1389 939 1432 980 in
1459 938 1644 980 Siciliam

288 1009 422 1050 erant,
459 1009 551 1043 octo
587 1001 701 1042 milia
735 1002 959 1042 liberorum
999 1017 1293 1055 servorumque
1329 1002 1510 1056 capitum
1548 1008 1644 1042 sunt

243 1079 261 1106 4
289 1071 421 1118 capta.
492 1063 743 1104 laetissimus
781 1071 920 1104 tamen
957 1064 1148 1105 omnibus
1190 1064 1233 1105 in
1268 1064 1470 1119 principio
1506 1078 1642 1104 rerum

289 1126 565 1179 gerendarum
591 1126 793 1166 adventus
819 1125 895 1166 fuit
909 1125 1181 1174 Masinissae3
1209 1140 1331 1178 quem
1356 1126 1524 1178 quidam
1549 1139 1643 1165 cum

290 1187 476 1227 ducentis
502 1187 614 1227 haud
639 1187 814 1241 amplius
842 1187 1061 1240 equitibus,
1086 1187 1271 1242 plerique
1297 1201 1389 1227 cum
1416 1187 1543 1226 duum
1567 1187 1642 1226 mi-

245 1263 264 1292 5
289 1248 390 1288 lium
415 1248 597 1301 equitatu
622 1249 789 1289 tradunt
813 1249 991 1290 venisse.
1041 1256 1222 1289 ceterum
1246 1263 1340 1288 cum
1363 1248 1487 1303 longe
1511 1248 1642 1288 maxi-

289 1325 380 1350 mus
408 1309 590 1350 omnium
615 1311 760 1351 aetatis
788 1325 885 1351 suae
910 1325 1056 1365 regum
1080 1310 1146 1350 hic
1171 1310 1312 1359 fuerit,
1338 1310 1642 1364 plurimumque

289 1386 377 1412 rem
400 1372 635 1412 Romanam
664 1372 831 1421 iuverit,
869 1387 1018 1427 operae
1049 1372 1226 1426 pretium
1256 1372 1418 1411 videtur
1443 1372 1642 1412 excedere

290 1434 460 1487 paulum
491 1433 544 1473 ad
574 1434 867 1482 enarrandum,
906 1447 1030 1486 quam
1060 1433 1174 1473 varia
1203 1433 1369 1473 fortuna
1398 1447 1498 1473 usus
1525 1433 1577 1473 sit
1601 1433 1643 1473 in

293 1496 516 1536 amittendo
542 1496 906 1550 recuperandoque
931 1503 1103 1549 paterno
1127 1510 1270 1549 regno.

248 1571 265 1600 6
374 1557 572 1597 Militanti
603 1572 677 1611 pro
705 1556 1120 1611 Carthaginiensibus
1152 1556 1194 1596 in
1224 1555 1431 1611 Hispania
1460 1562 1577 1610 pater
1607 1555 1645 1595 ei

290 1619 479 1660 moritur:
530 1618 662 1659 Galae
699 1633 851 1659 nomen
888 1626 987 1658 erat.
1045 1632 1219 1673 regnum
1252 1618 1305 1657 ad
1333 1618 1502 1657 fratrem
1533 1617 1643 1672 regis

293 1680 502 1721 Ocsalcen
525 1680 802 1735 pergrandem
833 1687 932 1720 natu
956 1705 990 1708 —
1012 1679 1070 1720 ita
1099 1694 1189 1720 mos
1222 1679 1332 1733 apud
1354 1678 1556 1719 Numidas
1583 1687 1646 1719 est

293 1766 325 1769 —
349 1741 549 1797 pervenit.
626 1742 737 1782 haud
772 1742 901 1783 multo
936 1750 1033 1796 post
1068 1740 1247 1783 Oesalce
1285 1755 1448 1794 quoque
1484 1747 1644 1781 mortuo

292 1805 422 1845 maior
446 1819 497 1844 ex
523 1804 684 1844 duobus
710 1803 803 1844 filiis
830 1803 917 1844 eius
945 1802 1155 1858 Capussa,
1181 1818 1308 1857 puero
1341 1802 1563 1843 admodum
1588 1802 1646 1842 al-

248 1877 399 1915 81610,
435 1873 653 1920 paternum
682 1865 901 1920 imperium
932 1865 1102 1920 accepit.
1163 1874 1344 1906 ceterum
1381 1878 1475 1904 611111
1510 1864 1644 1918 magis

295 1928 380 1968 iure
411 1927 546 1982 gentis
577 1942 700 1981 quam
731 1928 972 1968 auctoritate
1008 1928 1114 1967 inter
1146 1942 1242 1968 suos
1275 1934 1345 1967 aut
1380 1926 1535 1966 viribus
1573 1927 1647 1967 ob-

294 1990 441 2031 tineret
463 2004 657 2044 regnum,
690 1989 824 2030 extitit
848 1990 1014 2043 quidam
1038 1989 1317 2030 Mazaetullus
1342 1988 1526 2037 nomine,
1563 2002 1646 2028 non

296 2051 453 2091 alienus
480 2051 680 2105 sanguine
705 2052 886 2106 regibus,
913 2051 1093 2092 familiae
1120 2066 1282 2106 semper
1307 2050 1497 2090 inimicae
1523 2063 1570 2090 ac
1595 2050 1646 2089 de

293 2111 465 2166 imperio
504 2113 617 2155 varia
651 2113 817 2154 fortuna
852 2127 947 2154 cum
982 2113 1032 2154 iis
1070 2113 1140 2167 qui
1170 2122 1257 2154 tum
1288 2112 1530 2154 obtinebant
1560 2125 1647 2151 cer-

250 2188 266 2216 9
295 2176 430 2217 tantis.
469 2175 503 2215 is
528 2174 741 2216 concitatis
760 2175 1048 2230 popularibus,
1076 2176 1186 2230 apud
1206 2190 1308 2228 quos
1328 2174 1482 2215 invidia
1501 2188 1647 2227 regum

292 2251 470 2291 magnae
507 2237 761 2278 auctoritatis
799 2244 903 2286 erat,
947 2237 1092 2278 castris
1130 2237 1268 2292 palam
1298 2236 1444 2292 positis
1477 2236 1648 2276 descen-

229 2311 269 2339 10
295 2298 390 2338 dere
416 2313 557 2352 regem
581 2298 624 2338 in
649 2299 779 2340 aciem
805 2314 851 2340 ac
878 2299 1072 2340 dimicare
1098 2300 1148 2339 de
1173 2314 1302 2354 regno
1329 2297 1476 2353 coegit.
1530 2297 1573 2337 in
1598 2312 1646 2338 60

292 2359 448 2413 proelio
465 2359 657 2414 Capussa
684 2375 777 2402 cum
801 2361 941 2401 multis
962 2361 1194 2416 principum
1213 2361 1377 2409 cecidit3
1404 2374 1506 2415 gens
1526 2359 1648 2399 Blae-

295 2421 493 2461 suliorum
518 2422 650 2463 omnis
675 2423 718 2463 in
745 2423 948 2464 disionem
968 2423 1267 2478 imperiumque
1281 2421 1526 2462 Mazaetulli
1551 2435 1648 2462 con-

231 2496 266 2524 11
295 2482 431 2522 cessit.
490 2484 605 2537 regio
644 2492 782 2525 tamen
818 2485 983 2526 nomine
1015 2484 1213 2525 abstinuit
1243 2491 1543 2535 contentusque
1573 2497 1647 2522 no-

293 2544 401 2584 mine
426 2545 588 2587 modico
615 2547 759 2588 tutoris
791 2563 964 2602 puerum
990 2547 1276 2595 Lacumazen,
1315 2546 1385 2599 qui
1416 2545 1553 2599 stirpis
1584 2559 1647 2584 re-

230 2617 268 2646 12
294 2605 385 2658 giae
406 2615 630 2660 supererat,
657 2624 800 2663 regem
819 2609 1012 2664 appellat.
1057 2608 1447 2663 Carthaginiensem
1466 2606 1645 2649 nobilem

294 2667 508 2717 feminam,
537 2670 688 2711 sororis
713 2671 840 2713 filiam
853 2672 1124 2721 Hannibalis,
1151 2686 1257 2724 quae
1275 2671 1462 2726 proxime
1477 2667 1644 2711 Oesalci

250 1756 266 1784 *l
