1815 3184
215 788 232 817 ΚΟ

207 2516 224 2546 9

267 231 349 273 248
571 237 724 271 LIBER
749 237 874 280 xxv,
901 236 954 269 28.
977 236 1030 270 29.
1059 239 1157 279 [ξω.
1172 247 1202 270 c.
1216 237 1298 280 51¹2]

263 357 372 390 esse,
412 341 446 381 si
476 339 734 380 occasionem
763 338 1054 379 reconciliandi
1084 352 1127 378 se
1152 337 1351 380 Romanis
1382 343 1616 393 praetermi-

263 404 454 444 sissent—
471 415 561 441 eam
586 407 740 449 autem,
768 399 898 453 qualis
919 399 987 440 illo
1006 407 1212 440 momento
1232 399 1354 440 horae
1375 401 1437 449 sit,
1463 403 1615 444 nullam

261 463 407 504 deinde
438 462 524 503 sore
545 487 594 511 —,
634 462 706 515 (si)
739 461 860 503 simul
890 461 1119 515 liber(a)tas
1151 461 1201 502 ab
1233 461 1526 516 impotentibus
1554 472 1616 519 ty-

260 525 397 565 rannis
424 524 693 578 apparuisset.

344 586 588 627 XXVIIII.
641 584 841 627 Omnium
866 585 1023 640 ingenti
1048 585 1227 626 adsensu
1252 586 1390 627 audita
1416 601 1464 628 ea
1489 588 1616 629 oratio

260 657 333 689 est.
394 656 599 702 praetores
626 655 762 688 tamen
788 647 900 701 prius
927 647 1054 688 creari
1079 662 1204 701 quam
1234 647 1391 703 legatos
1417 649 1617 690 nominari

259 711 424 765 placuit.
481 725 531 750 ex
555 710 738 763 ipsorum
763 709 909 750 deinde
934 716 1168 764 praetorum
1193 725 1362 751 numero
1388 711 1503 752 missi
1529 726 1617 752 ora-

260 782 366 813 tores
392 773 444 813 ad
467 771 731 821 Marcellum,
770 786 943 825 quorum
973 772 1163 826 princeps
1197 776 1346 825 ‘neque
1377 773 1526 827 primo’
1557 774 1618 814 in-

258 835 345 888 quit
372 833 645 889 ‘Syracusani
670 850 693 874 a
717 833 834 875 vobis
861 833 1106 882 defecimus,
1140 834 1213 875 sed
1237 834 1518 889 Hieronymus
1544 850 1616 876 ne-

258 911 464 950 quaquam
501 903 584 936 tam
620 896 661 936 in
698 911 770 936 vos
807 896 957 950 impius
994 910 1118 949 quam
1153 896 1196 936 in
1231 911 1324 946 nos3
1367 911 1443 937 neo
1472 904 1617 951 postea

257 974 401 1013 pacem
427 958 589 1012 tyranni
615 958 738 998 caede
771 958 1038 1012 compositam
1067 957 1353 1013 Syracusanus
1385 959 1615 1012 quisquam,

259 1020 331 1061 sed
357 1020 551 1061 satellites
582 1020 685 1074 regii
710 1019 987 1074 Hippocrates
1019 1026 1140 1073 atque
1166 1020 1376 1076 Epicydes
1408 1021 1616 1075 oppressis

258 1082 376 1122 nobis
402 1081 496 1121 hinc
522 1088 633 1122 metu
658 1081 752 1121 hinc
779 1081 922 1122 fraude
953 1081 1232 1122 turbaverunt.
1292 1097 1367 1122 nec
1398 1083 1615 1135 quisquam

259 1144 392 1184 dicere
428 1150 581 1197 potest,
631 1143 850 1196 aliquando
885 1143 1004 1184 nobis
1042 1143 1240 1184 libertatis
1277 1150 1439 1198 tempus
1471 1144 1612 1192 fuisse,

258 1205 368 1258 quod
392 1205 505 1259 pacis
534 1204 745 1245 vobiscum
771 1219 853 1245 non
877 1204 1010 1245 fuerit.
1054 1219 1161 1245 nunc
1183 1212 1289 1245 certe
1309 1206 1433 1246 caede
1459 1220 1613 1254 eorum,

257 1268 327 1321 qui
364 1282 582 1321 oppressas
620 1266 813 1307 tenebant
852 1265 1099 1321 Syracusas,
1144 1281 1236 1307 cum
1273 1267 1450 1321 primum
1487 1267 1615 1307 nostri

257 1329 412 1370 arbitrii
448 1344 539 1370 esse
577 1329 811 1383 coepimus,
861 1328 1066 1382 extemplo
1107 1329 1293 1369 venimus
1329 1330 1382 1369 ad
1418 1329 1616 1369 tradenda

257 1407 388 1440 arma,
415 1391 623 1432 dedendos
649 1406 742 1439 nos,
771 1390 931 1439 urbem,
958 1391 1137 1438 moenia,
1164 1390 1317 1431 nullam
1342 1391 1614 1431 recusandam

257 1454 481 1502 fortunam,
530 1467 634 1506 quae
671 1453 753 1492 iam
790 1452 981 1506 imposita
1018 1467 1041 1492 a
1076 1451 1192 1492 vobis
1230 1452 1364 1492 fuerit.
1441 1451 1614 1506 gloriam

255 1523 399 1570 captae
427 1515 704 1556 nobilissimae
730 1515 1110 1568 pulcherrimaeque
1136 1513 1248 1554 urbis
1271 1512 1524 1555 Graecarum
1549 1514 1615 1554 dei

256 1577 327 1618 tibi
352 1577 568 1625 dederunt,
595 1576 806 1617 Marcelle.
856 1576 1055 1629 quidquid
1081 1591 1276 1629 umquam
1302 1583 1407 1617 terra
1431 1576 1615 1629 marique

253 1639 579 1682 memorandum,
600 1638 827 1693 gessimus,
876 1638 918 1678 id
955 1638 1012 1678 tui
1049 1638 1244 1692 triumphi
1280 1638 1397 1678 titulo
1442 1638 1611 1679 accedit.

254 1701 441 1740 famaene
479 1701 589 1741 credi
628 1700 747 1749 velis,
786 1708 939 1752 quanta
975 1699 1073 1741 urbs
1104 1715 1129 1740 a
1159 1707 1198 1740 te
1231 1708 1350 1755 capta
1382 1700 1451 1749 sit,
1490 1714 1614 1753 quam

252 1762 425 1816 posteris
452 1776 615 1815 quoque
642 1776 732 1802 cam
759 1761 993 1815 spectaculo
1020 1761 1136 1802 esse?
1171 1776 1251 1815 quo
1282 1761 1468 1814 quisquis
1493 1768 1612 1811 terra,

252 1824 426 1876 quisque
454 1823 555 1863 mari
582 1823 737 1863 venerit
769 1838 877 1863 nunc
909 1831 1049 1863 nostra
1079 1822 1130 1864 ab
1155 1823 1482 1864 Atheniensibus
1511 1822 1613 1864 Car-

252 1884 661 1939 thaginiensibusque
693 1891 879 1939 tropaea,
930 1899 1038 1925 nunc
1076 1892 1146 1925 tua
1178 1885 1227 1925 (le
1258 1884 1377 1926 nobis
1410 1886 1611 1933 ostendat,

251 1946 559 1999 incolumesque
600 1946 830 2001 Syracusas
873 1946 1053 1987 familiae
1103 1954 1261 1987 vestrae
1305 1946 1381 1987 sub
1424 1947 1612 1987 clientela

251 2008 427 2048 nominis
453 2007 747 2048 Marcellorum
774 2008 980 2061 tutelaque
1007 2007 1216 2049 habendas
1243 2008 1393 2048 tradas.
1442 2023 1492 2048 ne
1518 2008 1610 2062 plus

252 2077 349 2124 aput
387 2084 460 2110 vos
498 2070 747 2124 Hieronymi
785 2085 909 2123 quam
946 2070 1141 2110 Hieronis
1178 2070 1375 2110 memoria
1417 2070 1613 2110 momenti

251 2132 392 2172 faciat:
437 2132 590 2172 (liutius
621 2132 688 2172 ille
722 2132 849 2172 multo
881 2132 1037 2172 amicus
1068 2132 1145 2172 fuit
1177 2147 1300 2185 quam
1326 2132 1391 2172 hic
1417 2131 1547 2172 hostis
1574 2138 1613 2171 et

250 2193 357 2233 illius
383 2193 599 2234 benefacta
627 2194 749 2234 etiam
779 2209 822 2235 re
849 2194 1052 2244 sensistis,
1091 2194 1211 2235 huius
1244 2194 1421 2235 amentia
1446 2194 1498 2235 ad
1521 2208 1614 2249 per-

250 2255 398 2296 niciem
423 2262 581 2296 tantum
606 2256 737 2310 ipsius
765 2256 920 2297 valuit'.

337 2317 491 2360 Omnia
529 2326 567 2360 et
603 2319 876 2373 impetrabilia
912 2327 951 2359 et
989 2326 1076 2360 tuta
1114 2326 1225 2360 erant
1263 2325 1361 2374 aput
1386 2318 1610 2368 Romanos,

249 2380 353 2421 inter
388 2381 500 2435 ipsos
538 2381 631 2435 plus
669 2381 765 2422 belli
801 2395 848 2421 ac
885 2381 1055 2435 periculi
1099 2389 1195 2422 erat.
1266 2395 1442 2434 namque
1480 2390 1612 2420 trans-

250 2442 392 2497 fugae,
443 2444 549 2484 tradi
586 2458 630 2484 se
666 2443 865 2484 Romanis
902 2444 996 2493 rati,
1046 2444 1417 2485 mercennariorum
1449 2457 1611 2496 quoque

250 2505 424 2545 militum
462 2506 614 2546 auxilia
652 2506 695 2546 in
732 2506 907 2546 eundem
939 2507 1172 2560 compulere
1210 2519 1383 2555 metum,
1421 2506 1612 2559 arreptis-

251 2580 329 2617 que
355 2567 478 2607 armis
504 2575 712 2621 praetores
738 2568 915 2622 primum
942 2568 1202 2617 obtruncant,
1241 2569 1335 2608 inde
1367 2568 1419 2608 ad
1444 2567 1610 2608 caedem

254 2624 607 2679 Syracusanorum
634 2630 884 2679 discurrunt,
917 2644 1103 2683 quosque
1129 2629 1213 2670 fors
1240 2629 1404 2677 obtulit,
1436 2628 1526 2668 irati
1549 2627 1610 2666 in-

252 2687 451 2738 terficere,
484 2696 604 2743 atque
631 2692 767 2732 omnia
791 2706 896 2744 quae
921 2691 963 2731 in
987 2698 1181 2746 promptu
1206 2697 1319 2732 erant
1344 2690 1607 2744 diripuerunt.
