1815 3184
500 238 655 273 LIBER
680 238 887 283 xxvnn,
915 238 944 272 7.
963 238 998 272 8.
1028 237 1226 282 [acm]
1458 229 1542 269 449

185 349 462 392 consererent,
495 342 593 382 dum
619 342 707 396 ipse
733 342 888 383 aversis
920 341 1110 383 omnibus
1135 341 1177 382 in
1203 356 1296 382 eum
1323 341 1542 382 tumultum

185 405 237 445 ab
262 412 378 459 tergo
402 404 546 445 urbem
572 405 778 445 incautam
804 404 1112 458 adgrederetur,
1145 403 1216 445 ubi
1239 404 1330 444 luce
1356 411 1542 458 coeptam
1569 417 1588 444 4

184 466 340 507 invenit
375 482 577 521 pugnam,
615 467 703 520 ipse
739 480 815 507 nec
844 466 887 506 in
917 481 1051 506 arcem
1084 480 1127 506 se
1157 466 1383 516 includere,
1425 465 1545 506 turba

185 527 320 568 locum
358 535 490 568 artum
526 528 803 582 inpeditur-us,
853 527 982 568 voluit
1017 542 1150 580 neque
1188 528 1345 577 scalas,
1394 527 1543 581 quibus

187 589 400 630 scanderet
425 604 582 638 muros,
610 589 810 630 attulerat.
872 589 1040 629 sarcinis
1067 589 1108 629 in
1133 604 1325 629 acervum
1351 589 1543 629 coniectis
1571 602 1590 630 5

186 665 280 691 cum
306 651 417 692 haud
442 651 584 706 procul
609 651 735 691 muris
763 651 815 691 ad
839 657 1033 691 terrorem
1058 651 1239 691 hostium
1259 651 1388 691 aciem
1409 657 1545 691 osten-

187 712 334 761 disset,
362 728 454 753 cum
481 713 686 766 equitibus
712 712 902 753 Numidis
928 713 1238 765 circumequitat
1263 712 1418 761 urbem,
1445 713 1544 752 dum

187 773 321 814 scalae
342 789 528 828 quaeque
548 775 627 815 alia
646 775 697 814 ad
717 774 1042 829 oppugnandum
1067 789 1171 828 opus
1198 781 1312 814 erant
1336 782 1543 828 parantur,

187 835 239 874 ad
265 835 482 876 visendum
506 851 587 889 qua
611 836 789 876 maxime
815 842 928 890 parte
953 836 1257 889 adgrederetur.
1300 850 1544 890 progressus
1572 849 1590 879 6

185 897 238 936 ad
263 913 443 946 murum,
472 898 684 952 scorpione
709 898 789 938 icto
810 898 879 950 qui
898 898 1109 951 proximus
1131 913 1224 938 eum
1245 897 1349 938 forte
1369 904 1545 946 steterat,

186 959 348 999 territus
385 960 479 999 inde
516 967 599 999 tam
634 958 864 1013 periculoso
909 974 1009 999 casu
1043 960 1227 1013 receptui
1270 974 1415 1000 canere
1451 974 1545 1000 cum

185 1021 390 1071 iussisset,
429 1028 563 1061 castra
597 1021 741 1074 procul
777 1020 828 1061 ab
865 1020 949 1060 ictu
985 1020 1055 1060 teli
1092 1021 1328 1061 communit.
1401 1020 1545 1061 classis

185 1083 374 1123 Romana
409 1097 434 1123 a
462 1081 662 1122 Messana
691 1082 851 1121 Locros
888 1081 1042 1133 aliquot
1078 1081 1188 1122 horis
1225 1082 1290 1122 die
1328 1090 1546 1136 superante

185 1144 377 1192 accessit3
415 1143 591 1196 expositi
615 1157 759 1183 omnes
785 1157 807 1183 e
831 1142 1006 1182 navibus
1039 1149 1078 1182 ct
1109 1150 1203 1183 ante
1228 1157 1421 1183 occasum
1449 1144 1545 1184 solis

185 1205 328 1246 urbem
352 1204 530 1259 ingressi
556 1211 662 1244 sunt.
712 1211 877 1258 postero
903 1204 968 1244 die
994 1210 1139 1258 coepta
1164 1218 1215 1244 ex
1240 1219 1331 1245 arce
1357 1205 1546 1246 aPoenis
1572 1218 1591 1247 8

147 1302 151 1306 .
183 1281 340 1321 pugna,
385 1273 425 1306 et
455 1265 667 1306 Hannibal
698 1265 780 1306 iam
813 1265 933 1306 scalis
966 1265 1139 1318 aliisque
1169 1265 1360 1307 omnibus
1392 1266 1445 1306 ad
1475 1281 1548 1320 op-

182 1328 479 1383 pugnationem
504 1328 657 1382 paratis
684 1327 849 1369 subibat
873 1342 1032 1376 muros,
1072 1342 1166 1367 cum
1191 1334 1358 1382 repente
1384 1328 1426 1368 in
1451 1343 1545 1369 eum

183 1390 285 1430 nihil
309 1390 444 1430 minus
470 1404 595 1442 quam
621 1389 700 1430 tale
726 1390 946 1443 quicquam
968 1390 1178 1430 timentem
1204 1390 1410 1443 patefacta
1429 1397 1547 1444 porta

185 1457 405 1505 erumpunt
429 1452 618 1492 Romani.
678 1452 730 1492 ad
756 1452 953 1492 ducentos
985 1451 1222 1505 inprovidos
1254 1466 1348 1492 cum
1373 1452 1548 1493 invasis-
1574 1466 1591 1495 9

186 1519 277 1554 sent
313 1513 529 1553 occidunt:
578 1519 734 1554 ceteros
772 1513 1009 1562 Hannibal,
1059 1520 1104 1554 ut
1146 1513 1357 1554 consulem
1399 1514 1546 1555 adesse

186 1575 332 1623 sensit,
370 1574 412 1614 in
443 1581 577 1615 castra
605 1575 768 1628 recipit,
806 1575 1030 1627 nuntioque
1061 1575 1189 1616 misso
1221 1576 1273 1615 ad
1304 1590 1374 1616 eos
1405 1576 1475 1628 qui
1506 1577 1548 1616 in

185 1651 277 1677 arce
303 1642 433 1684 erant,
461 1642 505 1676 ut
530 1636 693 1676 sibimet
717 1636 797 1690 ipsi
816 1636 1094 1685 consulerent,
1120 1642 1240 1677 nocte
1259 1636 1381 1677 motis
1402 1637 1546 1677 castris

185 1698 296 1739 abiit.
358 1705 397 1738 et
422 1698 492 1750 qui
516 1698 559 1737 in
584 1712 675 1738 arce
702 1704 834 1746 erant,
871 1698 959 1752 igni
987 1698 1136 1738 iniecto
1161 1698 1278 1739 tectis
1305 1713 1409 1752 quae
1436 1706 1548 1739 tene·
1576 1712 1615 1741 10

184 1760 302 1809 bant,
346 1766 391 1800 ut
421 1760 456 1800 is
488 1760 687 1800 tumultus
718 1760 881 1800 hostem
912 1766 1155 1809 moraretur,
1199 1775 1348 1815 agmen
1379 1775 1548 1802 suorum

185 1822 310 1876 fugae
337 1822 459 1862 simili
485 1836 607 1862 cursu
633 1829 725 1862 ante
751 1828 913 1862 noctem
939 1822 1123 1862 adsecuti
1150 1829 1256 1862 sunt.

271 1883 393 1924 VIII.
468 1882 608 1938 Scipio
645 1890 690 1923 ut
726 1891 766 1924 et
801 1898 937 1924 arcem
973 1883 1156 1924 relictam
1193 1883 1244 1925 ab
1281 1884 1470 1925 hostibus
1507 1891 1546 1926 et
1576 1899 1588 1927 1

185 1960 316 1986 vacua
341 1945 443 1985 vidit
468 1953 620 1994 castra,
659 1952 826 1986 vocatos
853 1946 905 1986 ad
937 1947 1168 1986 contionem
1193 1946 1428 1988 Locrenses
1453 1963 1547 2001 gra—

184 2007 289 2048 viter
313 2007 366 2048 ob
392 2007 664 2048 defectionem
688 2008 911 2056 incusavit3
948 2007 999 2048 de
1030 2007 1265 2049 auctoribus
1300 2008 1547 2063 supplicium

186 2069 362 2123 sumpsit
392 2068 583 2122 bonaque
615 2084 755 2110 eorum
786 2069 951 2110 alterius
982 2068 1172 2110 factionis
1203 2070 1457 2124 principibus
1494 2070 1547 2111 ob

185 2131 395 2185 egregiam
431 2131 555 2171 fidem
598 2131 796 2172 adversus
832 2131 1044 2171 Romanos
1087 2131 1302 2172 concessit,
1384 2131 1547 2186 publice
1573 2147 1591 2176 3

184 2206 261 2233 nec
303 2192 400 2233 dare
442 2207 519 2233 nec
561 2193 716 2247 eripere
759 2207 802 2233 se
839 2193 1059 2246 quicquam
1100 2193 1383 2234 Locrensibus
1425 2194 1546 2234 dixit:

185 2253 361 2295 Romam
399 2254 605 2294 mitterent
639 2255 824 2309 legatos3
872 2268 997 2308 quam
1033 2261 1200 2295 senatus
1239 2269 1416 2308 aequum
1452 2269 1547 2296 cen—

186 2315 354 2364 suisset,
394 2330 484 2356 eam
517 2316 723 2356 fortunam
754 2316 978 2357 habituros.
1039 2316 1141 2357 illud
1172 2317 1270 2358 satis
1309 2317 1429 2367 scire,
1469 2318 1545 2358 etsi
1571 2332 1590 2360 4

184 2377 290 2417 male
323 2377 373 2417 de
404 2377 557 2431 populo
588 2378 776 2418 Romano
807 2379 941 2418 meriti
971 2385 1127 2427 essent,
1165 2379 1208 2419 in
1238 2379 1405 2420 meliore
1437 2385 1546 2420 statu

186 2438 262 2479 sub
288 2439 400 2479 iratis
415 2439 614 2480 Romanis
641 2439 801 2480 futuros
827 2454 951 2493 quam
977 2440 1054 2481 sub
1074 2440 1215 2481 amicis
1232 2440 1546 2496 Carthaginien-

185 2500 299 2542 sibus
337 2500 499 2541 fuerint.
560 2502 649 2556 ipse
679 2501 884 2543 Pleminio
920 2502 1056 2557 legato
1092 2502 1397 2556 praesidioque,
1434 2503 1545 2555 quod
1571 2517 1589 2545 5

185 2576 321 2603 arcem
357 2569 538 2616 ceperat,
577 2563 630 2604 ad
665 2564 859 2604 tuendam
895 2563 1039 2605 urbem
1069 2564 1230 2614 relicto,
1269 2579 1361 2605 cum
1393 2564 1543 2617 quibus

184 2630 351 2665 venerat
377 2624 506 2678 copiis
532 2624 774 2666 Messanam
800 2625 968 2666 traiecit.

267 2685 332 2727 Ita
357 2686 532 2740 superbe
558 2693 597 2728 et
623 2687 840 2728 crudeliter
869 2687 997 2729 habiti
1022 2689 1256 2729 Locrenses
1289 2688 1340 2730 ab
1369 2688 1542 2730 Cartha·
1570 2703 1587 2731 6

254 2752 317 2779 Lim·
338 2752 391 2779 vol.
407 2753 441 2779 Π.
1272 2755 1316 2788 29

1575 1035 1590 1063 Nl

1573 2023 1590 2051 m
