1815 3184
472 224 625 258 LIBER
650 224 780 267 XXII,
807 224 839 257 3.
859 223 892 257 4.
922 225 969 266 [a.
986 221 1121 264 0217]
1421 210 1476 251 59

124 329 352 384 perveniat,
379 342 454 369 nec
480 334 573 368 ante
598 342 673 368 nos
699 326 793 367 hinc
819 326 1067 367 moverimus
1088 339 1232 378 quam,
1260 324 1363 365 sicut
1385 324 1479 363 olim

126 391 348 432 Camillum
374 389 424 430 ab
444 389 578 438 Veiis,
607 389 656 430 C.
676 389 927 429 Flaminium
953 387 1003 428 ab
1024 387 1189 427 Arretio
1213 392 1349 440 patres
1376 386 1482 426 3661-

123 452 279 493 verint?
338 452 440 492 11366
477 451 599 493 31111111
634 451 849 504 increpans
889 465 982 490 cum
1013 449 1126 490 ocius
1160 448 1278 503 signa
1309 448 1481 488 convelli

123 514 284 555 iuberet
309 520 347 554 et
372 514 462 567 ipse
492 513 534 553 in
566 527 683 553 ecum
715 512 958 560 insiluisset,
999 526 1095 551 ecus
1127 517 1293 564 repente
1326 509 1482 550 conruit

125 576 417 629 consulemque
442 575 604 630 lapsum
632 590 755 629 super
780 581 902 628 caput
921 574 1078 614 effudit.
1117 572 1264 613 territis
1292 571 1482 612 omnibus

124 639 194 691 qui
226 638 333 678 circa
363 645 477 678 erant
509 637 619 678 velut
644 637 766 677 foedo
792 636 926 676 omine
951 635 1208 689 incipiendae
1233 634 1292 674 rei
1316 634 1483 687 insuper

123 701 345 749 nuntiatur,
380 700 543 754 signum
571 699 681 740 omni
706 699 745 738 vi
772 698 963 738 moliente
991 697 1187 752 signifero
1213 696 1388 737 convelli
1413 710 1483 735 ne-

124 763 250 815 quire.
295 776 518 802 conversus
545 761 596 801 ad
622 760 808 800 nuntium
837 763 953 799 ‘num
971 759 1125 799 litteras
1146 758 1326 811 quoque'
1352 757 1482 810 inquit

126 824 195 864 ‘ab
223 831 366 864 senatu
393 823 549 872 adfers,
577 837 681 876 quae
707 837 771 862 me
796 836 881 861 rem
908 836 1050 876 gerere
1075 820 1238 861 vetant?
1268 820 1354 868 abi,
1380 835 1483 859 nun-

123 886 197 934 tia,
236 886 432 926 effodiant
469 885 651 938 signum,
697 883 730 923 si
767 883 819 923 ad
855 882 1167 923 convellendum
1204 897 1350 922 manus
1387 896 1484 934 prae

124 956 237 988 metu
269 947 546 1001 obtorpuerit.'
605 947 793 986 incedere
824 945 919 985 inde
951 960 1101 999 agmen
1134 945 1265 998 coepit
1297 944 1485 998 primori-

124 1009 219 1058 bus,
258 1024 380 1063 super
413 1023 535 1061 quam
568 1009 679 1061 quod
709 1007 987 1048 dissenserant
1019 1006 1070 1046 ab
1108 1007 1296 1054 consilio,
1336 1005 1483 1046 territis

124 1071 245 1111 etiam
277 1070 430 1124 duplici
460 1070 666 1124 prodigio,
701 1069 828 1109 milite
859 1069 902 1108 in
926 1068 1076 1123 vulgus
1102 1068 1208 1108 laeto
1234 1068 1384 1107 ferocia
1411 1067 1486 1106 du-

123 1132 198 1181 cis,
226 1147 320 1172 cum
343 1147 457 1186 spem
480 1132 611 1186 magis
632 1132 765 1185 ipsam
791 1146 914 1184 quam
941 1145 1108 1170 causam
1135 1130 1222 1183 spei
1248 1130 1483 1168 intueretur.

206 1195 310 1235 IIII.
371 1195 583 1235 Hannibal
615 1195 725 1247 quod
757 1194 844 1248 agri
872 1203 933 1234 est
959 1194 1064 1233 inter
1090 1192 1314 1233 Cortonam
1340 1191 1484 1231 urbem

123 1257 536 1309 Trasumennumque
568 1257 702 1297 lacum
737 1256 847 1296 omni
878 1255 993 1296 clade
1020 1254 1116 1295 belli
1140 1260 1367 1308 pervastat,
1403 1268 1484 1306 quo

123 1319 255 1373 magis
282 1319 383 1359 iram
409 1318 517 1359 hosti
543 1319 595 1359 ad
620 1318 888 1358 vindicandas
916 1318 1120 1358 sociorum
1151 1316 1319 1356 iniurias
1352 1322 1483 1356 acuat.

125 1388 163 1421 et
202 1381 283 1420 iam
319 1388 590 1434 pervenerant
626 1381 677 1421 ad
713 1381 804 1421 loca
841 1386 936 1420 nata
972 1379 1150 1427 insidiis,
1201 1378 1270 1418 ubi
1309 1378 1485 1418 maxime

125 1450 285 1482 montes
314 1441 591 1483 Cortonenses
617 1441 764 1497 in[fra]
794 1442 1106 1482 Trasumennus
1134 1440 1255 1480 subit.
1305 1440 1372 1480 xia
1398 1447 1486 1480 tan-

125 1512 211 1544 tum
244 1504 413 1544 interest
444 1512 715 1559 perangusta,
753 1504 865 1544 velut
897 1504 949 1544 ad
980 1503 1022 1543 id
1047 1503 1183 1557 ipsum
1210 1502 1260 1541 dc
1287 1502 1486 1542 industria

124 1565 264 1606 relicto
297 1566 448 1619 spatio3
490 1567 636 1607 deinde
668 1566 789 1620 paulo
820 1566 940 1606 latior
969 1565 1141 1619 patescit
1169 1578 1358 1618 campus,
1391 1564 1485 1603 inde

126 1627 250 1667 colles
287 1628 572 1683 adinsurgunt.
632 1628 688 1669 ibi
721 1636 854 1668 castra
888 1628 931 1667 in
961 1635 1102 1681 aperto
1134 1627 1258 1675 locat,
1296 1626 1367 1667 ubi
1397 1626 1485 1680 ipse

125 1703 219 1729 cum
250 1688 367 1730 Afris
401 1691 523 1731 modo
555 1690 839 1744 Hispanisque
872 1690 1120 1738 considerct3
1160 1688 1345 1729 Baliares
1379 1695 1486 1728 cete-

124 1768 293 1807 ramque
312 1754 445 1794 levem
468 1763 714 1795 armaturam
735 1761 827 1808 post
848 1753 998 1794 montis
1020 1752 1300 1800 circumducit,
1327 1751 1485 1804 equites

125 1816 176 1855 ad
209 1815 320 1869 ipsas
353 1815 494 1858 fauces
528 1817 655 1858 saltus
689 1816 857 1856 tumulis
889 1822 983 1869 apte
1008 1814 1243 1869 tegentibus
1269 1813 1394 1861 locat,
1426 1820 1483 1860 ut,

125 1877 196 1918 ubi
220 1877 441 1919 intrassent
461 1879 659 1928 Romani,
691 1879 850 1919 obiecto
871 1877 1055 1931 equitatu
1075 1876 1215 1917 clausa
1234 1875 1369 1916 omnia
1394 1874 1486 1914 lacu

127 1953 173 1979 ae
198 1939 406 1981 montibus
433 1948 583 1981 essent.

208 2001 438 2043 Flaminius
466 2017 559 2043 cum
584 2003 714 2057 pridie
740 2002 837 2043 solis
865 2016 1014 2042 occasu
1039 2000 1092 2041 ad
1116 2000 1252 2040 lacum
1276 1998 1486 2053 pervenis-

128 2069 206 2110 set,
242 2062 496 2117 inexplorato
528 2072 693 2119 postero
725 2065 790 2105 die
822 2064 991 2104 vixdum
1025 2063 1123 2103 satis
1157 2068 1265 2102 certa
1295 2061 1386 2100 11166
1417 2075 1487 2100 311-

127 2123 274 2177 gustiis
297 2126 517 2178 superatis,
543 2133 763 2180 postquam
784 2126 826 2165 in
850 2124 1119 2179 patentiorem
1146 2137 1336 2176 campum
1362 2121 1485 2175 pandi

129 2199 278 2238 agmen
308 2187 460 2240 eoepit,
497 2187 540 2227 id
570 2194 727 2228 tantum
762 2187 941 2227 hostium
973 2186 1083 2238 quod
1114 2200 1165 2225 ex
1197 2185 1369 2225 adverso
1402 2191 1487 2223 crat

129 2248 340 2301 conspexit
350 2264 360 2297 3
409 2248 460 2289 ab
504 2258 618 2303 tergo
661 2264 708 2290 ac
751 2264 873 2302 super
909 2257 1031 2301 caput
1067 2247 1264 2301 decepere
1301 2245 1485 2286 insidiae.

129 2308 293 2349 Poenus
319 2309 406 2358 ubi,
440 2310 482 2350 id
507 2311 617 2363 quod
640 2311 830 2365 petierat,
865 2310 1049 2349 clausum
1076 2309 1168 2356 lacu
1199 2322 1246 2349 36
1276 2306 1484 2347 montibus

129 2378 167 2410 et
194 2370 488 2412 circumfusum
515 2372 599 2412 suis
626 2373 754 2426 copiis
780 2372 924 2412 habuit
948 2371 1130 2418 hostem,
1164 2370 1329 2425 signum
1355 2369 1485 2410 omni-

129 2431 205 2471 bus
238 2432 307 2472 dat
340 2433 460 2473 simul
492 2433 724 2474 invadendi.
785 2433 853 2486 qui
880 2433 950 2473 ubi
975 2447 1056 2485 qua
1081 2433 1226 2485 cuique
1252 2431 1485 2485 proximum

127 2495 205 2535 suit
231 2496 566 2545 decucurrerunt,
593 2511 640 2537 eo
666 2496 798 2551 magis
819 2496 1016 2536 Romanis
1043 2494 1179 2535 subita
1204 2501 1324 2547 atque
1349 2494 1486 2548 inpro-

129 2557 216 2597 visa
242 2572 305 2597 res
332 2558 428 2607 fuit,
455 2559 566 2611 quod
591 2565 678 2599 orta
703 2573 754 2598 ex
779 2558 871 2598 lacu
890 2557 1040 2597 nebula
1060 2572 1205 2611 campo
1227 2571 1348 2609 quam
1368 2570 1484 2596 mon-

129 2618 238 2659 tibus
265 2619 428 2660 densior
453 2621 613 2661 sederat
638 2620 884 2675 agminaque
910 2619 1088 2659 hostium
1116 2634 1166 2658 ex
1192 2617 1375 2672 pluribus
1403 2618 1484 2658 col-

130 2679 236 2721 libus
274 2681 364 2735 ipsa
400 2682 504 2723 inter
541 2697 585 2723 se
622 2683 720 2723 satis
757 2689 976 2736 conspecta
1008 2696 1138 2734 coque
1169 2680 1301 2735 magis
1334 2680 1484 2734 pariter

1511 459 1544 486 ll

1514 770 1550 797 13

1514 957 1551 985 14

1511 1390 1528 1417 Ιῦ
