1815 3184
468 234 622 269 LIBER
645 234 806 278 XXVII,
832 234 885 268 11.
906 234 958 268 12.
987 236 1035 277 [a.
1051 233 1185 278 Gaea]
1421 224 1501 265 337

153 337 262 378 sules
299 336 478 386 fuerant,
515 336 575 377 M.
616 337 831 378 Cornelius
871 337 1101 392 Cethegus,
1144 336 1193 378 Ρ.
1233 335 1502 391 Sempronius

152 398 396 439 Tuditanus.
470 413 658 439 censores
702 405 746 439 ut
788 414 932 453 agrum
976 398 1237 452 Campanum
1283 398 1503 439 fruendum

151 460 349 509 locarent,
388 474 438 500 ex
464 461 702 501 auctoritate
733 467 895 514 patrum
924 460 1052 500 latum
1081 460 1123 499 in
1147 460 1309 514 plebem
1335 466 1397 500 est
1419 459 1505 513 ple-

152 521 306 574 besque
333 522 461 562 scivit.
523 528 687 562 senatus
712 521 928 563 lectionem
959 521 1162 562 contentio
1186 521 1290 561 inter
1314 535 1503 562 censores

152 583 202 622 de
226 583 408 637 principe
433 583 607 637 legendo
632 583 771 623 tenuit.
817 581 1035 636 Semproni
1051 583 1171 623 lectio
1197 589 1300 632 erat,
1326 589 1506 623 ceterum

154 642 370 684 Cornelius
396 658 551 685 morem
577 644 769 684 traditum
794 644 976 698 patribus
1004 644 1258 696 sequendum
1283 643 1434 693 aiebat,
1460 650 1504 684 ut

152 705 222 757 qui
246 705 400 759 primus
434 720 578 746 censor
608 720 659 745 ex
688 706 737 746 iis
769 706 838 758 qui
864 706 1045 745 viverent
1075 705 1239 755 fuisset,
1278 720 1371 746 eum
1395 705 1506 759 prin-

152 767 284 820 cipem
309 767 506 821 legerent:
551 774 589 808 et
613 767 647 807 is
674 767 722 807 T.
749 767 931 807 Manlius
958 767 1191 819 Torquatus
1224 774 1329 817 erat3
1389 765 1507 808 Sem-

150 828 338 881 pronius,
376 828 441 868 cui
472 829 513 868 di
544 834 693 868 sortem
723 828 885 882 legendi
910 828 1137 877 dedissent,
1175 835 1214 868 et
1244 829 1306 869 ius
1331 827 1506 869 liberum

152 890 319 929 eosdem
344 890 506 930 dedisse
532 890 652 930 deos:
705 904 748 930 se
778 889 820 928 id
852 904 925 929 suo
956 888 1121 929 arbitrio
1146 889 1350 930 facturum
1379 889 1507 930 lectu-

150 965 323 1003 rumque
351 950 402 1002 Q
428 950 606 990 Fabium
630 950 880 998 Maximum,
913 964 1036 1002 quem
1061 956 1147 990 tum
1171 950 1397 1004 principem
1421 951 1506 991 Ro-

151 1026 296 1051 manae
322 1011 495 1051 civitatis
528 1026 619 1051 esse
650 1011 715 1051 vel
740 1010 975 1051 Hannibale
1005 1011 1140 1051 iudice
1170 1012 1352 1052 victurus
1384 1018 1504 1052 esset.

151 1087 245 1122 cum
270 1072 340 1112 diu
365 1079 562 1112 certatum
588 1071 723 1112 verbis
750 1078 878 1120 esset,
906 1072 1154 1112 concedente
1181 1073 1352 1126 conlega
1375 1072 1504 1113 lectus

150 1148 174 1173 a
211 1132 455 1186 Sempronio
502 1133 692 1186 princeps
739 1133 782 1172 in
830 1139 975 1173 senatu
1012 1132 1064 1185 Q.
1101 1133 1256 1173 Fabius
1292 1133 1505 1174 Maximus

150 1194 306 1235 consul.
365 1194 460 1234 inde
491 1195 594 1235 alius
629 1194 759 1235 lectus
793 1202 959 1235 senatus
997 1201 1088 1235 octo
1119 1195 1365 1249 praeteritis,
1403 1195 1507 1235 inter

149 1271 252 1309 quos
278 1255 339 1297 M.
367 1255 572 1297 Caecilius
597 1255 793 1297 Metellus
820 1263 923 1305 erat,
960 1256 1125 1297 infamis
1151 1263 1292 1297 auctor
1317 1257 1507 1297 deseren-

149 1318 225 1358 dae
250 1317 393 1358 Italiae
417 1323 511 1371 post
538 1316 800 1358 Cannensem
825 1318 995 1358 cladem.
1056 1318 1098 1358 in
1124 1317 1380 1371 equestribus
1407 1332 1507 1371 quo-

149 1393 229 1432 que
254 1379 360 1420 notis
387 1380 529 1420 eadem
555 1386 717 1420 servata
747 1394 890 1429 causa,
929 1380 1001 1420 sed
1033 1387 1147 1420 erant
1176 1381 1371 1435 perpauci
1401 1395 1504 1433 quos

151 1455 199 1481 ea
234 1440 403 1481 infamia
439 1441 666 1495 attingeret.
727 1441 807 1481 illis
845 1441 1034 1483 omnibus
1061 1467 1093 1471 —
1118 1449 1158 1482 et
1188 1443 1305 1483 multi
1336 1450 1450 1483 erant
1474 1467 1506 1471 —

150 1502 330 1556 adempti
355 1502 466 1554 equi,
493 1503 563 1554 qui
583 1501 864 1543 Cannensium
889 1503 1098 1558 legionum
1124 1504 1281 1557 equites
1306 1505 1349 1544 in
1364 1503 1506 1545 Sicilia

151 1570 276 1603 erant.
337 1563 579 1603 addiderunt
604 1564 815 1604 acerbitati
845 1565 968 1605 etiam
992 1571 1174 1618 tempus,
1212 1580 1262 1606 ne
1287 1566 1505 1619 praeterita

152 1624 354 1678 stipendia
377 1625 643 1679 procederent
666 1625 735 1674 iis,
773 1640 878 1678 quae
910 1640 1014 1678 equo
1045 1626 1210 1680 publico
1236 1634 1503 1677 emeruerant,

152 1687 225 1727 sed
250 1687 355 1726 dena
380 1686 583 1740 stipendia
607 1687 722 1739 equis
747 1687 917 1741 privatis
937 1687 1130 1728 facerent.
1168 1703 1364 1743 magnum
1389 1703 1505 1742 prae-

151 1755 262 1788 terea
296 1762 511 1788 numerum
554 1762 694 1788 eorum
738 1748 1071 1801 conquisiverunt
1107 1749 1178 1801 qui
1219 1764 1324 1802 equo
1362 1751 1507 1790 mereri

150 1809 362 1859 deberent3
406 1816 527 1863 atque
565 1824 616 1850 ex
645 1810 714 1859 iis,
753 1811 823 1863 qui
852 1810 1052 1864 principio
1084 1811 1171 1851 eius
1204 1810 1299 1852 belli
1330 1819 1507 1866 septem-

150 1871 282 1911 decim
308 1886 436 1912 annos
463 1871 547 1911 nati
571 1871 734 1912 fuerant
758 1885 891 1924 neque
916 1872 1207 1922 militaverant,
1234 1873 1366 1914 omnis
1393 1888 1506 1914 aera-

149 1933 231 1973 rios
256 1932 453 1973 fecerunt.
490 1933 727 1973 locaverunt
752 1933 847 1973 inde
871 1932 1090 1974 reficienda
1114 1947 1219 1986 quae
1245 1934 1352 1975 circa
1370 1934 1505 1975 forum

149 1994 337 2035 incendio
375 2001 619 2048 consumpta
654 2000 786 2043 erant,
827 2000 984 2048 septem
1020 1994 1229 2044 tabernas,
1274 1996 1504 2046 macellum,

151 2055 297 2095 atrium
322 2056 495 2110 regium.

236 2116 341 2157 XII.
392 2117 629 2158 Transactis
655 2118 857 2166 omnibus,
885 2132 989 2170 quae
1008 2118 1167 2159 Romae
1192 2120 1354 2174 agenda
1378 2125 1503 2168 erant,

152 2177 340 2219 consules
372 2178 424 2218 ad
455 2178 608 2219 bellum
638 2179 823 2232 profecti.
895 2179 1005 2233 prior
1034 2180 1207 2220 Fulvius
1237 2194 1505 2235 praegressus

153 2239 341 2293 Capuam
350 2255 360 2288 3
390 2248 484 2293 post
507 2254 662 2294 paucos
689 2241 776 2281 dies
797 2248 1042 2282 consecutus
1060 2241 1225 2291 Fabius,
1252 2243 1322 2295 qui
1347 2249 1387 2282 et
1411 2257 1507 2283 con-

151 2301 287 2356 legam
323 2316 460 2342 coram
497 2301 723 2343 obtestatus
762 2310 801 2343 et
841 2318 915 2357 per
955 2303 1107 2344 litteras
1143 2302 1413 2353 Marcellum,
1461 2311 1507 2344 ut

151 2377 275 2415 quam
312 2363 507 2418 acerrimo
542 2362 650 2404 bello
693 2364 892 2405 detineret
926 2364 1229 2414 Hannibalem,
1279 2366 1376 2405 dum
1417 2366 1506 2419 ipse

153 2423 377 2464 Tarentum
403 2432 676 2479 oppugnaret:
720 2440 768 2466 ea
796 2425 898 2466 urbe
929 2426 1119 2480 adempta
1144 2426 1253 2467 hosti
1276 2426 1359 2466 iam
1390 2423 1507 2467 u‘ndi-

151 2499 230 2538 que
255 2485 392 2539 pulso,
430 2500 505 2526 nec
539 2486 609 2526 ubi
635 2487 875 2528 consisteret
904 2502 981 2528 neo
1005 2488 1104 2540 quid
1133 2487 1262 2528 fidum
1286 2488 1506 2542 respiceret

150 2547 344 2596 habenti,
392 2562 444 2588 ne
485 2548 717 2589 remorandi
761 2549 926 2602 quidem
968 2564 1136 2590 causam
1171 2550 1214 2589 in
1249 2549 1370 2590 Italia
1403 2549 1504 2591 fore.

149 2609 329 2664 Regium
367 2610 716 2667 etiamnuntium
759 2611 880 2651 mittit
921 2611 973 2652 ad
1009 2611 1262 2665 praefectum
1298 2611 1503 2665 praesidii,

150 2671 262 2724 quod
292 2671 343 2713 ab
368 2672 555 2713 Laevino
588 2672 755 2713 consule
787 2673 983 2714 adversus
1014 2672 1198 2714 Bruttios
1235 2672 1293 2714 ibi
1327 2672 1505 2714 locatum

222 2737 284 2764 Lim·
304 2737 359 2765 vol.
377 2734 411 2763 ιι.
1233 2738 1278 2773 22

1528 410 1548 439 8

1530 532 1548 562 9

1531 655 1572 684 10

1532 778 1568 807 11

1534 1331 1573 1360 13

1534 1455 1573 1483 14

1533 1701 1571 1730 15

1535 1948 1573 1977 16

1534 2134 1548 2161 1

1531 2194 1550 2224 2

1531 2439 1551 2468 3

1530 2624 1551 2653 4
