1815 3184
296 218 379 260 380
586 223 740 259 LIBER
762 214 930 267 XXVII,
955 223 1008 257 49.
1022 223 1077 257 50.
1105 225 1154 266 [a.
1171 235 1205 257 u.
1220 234 1249 257 ρ.
1264 223 1345 267 547]

297 326 501 374 accendit,
549 326 618 366 ille
654 325 849 381 fugientis
890 325 1100 366 revocavit
1141 325 1417 378 omissamque
1456 341 1638 380 pugnam

253 405 273 432 4
298 390 452 442 aliquot
487 388 588 429 10015
625 388 822 437 restituit3
858 396 1087 442 postremo,
1125 402 1218 428 cum
1252 387 1364 428 haud
1399 388 1521 429 dubie
1557 389 1640 429 for-

296 459 395 491 tuna
429 450 609 491 hostium
645 458 773 499 esset,
811 464 862 490 ne
899 458 1107 504 superstes
1145 456 1257 491 tanto
1294 449 1489 490 exercitui
1521 465 1641 490 suum

295 527 446 552 nomen
471 519 612 553 secuto
639 519 767 560 esset,
807 511 1008 552 concitato
1040 526 1145 564 equo
1177 526 1221 552 se
1250 511 1293 552 in
1324 511 1532 552 cohortem
1555 511 1641 552 Ro-

295 589 460 614 manam
494 574 662 615 inmisit.
722 574 797 623 ibi,
834 582 879 614 ut
914 580 1030 628 patre
1060 574 1300 615 Hamilcare
1335 581 1377 615 et
1404 573 1641 615 Hannibale

296 637 421 677 fratre
448 637 618 692 dignum
644 644 751 685 erat,
777 651 969 691 pugnans
996 636 1155 677 cecidit.

252 712 271 741 5
378 698 614 752 Numquam
650 713 697 739 eo
735 698 842 739 bello
878 713 961 738 una
997 698 1083 739 acie
1114 706 1273 738 tantum
1302 697 1484 739 hostium
1517 697 1642 738 inter-

296 760 450 800 fectum
481 769 562 809 est,
599 760 840 813 redditaque
872 774 1003 813 aequa
1035 758 1247 801 Cannensi
1272 760 1409 801 clades
1436 760 1501 801 vel
1527 760 1641 800 ducis

253 835 270 865 6
296 822 361 862 vel
387 823 588 863 exercitus
613 823 779 863 interitu
809 823 1037 863 videbatur.
1099 822 1398 878 quinquaginta
1429 838 1501 863 sex
1531 823 1644 863 milia

295 884 477 925 hostium
518 885 680 934 occisa,
730 892 849 939 capta
892 885 1071 938 quinque
1107 885 1220 926 milia
1261 893 1301 926 et
1337 885 1642 940 quadringenti3

296 961 448 1001 magna
481 947 636 1002 praeda
668 946 746 987 alia
777 961 870 987 cum
901 947 1033 988 omnis
1060 947 1243 1001 generis,
1279 955 1366 988 tum
1397 947 1484 987 auri
1519 947 1644 988 etiam

254 1022 270 1050 7
298 1009 550 1064 argentique.
611 1009 762 1049 civium
798 1009 921 1049 etiam
955 1010 1258 1059 Romanorum,
1296 1009 1366 1062 qui
1403 1009 1511 1064 capti
1547 1017 1645 1064 aput

297 1069 437 1110 hostes
470 1078 602 1120 013111,
641 1085 764 1125 supra
795 1071 872 1110 tria
902 1071 1015 1111 milia
1050 1071 1230 1125 capitum
1264 1078 1441 1125 recepta.
1500 1071 1543 1110 id
1579 1085 1645 1112 so-

296 1131 389 1171 lacii
425 1131 502 1172 fuit
537 1147 611 1186 pro
647 1132 810 1173 amissis
848 1147 895 1173 eo
932 1133 1086 1187 proelio
1117 1133 1328 1174 militibus.
1387 1148 1484 1172 nam
1514 1133 1644 1173 haud-

298 1207 503 1246 quaquam
537 1195 750 1235 incruenta
786 1194 956 1235 victoria
990 1195 1085 1235 fuit:
1123 1203 1214 1236 octo
1252 1196 1380 1236 ferme
1416 1195 1528 1235 milia
1557 1195 1644 1236 Ro-

254 1266 273 1297 8
298 1270 512 1295 1113110111111
550 1257 835 1309 sociorumque
872 1257 1020 1297 occisa.
1087 1257 1271 1310 adeoque
1308 1257 1431 1298 etiam
1467 1257 1642 1298 victores

299 1317 510 1372 sanguinis
537 1319 755 1371 caedisque
781 1326 944 1373 ceperat
970 1319 1155 1367 satietas,
1181 1328 1225 1359 ut
1249 1328 1414 1373 postero
1441 1319 1523 1368 die,
1551 1333 1644 1359 cum

298 1388 409 1419 esset
443 1380 674 1420 nuntiatum
709 1380 832 1421 Livio
875 1381 1058 1429 consuli,
1109 1380 1252 1421 Gallos
1298 1380 1533 1435 Cisalpinos
1568 1381 1644 1421 Li-

298 1441 517 1495 gurisquc‚
578 1442 647 1494 qui
695 1450 764 1482 aut
809 1442 964 1496 proelio
1012 1456 1095 1482 non
1142 1442 1373 1482 adfuissent
1419 1450 1489 1482 aut.
1540 1442 1645 1483 inter

299 1503 467 1543 caedem
502 1503 763 1557 effugissent,
807 1519 889 1544 uno
926 1503 1089 1557 agmine
1126 1503 1236 1544 abire
1268 1504 1355 1544 sine
1386 1511 1495 1544 certo
1527 1504 1643 1553 (11100,

299 1564 386 1605 51110
412 1564 560 1618 signis,
599 1565 685 1605 51110
718 1565 859 1605 ordine
890 1565 973 1605 ullo
999 1572 1069 1606 aut
1093 1565 1283 1620 imperio,
1319 1580 1461 1620 posse,
1499 1565 1533 1606 si
1563 1581 1645 1607 una

255 1640 272 1670 9
299 1625 480 1678 equitum
511 1626 576 1666 ala
604 1626 806 1675 mittatur,
850 1641 992 1667 omnes
1031 1627 1243 1668 deleri—z
1292 1627 1409 1680 ‘quin
1439 1627 1645 1682 supersint

299 1687 424 1741 aliqui
447 1689 578 1728 nuntii
604 1697 645 1729 01
669 1689 849 1729 hostium
874 1689 1001 1729 cladis
1028 1697 1067 1730 et
1091 1696 1257 1730 nostrae
1282 1689 1470 1730 virtutis?

256 1765 271 1793 1
382 1751 434 1791 L.
492 1751 602 1791 Nero
635 1766 683 1791 ca
712 1759 851 1800 nocte,
890 1766 993 1804 quae
1026 1760 1168 1792 secuta
1203 1760 1266 1792 est
1300 1767 1502 1806 pugnam,
1545 1751 1644 1792 cita-

298 1813 398 1853 tiore
424 1827 547 1866 quam
571 1813 666 1853 inde
691 1821 859 1854 venerat
885 1813 1048 1868 agmine
1080 1813 1144 1854 die
1171 1822 1286 1855 sexto
1320 1815 1372 1854 ad
1397 1814 1546 1855 stativa
1570 1829 1645 1854 sua

253 1889 272 1918 ‘2
299 1883 419 1927 atque
467 1874 628 1915 hostem
674 1875 874 1929 pervenit.
938 1875 1014 1915 iter
1062 1875 1148 1916 eius
1196 1875 1427 1928 frequentia
1472 1876 1642 1925 minore,

298 1937 393 1990 quia
416 1952 535 1978 nemo
566 1945 848 1992 praecesserat
877 1938 1063 1986 nuntius,
1100 1937 1255 1979 laetitia
1283 1953 1380 1979 vero
1406 1945 1537 1987 tanta,
1574 1937 1644 1978 vix

297 2008 341 2039 ut
377 2008 587 2053 compotes
624 2000 823 2040 mentium
858 2014 957 2054 prae
993 2000 1144 2054 gaudio
1182 2007 1345 2049 essent,
1393 1999 1644 2040 celebratum

253 2074 271 2104 3
297 2068 372 2102 est.
431 2076 527 2101 nam
556 2061 715 2102 Romae
751 2070 895 2102 neuter
932 2061 1055 2101 animi
1085 2061 1248 2102 habitus
1281 2061 1380 2102 satis
1412 2061 1492 2101 dici
1527 2076 1645 2102 enar-

296 2122 457 2176 rarique
482 2131 637 2178 potest,
674 2138 751 2164 nec
781 2138 860 2176 quo
891 2123 1047 2164 incerta
1077 2123 1360 2178 expectatione
1391 2131 1562 2164 eventus
1589 2123 1645 2163 ci-

253 2200 273 2228 4
297 2186 401 2227 vitas
416 2187 550 2226 fuerat
562 2200 638 2227 nec
653 2201 733 2239 quo
754 2186 948 2227 victoriae
964 2187 1118 2226 famam
1137 2186 1306 2240 accepit.
1332 2200 1557 2239 numquam
1570 2200 1644 2241 per

297 2248 429 2288 omnis
456 2248 562 2297 dies,
599 2263 651 2289 ex
681 2263 761 2301 quo
788 2247 1009 2289 Claudium
1043 2248 1255 2288 consulem
1278 2248 1510 2303 profectum
1533 2247 1645 2288 fama

298 2310 454 2359 attulit,
505 2311 556 2351 ab
593 2321 680 2351 orto
719 2310 804 2351 sole
842 2310 895 2350 ad
930 2309 1185 2350 occidentem
1227 2318 1297 2350 aut
1333 2317 1497 2351 senator
1533 2309 1644 2362 quis-

297 2385 421 2424 quam
451 2388 475 2413 a
505 2373 617 2413 curia
654 2380 775 2425 atque
812 2372 863 2412 ab
900 2372 1209 2426 magistratibus
1242 2371 1443 2412 abscessit
1473 2378 1543 2412 aut.
1571 2385 1644 2425 po-

254 2447 273 2476 5
297 2434 418 2487 pulus
456 2449 478 2474 e
515 2435 617 2476 foro.
677 2442 908 2483 matronae,
945 2434 1040 2487 quia
1076 2433 1177 2474 nihil
1212 2433 1255 2474 in
1290 2432 1390 2488 ipsis
1423 2432 1513 2488 opis
1544 2439 1642 2480 erat,

296 2496 338 2535 in
372 2511 514 2550 preces
553 2497 930 2550 obtestationesque
967 2511 1135 2545 versae,
1189 2511 1263 2551 per
1299 2495 1436 2538 omnia
1473 2495 1643 2536 delubra

297 2572 426 2612 vagae
454 2559 661 2614 supplices
687 2560 876 2613 votisque
901 2559 1075 2613 fatigare
1101 2559 1213 2600 deos.

255 2631 272 2661 6
380 2619 487 2659 Tam
536 2621 734 2662 sollicitae
783 2635 830 2661 ac
873 2635 1099 2675 suspensae
1142 2620 1296 2661 civitati
1337 2620 1448 2660 fama
1486 2618 1640 2659 incerta

295 2680 426 2734 primo
463 2683 626 2732 accidit,
664 2684 767 2724 duos
792 2683 1043 2725 Narnienses
1080 2682 1237 2736 equites
1267 2682 1310 2722 in
1345 2689 1497 2730 castra,
1533 2692 1637 2732 quae
