1815 3184
305 261 357 302 68
615 269 770 302 LIBER
794 268 924 310 XXII,
951 268 1004 301 13.
1026 268 1080 301 14.
1108 270 1205 310 [a.u.
1222 268 1348 311 0537]

260 387 277 416 6
304 387 422 427 opem
462 371 671 412 ferendam
705 371 826 411 sociis
858 369 1186 411 interclusurum.
1248 370 1322 410 sed
1350 370 1555 411 Punicum
1586 371 1657 412 ab-

259 634 273 661 ⁶³1

255 880 273 908 9

234 1066 274 1095 10

234 1190 270 1219 11

252 1685 270 1714 10

255 2674 271 2702 7

302 435 471 475 horrens
498 433 549 473 ab
576 433 823 473 Latinorum
848 432 1059 472 nominum
1090 430 1440 486 pro[nuntiatione
1467 447 1512 472 05
1539 432 1658 473 Casi-

301 497 428 536 linum
455 493 546 549 pro]
577 493 731 534 Casino
763 494 847 534 dux
879 500 923 533 ut
953 494 1155 548 acciperet
1180 494 1296 543 fecit,
1329 508 1580 547 aversusque
1606 494 1656 535 ab

303 572 376 597 suo
396 557 538 597 itinere
557 570 630 610 per
642 555 872 596 Allifanum
895 555 1213 608 Caiatinumque
1232 563 1271 596 et
1292 555 1493 596 Calenum
1513 571 1656 610 agrum

302 620 344 659 in
363 633 554 672 campum
578 617 790 659 Stellatem
811 618 1034 658 descendit.
1079 618 1149 659 ubi
1174 633 1267 658 eum
1292 618 1499 659 montibus
1525 619 1658 659 flumi-

300 680 504 733 nibusque
553 680 735 720 clausam
782 679 992 734 regionem
1041 680 1418 734 circumspexisset,
1467 687 1658 721 vocatum

300 742 447 782 ducem
471 748 771 795 percunctatur,
803 741 874 781 ubi
900 748 1097 782 terrarum
1123 749 1243 782 esset.
1305 756 1398 798 cum
1424 742 1458 783 is
1486 741 1657 783 Casilini

301 819 348 844 eo
375 804 439 844 die
466 819 704 843 mansurum
732 818 825 843 eum
852 804 1041 852 dixisset,
1074 811 1161 844 tum
1187 805 1354 844 demum
1379 805 1568 859 cognitus
1595 814 1658 845 est

301 880 411 905 error
437 872 476 906 et
503 864 703 906 Casinum
729 865 851 919 longe
876 865 970 905 inde
996 865 1075 906 alia
1104 866 1270 921 regione
1302 881 1411 915 esse,
1448 867 1657 921 virgisque

300 942 421 967 caeso
453 927 557 967 duce
589 934 627 967 et
654 927 705 967 ad
731 927 980 979 reliquorum
1007 935 1200 968 terrorem
1225 928 1267 968 in
1293 942 1455 969 crucem
1481 928 1656 977 sublato,

300 990 442 1030 castris
470 989 749 1038 communitis,
783 989 1070 1029 Maharbalem
1096 1004 1190 1030 eum
1215 990 1420 1043 equitibus
1447 990 1487 1030 in
1513 1005 1658 1044 agrum

298 1051 519 1092 Falernum
546 1052 787 1105 praedatum
813 1051 980 1091 dimisit.
1041 1066 1172 1105 usque
1204 1053 1256 1092 ad
1282 1067 1409 1105 aquas
1438 1050 1658 1093 Sinuessa-

298 1129 372 1154 nas
392 1113 600 1167 populatio
621 1128 669 1153 ea
689 1114 886 1167 pervenit.
924 1114 1134 1168 ingentem
1153 1114 1331 1162 cladem,
1358 1114 1501 1168 fugam
1522 1121 1657 1154 tamen

300 1183 575 1228 terroremque
600 1175 721 1216 latius
742 1175 944 1216 Numidae
964 1176 1168 1216 fecerunt:
1194 1191 1268 1216 nec
1295 1184 1430 1216 tamen
1455 1176 1490 1216 is
1517 1184 1655 1224 terror,

299 1252 392 1278 cum
419 1238 555 1277 omnia
580 1236 688 1278 bello
715 1237 952 1291 flagrarent,
985 1237 1065 1277 fide
1091 1237 1223 1278 socios
1251 1238 1438 1286 dimovit,
1470 1237 1659 1278 videlicet

298 1300 393 1352 quia
419 1299 526 1339 iusto
552 1308 591 1339 et
617 1299 827 1339 moderato
852 1299 1100 1354 regebantur
1122 1300 1292 1353 imperio
1312 1314 1387 1340 nec
1408 1299 1655 1348 abnuebant,

299 1361 409 1414 quod
437 1376 563 1400 unum
588 1361 797 1400 vinculum
823 1361 919 1401 fidei
945 1369 1026 1409 est,
1053 1360 1289 1402 melioribus
1315 1376 1469 1415 parere.

383 1423 535 1462 XIIII.
598 1422 655 1462 Ut
690 1438 805 1471 vero,
844 1437 937 1463 eum
970 1423 1022 1463 ad
1054 1422 1303 1462 Vulturnum
1335 1423 1485 1463 flumen
1525 1430 1657 1463 castra

299 1491 393 1524 sunt
423 1485 575 1538 posita,
609 1484 856 1525 exurebatur
887 1485 1202 1526 amoenissimus
1228 1485 1371 1525 Italiae
1398 1499 1495 1539 ager
1519 1484 1658 1525 villae-

298 1560 376 1598 que
411 1547 563 1600 passim
598 1547 805 1587 incendiis
830 1546 1045 1587 fumabant
1076 1561 1149 1600 per
1178 1547 1275 1601 iuga
1303 1546 1477 1587 Massici
1507 1547 1656 1587 montis

297 1607 428 1648 Fabio
466 1608 660 1657 ducente,
705 1617 793 1648 tum
829 1623 955 1663 prope
993 1609 1042 1648 de
1079 1609 1238 1663 integro
1282 1609 1427 1649 seditio
1471 1623 1655 1649 accensa.

298 1670 536 1722 quieverant
562 1671 668 1710 enim
694 1685 766 1724 per
785 1685 939 1724 paucos
960 1670 1065 1719 dics,
1093 1671 1207 1723 quia,
1235 1684 1327 1711 cum
1349 1670 1519 1711 celerius
1539 1670 1657 1710 solito

297 1732 466 1771 ductum
492 1747 641 1786 agmen
668 1740 795 1781 esset,
823 1732 1008 1772 festinari
1035 1732 1087 1772 ad
1113 1731 1409 1786 prohibendam
1428 1731 1658 1786 populatio-

296 1793 416 1833 nibus
446 1793 717 1847 Campaniam
750 1795 1018 1835 crediderant.
1079 1802 1124 1834 ut
1155 1810 1251 1835 vero
1282 1795 1323 1835 in
1356 1803 1538 1835 extrema
1562 1795 1658 1849 iuga

296 1855 469 1895 Massici
497 1856 645 1896 montis
672 1864 859 1905 ventum,
887 1864 926 1897 et
950 1856 1090 1897 hostes
1113 1856 1189 1897 sub
1211 1857 1338 1897 oculis
1360 1864 1473 1897 erant
1492 1856 1657 1896 Falerni

296 1917 384 1972 agri
415 1917 734 1971 colonorumque
762 1917 986 1959 Sinuessae
1017 1925 1123 1958 tecta
1154 1926 1318 1959 urentes
1352 1933 1426 1958 nec
1458 1918 1540 1958 ulla
1573 1925 1656 1958 erat

296 1979 448 2019 mentio
486 1994 670 2034 pugnae,
716 1984 964 2033 ‘spectatum
1001 1980 1125 2021 istuc'
1169 1980 1301 2033 inquit
1337 1979 1548 2020 Minucius
1587 1980 1657 2020 ‘ad

295 2056 381 2081 rem
414 2041 630 2082 fruendam
657 2041 804 2089 oculis,
839 2042 1041 2082 sociorum
1069 2042 1214 2082 caedes
1242 2050 1280 2082 et
1305 2042 1512 2090 incendia,
1547 2041 1657 2081 veni-

296 2104 413 2144 mus‘.>
437 2118 512 2144 nee
533 2105 566 2144 si
586 2104 737 2144 nullius
760 2104 945 2153 alterius,
972 2120 1046 2145 nos
1067 2119 1117 2144 ne
1144 2105 1293 2144 civium
1320 2104 1486 2157 quidem
1511 2103 1656 2144 horum

295 2167 439 2220 pudet,
467 2181 570 2220 quos
597 2166 840 2207 Sinuessam
862 2166 1029 2207 colonos
1055 2174 1191 2221 patres
1218 2167 1346 2206 nostri
1371 2166 1587 2214 miserunt,
1613 2172 1657 2205 ut

296 2227 346 2268 ab
382 2227 567 2269 Samnite
606 2228 729 2269 hoste
761 2236 849 2269 tuta
881 2229 982 2269 haec
1014 2244 1084 2269 ora
1116 2235 1244 2278 esset,
1282 2243 1406 2281 quam
1437 2242 1546 2268 nunc
1576 2242 1657 2267 non

296 2290 455 2330 vicinus
489 2289 656 2332 Samnis
694 2292 793 2340 urit,
841 2291 914 2332 sed
949 2290 1117 2332 Poenus
1155 2291 1332 2340 advena,
1377 2289 1427 2330 ab
1465 2289 1656 2330 extremis

295 2352 405 2393 orbis
426 2361 625 2393 terrarum
646 2354 828 2394 terminis
855 2361 993 2394 nostra
1019 2354 1274 2394 cunctatione
1300 2360 1339 2394 et
1366 2352 1551 2392 socordia
1575 2352 1657 2391 iam

298 2414 377 2454 huc
420 2415 692 2469 progressus?
740 2423 897 2456 tantum
936 2414 1027 2469 pro!
1078 2416 1376 2469 degeneramus
1413 2429 1437 2454 a
1473 2413 1656 2467 patribus

296 2477 464 2525 nostris,
504 2484 548 2517 ut
579 2484 741 2531 praeter
771 2492 893 2530 quam
927 2478 1035 2531 (per)
1067 2492 1182 2525 oram
1211 2477 1269 2517 illi
1295 2476 1450 2530 (suam)
1476 2475 1655 2515 Punicas

295 2539 438 2592 vagari
476 2539 630 2580 classes
670 2539 849 2580 dedecus
887 2553 978 2579 esse
1014 2539 1174 2593 imperii
1213 2539 1276 2580 sui
1314 2537 1522 2585 duxerint,
1566 2551 1656 2577 eam

297 2615 403 2640 nunc
435 2601 598 2654 plenam
631 2601 812 2642 hostium
844 2600 1198 2654 Numidarumque
1231 2615 1278 2641 30
1302 2600 1544 2640 Μ3111·01·11111
1576 2598 1656 2638 13111

298 2661 449 2701 factam
491 2663 732 2703 videamus?
780 2663 850 2716 qui
892 2663 1014 2703 modo
1053 2662 1288 2718 Saguntum
1332 2661 1561 2716 oppugnari
1597 2660 1657 2700 in-

298 2722 505 2776 dignando
554 2739 635 2764 non
678 2724 864 2765 homines
908 2731 1084 2773 tantum,
1137 2726 1210 2765 sed
1256 2725 1422 2765 foedera
1470 2730 1510 2763 et
1557 2722 1655 2762 deos
