1815 3184
242 403 278 432 11

240 769 280 798 13

241 1016 282 1044 14

243 1200 281 1229 15

242 1384 281 1414 16

243 1632 279 1660 17

244 1938 283 1968 18

268 2312 283 2340 1

269 2497 286 2524 2

307 217 391 259 310
607 222 761 256 LissER
785 222 930 265 XXVI,
954 221 1010 255 40.
1031 221 1086 254 41.
1115 224 1214 265 [a.u.
1230 233 1259 255 e.
1274 222 1356 265 544]

305 328 470 382 ignotus
514 325 566 366 ad
607 324 716 365 auris
759 323 1000 372 accidisset,
1048 323 1289 377 priusquam
1329 323 1381 363 ad
1421 324 1548 364 ictum
1588 324 1658 366 teli

306 388 479 436 veniret,
517 386 695 441 capessit
730 386 886 440 fugam.
956 399 1030 438 per
1065 399 1252 425 aversam
1286 390 1446 439 portam
1482 386 1656 427 emissus

306 450 524 502 adsumpto
556 448 703 489 comite
726 447 916 502 Epicyde
948 461 1041 487 cum
1071 447 1213 500 paucis
1244 447 1297 488 ad
1325 461 1437 488 mare
1461 447 1656 501 pervenit,

305 511 494 563 nactique
531 517 758 564 opportune
798 523 971 563 parvum
1007 508 1242 563 navigium,
1290 508 1431 549 relicta
1471 507 1658 549 hostibus

308 572 466 621 Sicilia,
504 571 554 612 de
579 585 660 624 qua
683 585 756 625 per
786 578 845 610 tot
876 584 1004 611 annos
1037 576 1234 610 certatum
1265 576 1368 618 erat,
1405 569 1448 609 in
1471 568 1659 610 Africam

263 653 269 659 ·
306 634 562 674 traiecerunt.
622 632 702 673 alia
739 631 957 673 multitudo
986 631 1221 672 Poenorum
1255 630 1570 684 Siculorumque
1607 645 1659 671 ne

305 703 501 751 temptato
531 695 698 749 quidem
729 694 950 735 certamine
980 709 1074 735 cum
1105 694 1216 734 caeci
1246 694 1288 734 in
1317 693 1462 748 fugam
1497 700 1660 733 ruerent

308 757 518 810 clausique
549 757 682 798 exitus
714 763 869 805 essent,
909 756 1015 797 circa
1045 762 1183 809 portas
1220 770 1352 796 caesa.
1413 754 1563 808 oppido
1597 768 1661 794 re-

306 826 424 874 cepto
454 820 668 860 Laevinus
699 819 770 872 qui
801 819 934 873 capita
970 833 1106 859 rerum
1137 817 1360 872 Agrigenti
1389 823 1504 857 erant
1532 816 1660 870 virgis

306 895 447 922 caesos
498 881 631 921 securi
678 880 898 934 percussit,
949 886 1105 920 ceteros
1147 879 1424 934 praedamque
1464 877 1658 926 vendidit,

307 957 470 983 omnem
494 942 712 996 pecuniam
735 941 914 982 Romam
938 941 1061 981 misit.

389 1004 521 1045 Fama
533 1004 902 1059 Agrigentinormn
927 1003 1054 1044 cladis
1071 1001 1255 1044 Siciliam
1280 1016 1374 1043 cum
1397 1000 1659 1056 pervasisset,

306 1066 443 1106 omnia
473 1072 640 1119 repente
671 1065 724 1106 ad
747 1065 959 1106 Romanos
984 1064 1293 1105 inclinaverunt.
1352 1063 1513 1118 prodita
1547 1061 1662 1103 brevi

308 1134 403 1168 sunt
426 1128 572 1182 viginti
598 1128 766 1182 oppida,
804 1142 877 1168 sex
902 1127 943 1167 vi
968 1134 1105 1181 capta,
1137 1125 1366 1166 voluntaria
1391 1124 1595 1165 deditione
1620 1123 1661 1163 in

307 1188 431 1229 fidem
455 1196 653 1230 venerunt
678 1189 730 1230 ad
755 1189 1038 1244 quadraginta.
1099 1202 1272 1241 quarum
1298 1187 1523 1228 civitatium
1552 1185 1662 1240 prin-

307 1250 466 1305 cipibus
492 1265 584 1291 cum
610 1265 683 1305 pro
709 1250 906 1303 cuiusque
932 1250 1076 1290 merito
1102 1249 1245 1290 consul
1270 1249 1400 1303 pretia
1424 1261 1661 1302 poenasque

307 1312 552 1353 exsolvisset
582 1313 867 1367 coegissetque
895 1311 1058 1353 Siculos
1089 1312 1233 1366 positis
1266 1311 1431 1351 tandem
1462 1310 1584 1351 armis
1610 1309 1660 1350 ad

307 1389 453 1429 agrum
478 1374 695 1415 colendum
720 1375 878 1415 animos
904 1381 1158 1422 convertere,
1196 1380 1241 1412 ut
1266 1379 1375 1413 esset
1398 1387 1482 1412 non
1511 1371 1664 1412 incola-

306 1451 398 1476 rum
434 1436 557 1476 modo
593 1436 796 1476 alimentis
834 1435 1035 1489 frugifera
1070 1434 1223 1482 insula,
1264 1434 1336 1474 sed
1366 1433 1478 1474 urbis
1503 1433 1662 1473 Romae

309 1504 430 1549 atque
455 1497 616 1546 Italiae,
642 1498 685 1537 id
710 1497 820 1550 quod
845 1496 982 1536 multis
1011 1510 1132 1549 saepe
1158 1494 1471 1548 tempestatibus
1496 1494 1660 1543 fecerat,

308 1573 511 1598 annonam
535 1559 706 1607 levaret,
739 1558 790 1599 ab
816 1557 1063 1612 Agathyrna
1087 1557 1335 1597 inconditam
1361 1556 1662 1597 multitudinem

310 1634 451 1660 secum
488 1620 529 1660 in
565 1620 728 1660 Italiam
771 1619 1007 1660 transvexit.
1080 1626 1271 1672 quattuor
1306 1618 1418 1658 milia
1452 1618 1664 1659 hominum

308 1689 438 1730 erant,
476 1682 594 1722 mixti
626 1696 677 1722 ex
707 1682 818 1722 omni
851 1681 1093 1722 conluvione
1118 1680 1278 1729 exules,
1317 1680 1517 1729 obaerati,
1554 1679 1662 1734 capi-

307 1744 403 1784 talia
429 1744 519 1784 ausi
550 1744 752 1798 plerique,
791 1751 831 1784 et
861 1758 955 1784 cum
984 1743 1027 1783 in
1058 1742 1290 1784 civitatibus
1323 1743 1408 1783 suis
1434 1757 1482 1783 ac
1507 1741 1583 1782 sub
1608 1741 1664 1782 le-

309 1805 430 1859 gibus
462 1805 647 1846 vixerant
679 1814 718 1845 et
747 1813 966 1859 postquam
997 1819 1067 1845 eos
1099 1819 1150 1845 ex
1180 1804 1303 1845 variis
1335 1804 1470 1844 causis
1502 1803 1666 1844 fortuna

309 1866 451 1907 similis
484 1866 803 1921 conglobaverat
832 1867 1141 1922 Agathyrnam,
1178 1880 1250 1920 per
1284 1865 1494 1906 latrocinia
1525 1879 1573 1905 ac
1602 1880 1666 1905 ra-

309 1928 448 1982 pinam
479 1928 698 1969 tolerantes
730 1929 868 1968 vitam.
929 1928 1004 1969 hos
1036 1942 1169 1980 neque
1198 1926 1426 1979 relinquere
1450 1926 1664 1966 Laevinus

306 1991 350 2030 in
384 1990 520 2031 insula
556 1999 642 2031 tum
674 1991 853 2044 primum
883 2005 991 2031 nova
1020 2004 1121 2044 pace
1153 1989 1407 2029 coalescente
1438 1988 1550 2028 velut
1580 2003 1666 2028 ma—

309 2052 452 2092 teriam
483 2052 685 2092 novandis
716 2051 840 2092 rebus
873 2052 972 2093 satis
1004 2059 1137 2091 tutum
1168 2058 1281 2090 ratus
1312 2056 1392 2098 est,
1430 2056 1469 2090 et
1492 2049 1665 2104 Reginis

308 2114 402 2154 usui
426 2114 553 2154 futuri
580 2121 694 2154 erant
719 2114 771 2154 ad
803 2114 1085 2169 populandum
1109 2112 1317 2153 Bruttium
1349 2127 1495 2166 agrum
1520 2112 1666 2152 adsue-

311 2186 392 2216 tam
417 2175 638 2217 latrociniis
664 2175 955 2229 quaerentibus
980 2190 1160 2216 manum.
1210 2181 1250 2215 et
1274 2174 1385 2228 quod
1410 2174 1463 2214 ad
1482 2172 1667 2215 Siciliam

311 2237 472 2286 attinet,
500 2252 548 2278 eo
574 2253 680 2278 anno
706 2237 955 2278 debellatum
981 2244 1054 2278 est.

393 2298 622 2340 XXXXI.
670 2299 721 2339 In
746 2299 953 2354 Hispania
976 2299 1176 2354 principio
1202 2298 1308 2339 veris
1333 2297 1382 2338 P.
1411 2295 1569 2351 Scipio,
1595 2311 1667 2336 na-

310 2360 430 2401 vibus
467 2361 654 2402 deductis
692 2362 954 2414 evocatisque
991 2361 1124 2401 edicto
1150 2360 1427 2400 Tarraconem
1464 2358 1667 2399 sociorum

312 2423 492 2471 auxiliis,
520 2423 695 2464 classem
720 2424 1007 2476 onerariasque
1028 2423 1178 2463 ostium
1202 2422 1296 2462 inde
1316 2421 1464 2462 Hiberi
1488 2419 1667 2460 fluminis

313 2492 450 2537 petere
474 2484 600 2525 iubet.
662 2485 807 2526 eodem
831 2485 1014 2539 legiones
1046 2499 1097 2525 ex
1120 2484 1302 2525 hibernis
1333 2482 1549 2524 convenire
1574 2495 1668 2522 cum

314 2545 521 2595 iussisset,
559 2547 648 2600 ipse
680 2562 774 2587 cum
804 2547 985 2600 quinque
1017 2546 1182 2587 milibus
1214 2545 1418 2586 sociorum
1443 2544 1494 2585 ab
1520 2543 1668 2584 Tarra-

316 2621 416 2647 cone
441 2608 650 2661 profcctus
677 2609 729 2649 ad
754 2609 977 2649 exercitum
1003 2615 1076 2650 est.
1137 2623 1218 2661 quo
1244 2622 1338 2648 cum
1362 2606 1559 2653 venisset,
1597 2603 1667 2644 ad-

315 2668 542 2720 loquendos
567 2670 746 2710 maxime
770 2677 928 2711 veteres
954 2670 1122 2719 milites,
1149 2670 1219 2722 qui
1239 2669 1360 2710 tantis
1381 2666 1666 2720 superfuerunt
