1815 3184
493 228 646 263 LIBER
669 229 840 274 xxuu,
865 229 919 263 34.
939 229 992 263 35.
1021 232 1069 273 [a.
1085 229 1220 274 0214]
1458 220 1539 261 199

192 347 356 381 saxum,
394 332 459 372 cui
483 332 658 386 inposita
682 332 787 372 muri
812 331 1079 373 fundamenta
1104 339 1214 382 sunt,
1252 348 1402 388 magna
1426 339 1540 387 parte

189 394 246 434 ita
270 394 447 448 proclive
473 400 552 442 est,
591 400 634 433 ut
657 408 739 433 non
765 393 896 434 solum
920 394 1047 434 missa
1071 400 1288 444 tormento,
1327 401 1388 436 set
1419 395 1540 435 etiam

191 470 295 508 quae
330 455 509 510 pondere
546 470 620 496 suo
655 455 869 509 provoluta
905 462 1058 505 essent,
1101 457 1279 510 graviter
1308 457 1349 497 in
1379 456 1540 497 hostem

190 517 424 558 inciderent.
485 517 628 557 eadem
660 531 784 557 causa
814 517 865 557 ad
897 517 1155 558 subeundum
1186 519 1359 559 arduum
1384 518 1540 559 aditum

190 578 503 631 instabilemque
538 579 772 633 ingressum
803 578 1037 632 praebebat.
1096 580 1153 620 ita
1183 580 1354 621 consilio
1385 579 1537 629 habito,

190 655 283 681 eum
308 641 439 681 omnis
466 647 635 681 conatus
660 639 834 693 ludibrio
861 646 986 689 esset,
1013 640 1209 682 absistere
1234 642 1539 696 oppugnatione

191 708 312 755 atque
331 701 557 743 obsidendo
578 707 735 742 tantum
756 715 892 742 arcere
912 707 1017 742 terra
1036 703 1218 756 marique
1243 702 1538 744 commeatibus

190 763 350 804 hostem
374 763 538 817 placuit.

274 823 470 864 XXXV.
541 823 710 864 Interim
746 823 969 865 Marcellus
1012 839 1104 864 cum
1145 825 1262 866 tertia
1297 824 1382 866 fere
1423 831 1537 879 parte

189 886 389 926 exercitus
421 886 473 926 ad
502 885 756 938 recipiendas
792 885 913 925 urbes
950 886 1176 939 profectus,
1214 901 1319 939 quae
1354 887 1395 926 in
1426 894 1540 927 motu

188 962 323 987 rerum
365 946 417 987 ad
460 946 820 1000 Carthaginienses
863 946 1120 995 defecerant,
1169 947 1370 988 Helorum
1418 955 1539 1001 atque

189 1008 423 1049 Herbesum
449 1007 691 1049 dedentibus
718 1007 817 1061 ipsis
842 1007 1001 1060 recipit,
1028 1006 1203 1061 Megara
1221 1009 1262 1048 vi
1281 1015 1399 1062 capta
1417 1010 1539 1049 diruit

187 1084 235 1110 ae
260 1069 424 1123 diripuit
449 1069 501 1109 ad
525 1068 772 1120 reliquorum
797 1083 843 1109 ae
874 1069 1051 1109 maxime
1080 1068 1434 1122 Syracusanorum
1461 1077 1539 1111 ter-

186 1145 330 1170 rorem.
373 1144 445 1183 per
468 1129 577 1170 idem
602 1129 688 1170 fere
714 1136 875 1183 tempus
901 1136 940 1169 et
959 1129 1160 1177 Himilco,
1187 1131 1257 1183 qui
1282 1132 1334 1171 ad
1354 1131 1539 1185 Pachyni

184 1190 511 1245 promunturium
537 1190 711 1231 classem
736 1191 806 1230 diu
831 1196 1032 1239 tenuerat,
1059 1191 1110 1231 ad
1124 1191 1389 1241 Heracleam,
1416 1207 1538 1246 quam

185 1258 332 1293 vocant
355 1251 560 1300 Minoam,
604 1252 784 1305 quinque
821 1258 860 1292 et
895 1252 1040 1306 viginti
1076 1252 1187 1293 milia
1222 1254 1424 1307 peditum,
1462 1254 1539 1294 tria

185 1313 385 1367 equitum,
416 1313 631 1354 duodecim
657 1313 894 1367 elephantos
920 1314 1127 1367 exposuit,
1159 1329 1419 1368 nequaquam
1445 1331 1538 1356 cum

185 1374 347 1427 quantis
385 1374 512 1428 copiis
544 1381 636 1414 ante
669 1381 853 1415 tenuerat
890 1375 942 1415 ad
970 1375 1214 1429 Pachynum
1251 1376 1438 1417 classem.
1499 1387 1538 1417 et

185 1443 404 1490 postquam
430 1436 481 1477 ab
500 1436 754 1490 Hippocrate
780 1443 1001 1491 occupatae
1024 1436 1255 1491 Syracusae
1282 1445 1412 1487 erant,
1445 1453 1539 1493 pro-

185 1498 317 1538 fectus
351 1497 643 1552 Carthaginem
677 1498 921 1552 adiutusque
952 1498 1010 1539 ibi
1040 1506 1079 1540 et
1109 1499 1160 1540 ab
1197 1500 1344 1555 legatis
1376 1500 1538 1554 Hippo-

186 1559 306 1600 cratis
344 1566 383 1599 et
417 1559 559 1600 litteris
590 1558 855 1608 Hannibalis,
899 1561 969 1613 qui
1004 1561 1167 1602 venisse
1203 1568 1365 1616 tempus
1403 1562 1537 1602 aiebat

189 1620 352 1661 Siciliae
388 1635 460 1675 per
496 1636 702 1661 summum
738 1621 863 1661 decus
900 1623 1166 1675 repetendae,
1224 1630 1262 1663 et
1309 1623 1397 1677 ipse
1438 1623 1537 1663 haut

186 1697 317 1722 vanus
360 1696 555 1736 praesens
596 1682 771 1722 monitor
812 1682 930 1722 facile
972 1683 1226 1736 perpulerat,
1275 1691 1319 1723 ut
1361 1691 1537 1736 quantae

185 1744 388 1784 maximae
412 1750 581 1798 possent
606 1743 788 1797 peditum
820 1744 1083 1796 equitumque
1114 1744 1254 1798 copiae
1285 1745 1327 1784 in
1354 1744 1537 1785 Siciliam

186 1806 459 1847 traicerentur.
510 1805 730 1846 adveniens
755 1805 992 1845 Heracliam
1016 1806 1122 1845 intra
1146 1821 1298 1859 paucos
1329 1806 1423 1846 inde
1449 1807 1535 1847 dies

185 1867 462 1922 Agrigentum
496 1867 666 1921 recepit3
705 1867 956 1919 aliarumque
993 1867 1237 1916 civitatium,
1274 1881 1378 1921 quae
1409 1869 1535 1922 partis

187 1928 591 1983 Carthaginiensium
618 1935 748 1977 erant,
786 1929 888 1969 adeo
914 1942 1110 1969 accensae
1136 1936 1230 1969 sunt
1255 1944 1348 1983 spes
1375 1930 1426 1970 ad
1451 1929 1536 1983 pel-

184 1991 326 2031 lendos
344 1990 484 2032 Sicilia
496 1991 720 2040 Romanos,
748 1998 791 2031 ut
815 1997 1022 2044 postremo
1048 1991 1170 2031 etiam
1195 1992 1264 2044 qui
1289 1991 1535 2033 obsideban-

186 2058 251 2091 tur
277 2051 493 2105 Syracusis
520 2052 676 2093 animos
704 2052 951 2092 sustulerint.
1000 2059 1039 2092 et
1062 2059 1176 2106 parte
1202 2053 1409 2107 copiarum
1436 2054 1534 2094 satis

186 2112 350 2153 defendi
374 2114 515 2154 urbem
540 2129 663 2168 posse
688 2114 781 2163 rati,
813 2114 870 2154 ita
892 2114 996 2154 inter
1022 2128 1065 2154 se
1089 2129 1257 2154 munera
1282 2114 1376 2155 belli
1401 2115 1536 2168 partiti

186 2182 296 2223 sunt,
328 2182 372 2215 ut
396 2175 604 2230 Epicydes
628 2183 837 2230 praeesset
862 2176 1071 2217 custodiae
1096 2176 1227 2225 urbis,
1260 2177 1534 2231 Hippocrates

185 2236 410 2277 Himilconi
429 2238 667 2278 coniunctus
688 2238 839 2278 bellum
860 2238 1056 2278 adversus
1078 2238 1287 2278 consulem
1301 2239 1534 2279 Romanum

185 2305 355 2352 gereret.
394 2313 487 2339 cum
507 2300 649 2339 decem
669 2300 901 2354 quingentis
922 2299 1086 2340 milibus
1107 2300 1302 2353 peditum,
1329 2300 1533 2352 equitibus

185 2366 303 2400 nocte
328 2374 400 2414 per
422 2360 655 2401 intermissa
686 2361 881 2402 custodiis
912 2361 1002 2401 loca
1032 2361 1239 2414 profectus
1265 2367 1398 2401 castra
1428 2361 1534 2401 circa

184 2421 361 2464 Acrillas
397 2422 541 2463 urbem
576 2423 766 2478 ponebat.
837 2424 1114 2464 munientibus
1152 2423 1387 2477 supervenit
1421 2423 1535 2464 Mar-

185 2484 310 2524 cellus
343 2484 394 2525 ab
420 2483 651 2540 Agrigento
681 2485 763 2526 iam
794 2492 1011 2539 occupato,
1050 2500 1143 2526 cum
1169 2485 1321 2526 frustra
1345 2500 1393 2526 eo
1418 2500 1534 2539 prae-

184 2546 321 2586 venire
345 2546 504 2587 hostem
530 2546 729 2588 festinans
761 2547 1016 2596 tetendisset,
1053 2547 1231 2595 rediens,
1267 2547 1368 2587 nihil
1398 2547 1533 2588 minus

181 2613 294 2647 ratus
325 2621 448 2661 quam
478 2607 547 2648 illo
577 2614 758 2662 tempore
789 2623 837 2649 ac
866 2608 956 2649 loeo
984 2607 1291 2662 Syracusanum
1317 2608 1395 2649 sibi
1420 2623 1534 2649 exer-

184 2668 308 2709 citum
329 2669 494 2710 obvium
514 2669 619 2719 f0re3
647 2677 708 2711 set
726 2677 862 2711 tamen
883 2675 995 2711 metu
1013 2670 1260 2712 Himilconis
1279 2670 1533 2712 Poenorum-

1568 532 1607 561 15

1568 592 1605 622 16

1566 838 1581 867 l

1565 1021 1583 1050 2

1565 1141 1583 1171 3

1563 1389 1583 1417 4

1559 2683 1599 2712 10
