1815 3184
256 1892 273 1921 2

255 2202 273 2231 3

254 2385 274 2413 4

257 2509 274 2537 5

258 2630 275 2658 6

301 233 383 274 316
596 239 749 273 LIBER
773 239 918 283 XXVI,
944 239 997 272 45.
1010 239 1065 273 46.
1094 240 1193 283 [a.u.
1211 251 1240 274 ο.
1255 239 1337 279 544]

300 358 382 383 non
405 341 632 396 praesentis
658 340 781 381 modo
807 340 857 381 ab
883 347 995 382 tanto
1021 341 1240 382 certamine
1266 355 1313 381 ac
1336 341 1475 383 labore
1500 345 1646 396 quietis

300 403 499 450 obsessis,
539 402 612 442 sed
642 402 765 442 etiam
800 402 841 442 in
870 409 1080 456 posterum
1111 403 1238 451 dedit,
1278 403 1397 444 scalis
1430 410 1469 444 et
1499 419 1648 446 corona

301 465 392 518 capi
415 464 558 505 urbem
589 478 671 504 non
702 478 842 517 posse,
880 479 1004 518 opera
1034 472 1074 504 ct
1098 464 1282 504 difficilia
1307 479 1397 505 csse
1423 472 1462 505 et
1487 471 1647 520 tempus

299 527 444 566 datura
468 526 520 566 ad
545 526 755 566 ferendam
781 540 900 579 opem
925 526 1236 579 imperatoribus
1263 527 1361 566 suis.

382 587 467 628 Vix
502 588 612 642 prior
647 587 844 627 tumultus
882 588 1146 637 conticuerat,
1191 602 1285 628 cum
1318 587 1456 642 Scipio
1493 587 1544 629 ab
1581 589 1651 629 de-

300 649 422 690 fessis
463 649 545 689 iam
587 642 892 701 vulneratisque
933 649 1106 689 recentis
1147 649 1410 704 integrosque
1447 649 1546 690 alios
1584 665 1651 691 ac-

301 712 434 765 cipere
460 710 590 751 scalas
616 710 729 751 iubet
754 717 793 750 et
817 710 857 750 vi
882 710 1033 751 maiore
1059 711 1228 765 adgredi
1251 711 1407 752 urbem.
1467 711 1574 765 ipse,
1607 718 1651 752 ut

300 773 337 813 ei
372 773 602 813 nuntiatum
634 780 695 813 est
725 779 885 813 aestum
921 773 1135 821 decedere,
1172 771 1282 825 quod
1318 787 1392 826 per
1426 773 1649 826 piscatores

301 834 630 875 Tarraconenses
656 848 764 874 nunc
789 833 946 874 levibus
974 834 1151 883 cumbis,
1189 849 1314 883 nunc,
1346 833 1417 874 ubi
1448 849 1519 874 eae
1545 834 1652 875 side-

298 903 404 945 rent,
435 896 550 936 vadis
577 902 820 950 pervagatos
847 902 1056 950 stagnum,
1094 903 1332 949 conpertum
1357 895 1552 944 habebat,
1590 896 1652 936 fa-

299 957 417 997 cilem
442 957 616 1011 pedibus
642 958 693 998 ad
719 972 880 997 murum
906 958 1121 997 transitum
1147 957 1251 1006 dari,
1279 972 1326 998 eo
1353 972 1492 998 secum
1519 972 1651 998 arma-

300 1026 361 1059 tos
390 1017 452 1073 [n]
480 1019 608 1060 duxit.
685 1019 865 1058 medium
896 1019 1023 1059 ferme
1054 1019 1134 1059 diei
1165 1025 1249 1059 erat
1280 1026 1319 1059 et
1349 1019 1402 1059 ad
1431 1019 1490 1068 id,
1540 1019 1651 1072 quod

301 1095 376 1120 sua
407 1087 550 1134 sponte
581 1079 749 1120 cedente
780 1080 822 1119 in
851 1095 962 1120 mare
989 1087 1105 1120 aestu
1135 1079 1370 1120 trahebatur
1395 1094 1519 1132 aqua,
1557 1094 1650 1120 acer

300 1141 422 1182 etiam
459 1141 693 1194 septemtrio
730 1147 841 1181 ortus
883 1141 1120 1181 inclinatum
1159 1148 1349 1195 stagnum
1387 1142 1530 1181 eodem
1566 1155 1648 1193 quo

300 1209 438 1243 aestus
466 1202 621 1243 ferebat
653 1210 691 1242 et
716 1203 818 1242 adeo
848 1203 1073 1243 nudaverat
1104 1204 1226 1252 vada,
1265 1210 1309 1242 ut
1334 1202 1431 1243 alibi
1455 1202 1648 1243 umbilico

300 1271 418 1304 tenus
445 1279 551 1317 aqua
576 1270 701 1312 esset,
728 1264 824 1304 alibi
848 1279 984 1318 genua
1009 1264 1077 1304 vix
1104 1271 1324 1318 superaret.
1378 1264 1456 1304 1100
1482 1279 1577 1304 cura
1602 1279 1649 1305 ac

298 1327 453 1367 ratione
480 1332 732 1379 compertum
762 1326 803 1365 in
834 1326 1065 1380 prodigium
1097 1340 1144 1366 ac
1175 1326 1272 1365 deos
1305 1332 1466 1366 vertens
1495 1324 1647 1380 Scipio,

299 1388 369 1440 qui
400 1387 450 1427 ad
483 1387 698 1427 transitum
727 1387 925 1427 Romanis
956 1401 1066 1426 mare
1100 1393 1302 1426 verterent
1333 1393 1372 1426 et
1404 1392 1549 1440 stagna
1578 1402 1650 1427 au-

299 1449 451 1489 ferrent
487 1449 655 1500 viasque
697 1456 790 1488 ante
832 1463 1055 1500 numquam
1097 1448 1216 1488 initas
1260 1447 1439 1487 humano
1475 1448 1649 1502 vestigio

300 1511 524 1564 aperirent,
572 1509 809 1562 Neptunum
851 1508 1018 1548 iubebat
1059 1508 1205 1548 ducem
1248 1508 1402 1548 itineris
1446 1509 1561 1562 sequi
1603 1523 1650 1550 ac

299 1571 433 1611 medio
460 1577 605 1623 stagno
632 1571 803 1610 evadere
829 1570 880 1609 ad
906 1570 1077 1609 moenia.

383 1631 654 1672 XXXXVI.
697 1631 766 1671 Ab
788 1639 892 1671 terra
912 1632 1056 1685 ingens
1076 1631 1191 1671 labor
1210 1631 1523 1673 succedentibus
1544 1639 1648 1682 erat3

299 1707 374 1733 1100
400 1693 611 1733 altitudine
639 1700 795 1732 tantum
822 1693 1028 1734 moenium
1059 1693 1403 1747 impediebantur,
1442 1694 1514 1734 sed
1539 1694 1650 1746 quod

298 1755 430 1795 euntis
472 1755 524 1795 ad
564 1755 751 1808 ancipitis
800 1755 1002 1807 utrimque
1043 1755 1147 1795 ictus
1191 1755 1395 1796 subiectos
1442 1755 1650 1796 habebant

297 1817 528 1865 Romanos,
566 1824 609 1856 ut
633 1816 760 1857 latera
791 1817 1002 1857 infestiora
1033 1816 1302 1857 subeuntibus
1329 1832 1452 1870 quam
1477 1817 1650 1858 adversa

300 1893 469 1932 corpora
495 1886 643 1918 essent.
682 1885 721 1918 at
747 1886 860 1932 parte
885 1879 926 1918 in
951 1878 1029 1918 alia
1054 1879 1286 1933 quingentis
1308 1886 1346 1918 01
1365 1893 1437 1932 per
1457 1886 1649 1932 stagnum

298 1940 428 1981 facilis
455 1940 647 1980 transitus
674 1947 712 1980 01
737 1940 777 1979 111
803 1955 964 1979 murum
990 1954 1184 1980 ascensus
1210 1940 1303 1979 inde
1328 1939 1423 1979 suit:
1460 1955 1555 1980 nam
1579 1954 1650 1980 ne-

298 2016 376 2054 que
413 2016 533 2055 opere
572 2001 777 2042 emunitus
815 2008 917 2049 erat,
966 2008 1009 2041 ut
1046 2001 1116 2041 ubi
1152 2001 1281 2054 ipsius
1317 1999 1395 2041 Ioci
1431 2015 1477 2041 ac
1515 2001 1650 2055 stagni

297 2064 500 2118 praesidio
528 2063 625 2103 satis
652 2063 848 2103 creditum
876 2063 998 2111 foret,
1036 2077 1111 2102 1100
1142 2062 1225 2102 ulla
1256 2069 1503 2102 armatorum
1529 2062 1649 2102 statio

298 2132 367 2165 aut
392 2126 577 2165 custodia
602 2126 789 2179 opposita
814 2125 979 2165 intentis
1011 2124 1199 2165 omnibus
1226 2125 1277 2164 ad
1301 2138 1420 2177 opem
1446 2139 1493 2164 eo
1517 2123 1651 2163 feren-

300 2187 413 2235 dam,
441 2187 548 2226 unde
574 2187 800 2241 periculum
827 2186 1129 2227 ostendebatur.
1189 2186 1259 2226 ubi
1283 2185 1426 2226 urbem
1452 2185 1538 2226 sine
1564 2199 1650 2226 cer-

299 2249 448 2289 tamine
489 2249 715 2297 intravere,
764 2255 942 2302 pergunt
983 2248 1077 2288 inde
1120 2254 1271 2301 quanto
1311 2247 1491 2287 maximo
1528 2261 1650 2287 cursu

298 2316 484 2364 poterant
520 2311 572 2350 ad
609 2326 699 2351 eam
736 2318 913 2364 portam,
952 2310 1058 2350 circa
1093 2324 1216 2362 quam
1247 2324 1365 2350 omne
1397 2314 1650 2349 contractum

299 2378 504 2412 certamen
536 2379 632 2412 erat.
692 2372 733 2412 in
764 2373 874 2425 quod
905 2373 1006 2412 adeo
1037 2372 1181 2411 intenti
1206 2371 1387 2411 omnium
1418 2385 1501 2411 non
1526 2370 1651 2410 animi

300 2433 432 2473 solum
452 2433 577 2482 fuere,
606 2440 665 2474 set
686 2435 807 2474 etiam
829 2434 935 2474 oculi
954 2448 1154 2486 auresque
1173 2433 1444 2487 pugnantium
1465 2439 1651 2485 spectan-

300 2495 483 2547 tiumque
520 2502 559 2534 et
595 2495 897 2535 adhortantium
933 2495 1172 2550 pugnantis,
1211 2501 1256 2534 ut
1291 2508 1411 2534 nemo
1448 2493 1499 2533 ab
1536 2500 1650 2547 tergo

300 2563 392 2596 ante
424 2557 590 2596 sentiret
621 2563 781 2610 captam
814 2557 975 2605 urbem,
1013 2572 1137 2609 quam
1169 2556 1249 2596 tela
1278 2556 1321 2596 in
1350 2569 1516 2595 aversos
1552 2553 1651 2594 inci-

302 2617 459 2657 derunt.
521 2616 603 2671 [ut]
630 2619 834 2671 utrimque
860 2618 1079 2672 ancipitem
1103 2617 1263 2658 hostem
1294 2615 1517 2664 habebant,
1554 2621 1653 2655 tunc

301 2677 471 2718 turbatis
498 2679 782 2720 defensoribus
807 2687 919 2721 metu
945 2686 984 2721 01
1009 2679 1170 2720 moenia
1194 2685 1313 2733 capta
1337 2684 1376 2718 et
1399 2682 1516 2730 porta
1539 2676 1646 2715 intus
