1815 3184
570 203 724 238 LIBER
748 202 893 247 XXVI,
918 201 973 236 41.
1003 204 1051 245 [a.
1069 199 1106 235 c,
1123 200 1205 244 210]
1475 191 1556 231 311

207 307 410 358 cladibus,
458 313 570 348 ratus
607 306 795 348 contione
831 305 1030 346 advocata
1064 304 1121 345 ita
1162 303 1372 344 disseruit:
1423 306 1561 343 ‘nemo
1588 316 1606 345 3

207 378 299 411 ante
326 384 391 410 me
417 384 549 410 novus
573 369 793 423 imperator
817 366 1013 408 militibus
1042 366 1145 415 suis,
1175 366 1414 420 priusquam
1440 379 1563 419 opera

208 446 348 472 eorum
385 447 485 472 usus
523 438 648 479 esset,
686 430 838 485 gratias
875 443 997 484 agere
1032 429 1118 469 iure
1154 442 1202 468 ac
1233 427 1376 467 merito
1412 426 1561 481 potuit3

210 508 275 533 me
300 492 436 542 vobis,
464 493 703 547 priusquam
728 491 981 546 provinciam
1006 497 1075 531 aut
1101 496 1235 530 eastra
1259 489 1458 537 viderem,
1491 487 1563 528 ob-

208 554 352 609 ligavit
376 554 557 604 fortuna,
594 554 772 608 primum
798 553 909 606 quod
934 567 982 593 ea
1011 552 1162 606 pietate
1188 566 1286 606 erga
1309 557 1468 605 patrem
1492 565 1564 604 pa-

1588 503 1608 530 4

210 624 427 670 truumque
457 631 594 657 meum
625 616 741 657 vivos
778 623 1044 668 mortuosque
1076 614 1231 662 fuistis,
1269 613 1416 653 deinde
1444 612 1564 665 ‚quod
1589 626 1606 655 5

210 678 404 719 amissam
430 684 542 718 tanta
567 677 682 718 clade
708 677 943 732 provinciae
967 676 1274 731 possessionem
1298 675 1500 729 integram
1526 681 1565 715 et

209 740 362 794 populo
397 740 587 780 Romano
624 746 664 780 et
700 739 929 780 successori
964 738 1063 778 mihi
1098 738 1246 778 virtute
1283 744 1419 778 vestra
1460 736 1565 777 obti-

208 802 368 842 nuistis.
436 801 509 842 sed
539 816 632 841 cum
663 801 744 841 iam
777 800 1026 855 benignitate
1057 800 1181 840 deum
1211 799 1252 839 id
1282 813 1473 853 paremus
1504 804 1564 838 at-

210 877 289 915 quc
315 878 506 918 agamus,
543 877 625 903 non
650 870 695 902 ut
719 862 797 916 ipsi
822 876 1062 902 maneamus
1088 861 1129 901 in
1154 860 1376 915 Hispania,
1417 861 1490 901 sed
1514 874 1565 900 ne

210 924 341 965 Poeni
366 930 575 973 maneant,
612 938 689 964 nec
712 930 758 964 ut
783 938 856 977 pro
881 924 969 976 ripa
993 923 1142 963 Hiberi
1173 929 1326 963 stantes
1353 937 1564 963 arceamus

209 986 380 1026 transitu
405 986 553 1034 hostis,
592 985 665 1026 sed
691 991 734 1024 ut
764 984 868 1025 ultro
899 992 1154 1024 transeamus
1187 984 1564 1036 transferamusque

208 1046 379 1096 bellum,
407 1061 567 1095 vereor,
594 1061 646 1086 ne
671 1046 736 1086 cui
757 1052 939 1086 vestrum
959 1045 1090 1085 maius
1111 1045 1152 1085 id
1172 1045 1450 1097 audaciusque
1470 1059 1566 1085 con-

209 1108 345 1148 silium
370 1123 494 1161 quam
519 1115 590 1148 aut
614 1122 687 1161 pro
713 1107 910 1147 memoria
941 1107 1119 1147 cladium
1150 1120 1281 1160 nuper
1305 1112 1565 1160 acceptarum

1591 811 1608 840 6

1591 997 1608 1024 7

208 1175 277 1209 aut
302 1183 375 1222 pro
401 1176 531 1209 aetate
558 1184 649 1209 mea
669 1169 868 1208 videatur.
906 1168 1103 1208 adversae
1122 1182 1286 1222 pugnae
1306 1168 1347 1207 in
1361 1167 1566 1221 Hispania
1591 1179 1610 1209 8

207 1230 359 1270 nullius
402 1230 444 1270 in
480 1230 617 1271 animo
653 1244 777 1283 quam
819 1244 910 1270 mco
953 1230 1088 1270 minus
1131 1229 1337 1270 obliterari
1378 1236 1564 1283 possunt,

208 1292 359 1346 quippe
385 1291 450 1332 cui
474 1298 590 1346 pater
615 1299 654 1332 et
678 1298 847 1346 patruus
873 1292 979 1332 intra
1004 1291 1170 1346 triginta
1194 1292 1352 1332 dierum
1373 1291 1563 1346 spatium,

209 1361 254 1393 ut
283 1353 395 1394 aliud
425 1368 549 1407 super
580 1353 690 1394 aliud
721 1353 998 1394 cumularetur
1027 1353 1207 1394 familiae
1238 1360 1401 1394 nostrae
1426 1353 1564 1402 funus,

209 1415 412 1455 interfecti
438 1421 549 1464 sunt3
577 1415 650 1455 scd
675 1421 719 1455 ut
743 1415 955 1456 familiaris
980 1430 1112 1469 paene
1137 1414 1290 1456 orbitas
1316 1429 1364 1456 ac
1391 1415 1565 1456 solitudo

209 1477 362 1531 frangit
387 1477 567 1517 animum
577 1508 587 1526 ,
619 1477 676 1518 ita
699 1477 864 1531 publica
889 1492 983 1518 cum
1008 1478 1189 1526 fortuna,
1228 1484 1314 1518 tum
1340 1478 1469 1518 virtus
1496 1477 1567 1518 de-

211 1553 374 1592 sperare
399 1538 450 1579 de
476 1554 638 1579 summa
667 1554 803 1579 rerum
828 1538 1028 1593 prohibet.
1080 1554 1128 1579 ea
1153 1539 1236 1580 fato
1262 1539 1441 1592 quodam
1472 1539 1568 1580 data

210 1600 328 1641 nobis
355 1615 442 1641 sors
469 1607 548 1649 est,
586 1607 628 1640 ut
653 1601 813 1655 magnis
846 1600 1036 1641 omnibus
1068 1600 1185 1642 bellis
1212 1601 1308 1641 victi
1332 1601 1564 1642 vicerimus.

210 1669 349 1702 vetera
380 1663 540 1711 omitto,
583 1661 821 1711 Porsinam,
867 1660 1030 1711 Gallos,
1076 1661 1303 1703 Sanmites:
1341 1678 1366 1703 a
1395 1662 1564 1704 Punicis

211 1723 327 1764 bellis
353 1724 558 1777 incipiam.
619 1730 718 1776 quot
743 1724 916 1772 classes,
943 1730 1042 1776 quot
1067 1724 1212 1773 duces,
1239 1730 1339 1777 quot
1363 1724 1565 1766 exercitus

209 1786 342 1840 priore
374 1786 481 1826 bello
513 1786 654 1826 amissi
686 1786 797 1826 suntl
847 1786 928 1826 iam
953 1785 1053 1839 quid
1082 1785 1161 1827 hoo
1185 1785 1291 1827 bello
1318 1787 1567 1827 memorem?

210 1847 400 1888 omnibus
426 1854 495 1888 aut
518 1848 607 1902 ipse
633 1848 747 1888 adfui
772 1847 956 1889 cladibus
983 1855 1053 1888 aut
1077 1847 1226 1901 quibus
1252 1848 1355 1898 afui,
1388 1849 1566 1889 maxime

210 1924 317 1950 unus
343 1910 525 1950 omnium
551 1924 622 1950 eas
648 1910 771 1951 sensi.
833 1909 1002 1959 Trebia,
1043 1909 1343 1960 Trasumenus,
1383 1910 1565 1960 Cannae,

210 1972 311 2025 quid
346 1972 457 2012 aliud
496 1978 590 2013 sunt
626 1986 750 2025 quam
786 1979 1053 2013 monumenta
1082 1973 1310 2014 occisorum
1342 1973 1566 2013 exercitum

210 2034 507 2087 consulumque
531 2034 838 2075 Romanorum?
884 2035 989 2075 adde
1014 2034 1286 2075 defectionem
1310 2035 1473 2084 Italiae,
1503 2034 1568 2076 Si-

211 2096 326 2136 ciliae
357 2096 521 2137 maioris
558 2096 704 2150 partis,
745 2095 979 2145 Sardiniae,
1018 2096 1122 2137 adde
1152 2096 1340 2137 ultimum
1372 2104 1566 2137 terrorem

210 2171 257 2198 ac
282 2172 494 2211 pavorem,
521 2165 655 2198 castra
679 2157 838 2198 Punica
861 2158 967 2199 inter
990 2157 1197 2198 Anienem
1222 2172 1270 2199 ac
1295 2159 1457 2199 moenia
1481 2159 1566 2199 Ro-

210 2234 331 2258 mana
365 2219 499 2272 posita
535 2225 574 2259 et
608 2218 743 2259 visum
779 2234 907 2274 prope
942 2220 984 2260 in
1013 2220 1141 2274 portis
1178 2219 1374 2260 victorem
1405 2220 1567 2261 Hanni-

210 2279 363 2320 balem:
401 2280 443 2320 in
472 2280 550 2321 hac
578 2282 696 2322 ruina
725 2295 862 2321 rerum
894 2281 1005 2322 stetit
1035 2297 1116 2322 una
1145 2281 1305 2336 integra
1340 2288 1462 2335 atque
1491 2282 1567 2322 im-

210 2340 372 2382 mobilis
410 2342 537 2383 virtus
574 2343 714 2398 populi
750 2343 947 2392 Romani,
984 2343 1086 2384 haec
1117 2343 1255 2384 onmia
1291 2350 1417 2384 strata
1451 2344 1566 2384 humi

210 2403 338 2443 erexit
362 2417 410 2444 ac
436 2405 613 2446 sustulit.
672 2419 746 2446 vos
772 2405 954 2446 omnium
978 2405 1117 2459 primi,
1143 2405 1310 2453 milites,
1337 2411 1430 2459 post
1456 2405 1566 2447 Can-

209 2479 380 2505 nensem
410 2465 568 2506 cladem
598 2467 763 2507 vadenti
793 2466 1049 2508 Hasdrubali
1078 2466 1130 2508 ad
1155 2466 1276 2521 Alpis
1309 2467 1563 2522 Italiamque,

210 2526 281 2579 qui
317 2526 352 2567 si
389 2541 433 2568 se
470 2542 561 2568 cum
599 2528 723 2569 fratre
760 2528 1057 2577 coniunxisset,
1109 2528 1266 2569 nullum
1302 2529 1383 2569 iam
1414 2545 1564 2571 nomen

210 2594 319 2628 esset
343 2589 484 2643 populi
509 2589 703 2638 Romani,
742 2590 867 2630 ductu
893 2590 1158 2644 auspicioque
1182 2591 1308 2644 patris
1334 2591 1415 2632 mei
1440 2591 1565 2632 obsti-

209 2649 332 2699 tistis,
377 2657 417 2691 et
451 2650 528 2692 hae
571 2652 775 2693 secundae
810 2666 875 2693 rcs
911 2652 1001 2693 illas
1039 2652 1233 2694 adversas
1271 2653 1562 2695 sustinuerunt.

1593 1426 1610 1456 9

1593 1676 1633 1705 10

1595 1800 1630 1828 11

1594 2419 1632 2448 13
