1815 3184
282 235 363 276 124
574 242 726 275 LIBER
751 241 898 284 xxm,
927 242 1053 275 11.12.
1084 242 1328 285 [11113538]

279 346 477 387 occidisse
515 359 638 398 supra
674 344 849 384 ducenta
884 343 996 383 milia
1030 343 1228 393 hostium,
1272 360 1394 399 supra
1429 345 1626 398 quiuqua-

235 424 251 450 9
278 409 391 462 ginta
421 407 598 460 cepisse3
642 421 692 446 ex
718 413 908 458 quattuor
933 406 1168 447 consulibus
1195 407 1296 448 duos
1323 407 1539 456 occidisse,
1577 422 1626 448 ex

278 468 438 509 duobus
477 468 661 508 saucium
699 468 888 516 alterum,
933 467 1104 508 alterum
1140 474 1224 509 toto
1260 469 1411 509 amisso
1448 469 1627 509 exercitu

215 540 252 567 10
279 530 347 570 vix
383 544 476 569 cum
513 529 810 583 quinquaginta
846 529 1079 570 hominibus
1117 530 1337 585 effugisse,
1386 530 1626 584 magistrum

278 592 478 644 equitum,
525 605 630 643 quae
669 591 894 631 consularis
932 598 1114 645 potestas
1147 592 1215 640 sit,
1253 591 1393 632 fusum
1424 591 1626 646 fugatum,

278 654 534 701 dictatorem,
561 652 657 705 quia
671 653 769 693 sein
784 652 911 692 aciem
926 667 1151 705 numquam
1170 653 1436 702 commiserit,
1462 653 1627 693 unicum

215 730 247 757 11
275 714 416 755 haberi
441 714 746 768 imperatorem3
800 714 983 754 Bruttios
1010 713 1271 767 Apulosque,
1298 714 1445 768 partim
1468 712 1628 755 Samni-

276 777 376 816 tium
402 790 449 816 ac
473 776 739 816 Lucanorum
764 774 965 815 defecisse
991 775 1042 815 ad
1066 775 1248 824 Poenos,
1284 775 1491 830 Capuam,
1517 776 1627 828 quod

277 846 399 892 caput
423 853 504 878 11011
532 837 785 891 Campaniae
810 838 951 886 modo,
985 838 1057 878 scd
1082 845 1174 892 post
1205 838 1409 878 adflictam
1434 853 1520 878 rem
1544 837 1629 878 Ro-

276 915 439 940 manam
467 899 677 940 Cannensi
707 914 847 953 pugna
877 899 1019 939 Ι131130
1052 899 1120 948 511,
1158 899 1385 940 Hannibali
1410 899 1627 940 tradidisse

213 976 249 1004 12
277 976 332 1002 50.
382 977 454 1015 pro
480 961 543 1001 his
570 961 691 1001 tantis
718 968 858 1014 totque
884 961 1063 1002 victoriis
1095 976 1237 1002 verum
1262 976 1352 1002 esse
1378 968 1514 1016 grates
1540 960 1627 1001 dcis

276 1022 559 1063 inmortalibus
586 1023 653 1077 agi
679 1022 914 1075 haberique.

234 1100 248 1128 1
361 1084 467 1124 XII.
527 1085 597 1124 Ad
629 1085 751 1124 fidem
783 1084 929 1125 deinde
962 1091 1044 1125 tam
1074 1085 1271 1125 laetarum
1303 1100 1436 1125 rerum
1474 1083 1627 1124 effundi

276 1147 320 1186 iu
344 1146 546 1186 vestibulo
572 1146 706 1186 curiae
726 1146 843 1186 iussit
864 1147 1007 1187 anulos
1028 1161 1186 1195 aureos,
1213 1147 1282 1199 qui
1302 1154 1436 1187 tantus
1457 1160 1626 1186 acervus

277 1208 373 1257 fuit,
409 1215 454 1248 ut
478 1207 739 1248 metientibus
772 1208 986 1248 dimidium
1013 1223 1135 1261 super
1160 1208 1229 1249 tris
1256 1209 1414 1248 modios
1441 1207 1627 1261 explesse

278 1270 358 1310 sint
393 1270 559 1323 quidam
595 1276 795 1310 auctores.
855 1270 966 1310 fama
1003 1271 1148 1318 tenuit,
1192 1285 1295 1323 quae
1331 1270 1495 1324 propior
1531 1284 1628 1309 vero

277 1338 356 1380 est,
393 1331 493 1371 haut
517 1331 608 1385 plus
640 1331 769 1371 fuisse
800 1332 948 1372 modio.
1009 1332 1156 1372 adiecit
1182 1332 1328 1372 deinde
1353 1331 1508 1380 verbis,
1546 1346 1626 1383 quo

278 1393 441 1433 maioris
468 1393 594 1433 cladis
620 1393 814 1433 indicium
842 1400 966 1441 05501,
1015 1394 1219 1433 1101111110111
1251 1393 1329 1433 11151
1361 1393 1538 1445 equitem
1569 1401 1628 1432 at-

232 1470 249 1496 3
277 1470 356 1508 que
387 1470 527 1495 eorum
557 1455 739 1509 ipsorum
770 1455 966 1508 primores
997 1455 1039 1494 id
1063 1470 1203 1509 gerere
1234 1455 1407 1508 insigne.
1469 1469 1629 1494 summa

276 1517 353 1557 suit
384 1517 596 1565 orationis,
635 1532 715 1569 quo
746 1517 912 1570 propius
946 1531 1061 1570 spem
1087 1516 1181 1556 belli
1206 1516 1443 1570 perficiendi
1473 1516 1541 1563 sit,
1580 1530 1627 1555 00

276 1579 408 1632 magis
435 1578 545 1619 omni
570 1593 646 1632 ope
672 1579 895 1618 iuvandum
910 1577 1188 1618 Hannibalem
1214 1592 1316 1618 esse.
1354 1577 1495 1632 procul
1521 1577 1626 1618 enim

232 1654 251 1682 4
276 1640 327 1680 ab
355 1641 476 1680 domo
502 1640 688 1679 militiam
713 1654 803 1679 esse
836 1640 877 1679 in
903 1640 1037 1679 media
1069 1639 1246 1680 hostium
1274 1646 1397 1688 terra,
1435 1655 1626 1693 magnam

274 1702 357 1741 vim
382 1701 594 1749 frumenti,
628 1701 824 1754 pecuniae
851 1701 1030 1749 absumi,
1069 1708 1107 1741 ct
1133 1708 1191 1741 tot
1217 1701 1344 1750 acies,
1381 1707 1425 1741 ut
1448 1700 1627 1741 hostium

276 1764 476 1804 exercitus
514 1763 690 1811 delesse,
728 1763 782 1803 ita
821 1763 984 1803 victoris
1022 1763 1144 1803 etiam
1175 1763 1313 1816 copias
1344 1769 1459 1816 parte
1491 1762 1628 1815 aliqua

230 1839 248 1867 ἱ)
274 1826 484 1866 minuisse.
545 1825 787 1864 mittendum
813 1825 936 1879 igitur
961 1824 1292 1878 supplementum
1318 1838 1427 1873 0550,
1466 1824 1627 1863 111111011-

275 1888 368 1927 dam
404 1887 444 1926 in
483 1886 729 1940 stipendium
773 1887 990 1940 pecuniam
1032 1887 1364 1938 frumentumque
1401 1894 1485 1925 tam
1522 1884 1625 1925 benc

273 1949 426 1989 meritis
453 1949 502 1988 de
527 1948 690 1989 1101111110
715 1947 874 1989 Punico
899 1948 1108 1988 militibus.

229 2025 246 2054 0
361 2010 599 2052 Secundum
624 2011 725 2051 haec
746 2011 852 2051 dicta
866 2010 1061 2065 Magonis
1087 2010 1203 2050 laetis
1223 2009 1413 2050 omnibus
1428 2008 1624 2057 Himilco,

274 2073 333 2113 vir
368 2073 557 2113 factionis
589 2073 808 2122 Barcinae,
846 2073 982 2113 locum
1007 2072 1226 2112 Hannonis
1262 2071 1500 2125 iucrepandi
1535 2084 1627 2110 0550

273 2142 402 2184 131115,
441 2135 557 2188 ‘quid
595 2143 672 2184 051,
715 2134 911 2175 Hanno?
958 2134 1090 2187 inquit
1128 2134 1267 2174 ‘etiam
1304 2147 1413 2173 nunc
1448 2132 1628 2186 paenitet

231 2210 244 2237 ῖ
269 2192 367 2237 'belli
394 2197 574 2251 suscepti
600 2197 797 2237 adversus
825 2196 1059 2237 Romanos?
1094 2195 1189 2236 iube
1216 2195 1309 2235 dedi
1335 2194 1624 2242 Hannibalem,

272 2267 365 2299 veta
389 2259 431 2298 in
455 2266 539 2299 tam
564 2259 771 2313 prosperis
801 2258 924 2299 rebus
950 2266 1086 2313 grates
1119 2258 1205 2298 (leis
1236 2256 1518 2297 inmortalibus
1545 2256 1624 2310 agi.

273 2321 486 2362 audiamus
500 2322 734 2362 Romanum
755 2328 984 2362 senatorem
1003 2321 1044 2360 in
1061 2319 1464 2374 Carthaginiensium
1484 2317 1623 2358 curia’.

228 2393 246 2422 8
274 2390 360 2422 tum
385 2383 560 2424 Hanno:
589 2383 829 2424 ‘tacuissem
854 2382 994 2431 hodie,
1026 2388 1162 2436 patres
1189 2380 1425 2433 conscripti,
1451 2394 1501 2419 110
1528 2379 1625 2431 quid

272 2444 313 2483 in
350 2446 556 2485 communi
591 2445 772 2486 omnium
809 2445 979 2499 gaudio,
1022 2444 1157 2483 minus
1193 2443 1347 2483 laetum
1377 2441 1487 2494 quod
1518 2448 1627 2481 esset

230 2519 246 2548 9
275 2505 408 2553 vobis,
444 2507 649 2559 loquerer:
693 2521 801 2547 nunc
831 2506 1099 2560 interroganti
1131 2505 1326 2553 senatori,
1369 2503 1623 2557 paeniteatne

274 2567 406 2608 adhuc
433 2569 613 2622 suscepti
638 2569 835 2609 adversus
861 2568 1071 2609 Romanos
1098 2567 1211 2615 belli,
1250 2567 1284 2607 si
1309 2566 1518 2613 reticeam,
1556 2571 1622 2604 aut

275 2629 474 2681 superbus
495 2638 563 2669 aut
584 2629 784 2670 obnoxius
806 2630 957 2678 videar,
984 2644 1158 2682 quorum
1178 2628 1348 2669 alterum
1369 2633 1430 2667 est
1448 2624 1622 2666 hominis

213 2703 250 2731 10
276 2690 430 2730 alienae
456 2690 652 2731 libertatis
674 2690 806 2739 obliti,
834 2691 1004 2731 alterum
1026 2705 1135 2731 suae.
1173 2687 1459 2743 respondeam'
1494 2685 1621 2737 inquit

232 1284 250 1312 14
