1815 3184
249 217 327 258 136
550 223 702 257 LIBER
727 223 873 269 xxm,
900 223 953 256 22.
976 223 1030 256 23,
1059 225 1156 265 [a.u.
1173 222 1298 265 0538]

200 344 217 373 6
244 344 334 369 eam
367 327 607 368 sententiam
644 325 743 366 haut
779 325 1040 378 aequioribus
1072 324 1217 365 animis
1254 339 1377 377 quam
1412 325 1593 378 ipsorum

200 406 216 434 7
243 389 449 443 quondam
474 387 725 441 postulatum
749 387 995 427 Latinorum
1020 392 1155 440 patres
1182 386 1414 435 audierunt3
1440 394 1478 426 et
1503 402 1595 427 eum

241 451 428 491 fremitus
465 449 767 504 indignantium
804 455 889 489 tota
923 447 1035 488 curia
1072 454 1180 488 esset
1216 454 1255 488 et
1290 448 1508 502 praecipue
1546 448 1594 488 T.

242 512 424 552 Manlius
458 525 549 552 esse
581 511 703 551 etiam
734 525 842 550 nunc
878 510 965 550 eius
998 509 1133 563 stirpis
1165 509 1297 549 virum
1334 509 1503 557 diceret,
1547 523 1597 549 ex

242 590 322 628 qua
348 574 555 627 quondam
580 573 621 613 in
637 572 841 626 Capitolio
867 572 1011 613 consul
1035 573 1212 612 minatus
1239 578 1358 620 esset,
1385 572 1596 620 Latinum,

242 651 363 689 quem
389 636 430 676 in
455 636 567 676 curia
591 635 782 684 vidisset,
820 650 915 675 eum
946 650 1020 675 sua
1051 649 1174 674 manu
1207 649 1249 674 se
1275 633 1596 681 interfecturum,

197 711 217 741 8
244 698 296 750 Q
311 697 465 738 Fabius
479 697 691 738 Maximus
717 711 942 750 numquam
967 696 1024 737 rei
1050 696 1171 737 ullius
1198 696 1390 737 alieniore
1416 702 1598 749 tempore

243 760 494 800 mentionem
524 759 676 799 factam
708 759 749 798 in
781 765 925 798 senatu
957 758 1073 807 dicit,
1111 772 1234 810 quam
1266 758 1369 798 inter
1399 764 1482 797 tam
1509 772 1599 797 sus-

243 836 394 877 pensos
438 822 642 862 sociorum
684 821 843 861 animos
885 821 1164 873 incertamque
1200 820 1323 860 fidem
1365 820 1407 859 id
1449 826 1597 867 actum,

199 898 216 927 9
244 885 355 938 quod
378 884 546 937 insuper
572 883 806 923 sollicitaret
832 898 914 923 eos.
965 897 1054 923 eam
1080 882 1200 922 unius
1225 882 1402 922 hominis
1429 887 1600 921 temera-

242 946 345 987 riam
382 960 525 986 vocem
564 945 722 985 silentio
760 945 942 984 omnium
974 944 1294 998 extinguendam
1331 957 1421 984 esse
1459 948 1516 991 et,
1567 942 1601 983 si

243 1008 341 1061 quid
366 1022 562 1060 umquam
588 1007 724 1047 arcani
750 1006 931 1046 sanctive
957 1006 1008 1046 ad
1035 1006 1237 1046 silendum
1261 1005 1303 1045 in
1329 1005 1440 1045 curia
1466 1003 1599 1052 fuerit,

243 1070 286 1110 id
300 1069 482 1110 omnium
496 1069 673 1109 maxime
688 1068 922 1123 tegendum,
951 1066 1232 1116 occulendum,
1260 1066 1598 1113 obliviscendum,

244 1147 318 1186 pro
337 1146 419 1172 non
439 1131 547 1171 dicto
567 1130 802 1171 habendum
823 1145 926 1170 esse.
970 1130 1026 1169 ita
1046 1129 1132 1169 eius
1154 1129 1211 1169 rei
1232 1143 1429 1182 oppressa
1448 1128 1600 1168 mentio

179 1206 219 1235 10
245 1199 317 1234 est.
378 1192 636 1241 dictatorem,
664 1192 733 1244 qui
758 1206 902 1232 censor
927 1197 1019 1231 ante
1044 1190 1191 1231 fuisset
1215 1190 1601 1243 vetustissimusque

245 1270 296 1296 ex
331 1254 395 1295 his
432 1254 503 1307 qui
538 1254 723 1294 viverent
760 1253 953 1293 censoriis
991 1259 1118 1301 esset,
1162 1252 1289 1292 creari
1324 1251 1493 1306 placuit,
1532 1252 1602 1304 qui

246 1323 433 1357 senatum
470 1316 647 1370 legeret,
698 1315 900 1368 accirique
939 1314 988 1355 C.
1027 1314 1265 1354 Terentium
1303 1313 1514 1354 consulem
1550 1312 1602 1353 ad

182 1393 217 1422 11
246 1379 485 1419 dictatorem
512 1377 730 1417 dicendum
755 1376 976 1416 iusserunt.
1031 1376 1101 1428 qui
1126 1390 1177 1415 ex
1201 1374 1357 1428 Apulia
1381 1374 1521 1414 relicto
1546 1373 1603 1414 ibi

243 1441 446 1497 praesidio
478 1455 571 1481 cum
604 1440 763 1494 magnis
794 1438 1005 1479 itineribus
1038 1438 1215 1478 Romam
1250 1437 1441 1485 redisset,
1485 1442 1603 1476 nocte

243 1503 448 1557 proxima,
485 1510 530 1543 ut
556 1518 645 1543 mos
672 1507 775 1550 erat,
813 1500 874 1540 M.
900 1499 1078 1540 Fabium
1103 1499 1334 1539 Buteonem
1361 1513 1411 1538 ex
1437 1504 1602 1538 senatus

245 1565 432 1605 consulto
459 1565 545 1605 sine
570 1564 768 1618 magistro
795 1562 979 1615 equitum
1005 1561 1244 1601 dictatorem
1276 1560 1317 1600 in
1343 1575 1416 1600 sex
1440 1574 1603 1600 menses

248 1626 363 1667 dixit.

204 1701 218 1729 1
332 1687 509 1727 XXIII.
569 1686 761 1726 Dictator
785 1684 856 1726 ubi
882 1699 974 1725 cum
1000 1683 1211 1725 lictoribus
1242 1683 1284 1723 in
1308 1689 1440 1724 rostra
1464 1697 1605 1724 escen-

247 1749 322 1796 dit,
360 1763 492 1801 neque
518 1748 621 1788 duos
648 1747 865 1788 dictatores
893 1754 1074 1800 tempore
1099 1760 1201 1794 uno,
1239 1745 1350 1798 quod
1380 1758 1606 1798 numquam

248 1818 366 1851 antea
391 1811 547 1851 factum
573 1816 699 1858 esset,
738 1808 910 1864 probare
938 1823 980 1848 se
1012 1808 1114 1848 dixit
1138 1822 1270 1860 neque
1296 1807 1535 1847 dictatorem
1562 1820 1605 1847 se

247 1873 333 1913 sine
359 1872 556 1926 magistro
583 1871 766 1924 equitum
791 1885 866 1911 nec
892 1870 1120 1911 censoriam
1145 1869 1228 1909 vim
1254 1868 1323 1908 uni
1347 1868 1604 1922 permissam,

248 1941 287 1975 et
323 1934 455 1974 eidem
491 1934 657 1982 iterum,
700 1947 775 1973 nec
813 1932 999 1973 dictatori
1033 1932 1113 1972 nisi
1147 1931 1206 1971 rei
1241 1931 1445 1985 gerendae
1482 1945 1607 1970 causa

204 2008 222 2038 3
249 2003 384 2037 creato
408 1997 450 2036 in
476 2011 549 2036 sex
575 2010 737 2036 menses
764 1995 905 2035 datum
936 1994 1164 2048 imperium.
1225 2007 1330 2046 quae
1355 1992 1607 2032 inmoderata

248 2059 352 2107 fors,
390 2065 551 2111 tempus
578 2072 625 2098 ac
650 2057 875 2098 necessitas
902 2056 1061 2104 fecerit,
1100 2054 1163 2095 his
1191 2069 1233 2095 se
1259 2054 1429 2094 modum
1452 2053 1607 2108 inposi-

249 2128 398 2161 turum.
458 2135 553 2159 nam
592 2134 723 2172 neque
762 2125 907 2159 senatu
945 2132 1194 2170 quemquam
1225 2124 1431 2156 moturum
1463 2130 1513 2156 ex
1543 2115 1606 2163 iis,

251 2198 355 2235 quos
384 2181 433 2223 C.
459 2181 707 2230 Flaminius,
745 2182 797 2221 L.
824 2180 1029 2221 Aemilius
1056 2193 1246 2220 censores
1272 2178 1314 2218 in
1340 2184 1527 2218 senatum
1550 2177 1609 2218 le-

206 2257 225 2285 4
250 2244 424 2299 gissent,
468 2243 684 2284 transcribi
720 2249 878 2283 tantum
908 2242 1149 2294 recitarique
1181 2255 1251 2281 eos
1288 2240 1514 2288 iussurum,
1557 2253 1608 2279 ne

250 2321 376 2360 penes
403 2320 529 2346 unum
560 2305 767 2345 hominem
798 2304 994 2344 iudicium
1026 2303 1318 2354 arbitriumque
1351 2301 1400 2341 de
1426 2301 1538 2351 fama
1562 2315 1610 2340 ac

252 2368 434 2409 moribus
472 2367 685 2408 senatoriis
722 2366 862 2414 fuerit,
902 2374 940 2406 et
976 2366 1032 2406 ita
1061 2366 1103 2405 in
1133 2365 1439 2405 demortuorum
1473 2363 1610 2403 locum

254 2430 556 2478 subfecturum,
595 2437 639 2469 ut
663 2429 762 2469 ordo
789 2428 936 2476 ordini,
968 2442 1050 2467 non
1074 2427 1198 2467 homo
1223 2425 1379 2465 homini
1403 2424 1609 2478 praelatus

209 2505 227 2533 5
252 2492 468 2531 videretur.
529 2491 697 2532 recitato
730 2498 867 2531 vetere
900 2496 1045 2530 senatu
1074 2489 1168 2529 inde
1200 2488 1352 2542 primos
1384 2487 1426 2526 in
1450 2486 1610 2526 demor-

253 2560 415 2593 tuorum
440 2553 575 2594 locum
601 2553 718 2607 legit,
745 2553 815 2606 qui
839 2558 932 2606 post
951 2552 1003 2592 L.
1019 2550 1262 2599 Aemilium,
1291 2548 1339 2590 C.
1360 2547 1610 2589 Flaminium

254 2629 442 2655 censores
481 2615 664 2655 curulem
700 2615 986 2669 magistratum
1023 2613 1227 2667 cepissent
1265 2611 1442 2651 necdum
1473 2610 1515 2649 in
1547 2623 1610 2648 se-

255 2682 396 2715 natum
431 2676 526 2716 lecti
562 2682 718 2724 essent,
756 2686 800 2716 ut
836 2676 1010 2728 quisque
1043 2690 1183 2716 eorum
1216 2672 1419 2725 (senatus)
1451 2670 1607 2724 primus

204 1825 222 1853 [Ο
