1815 3184
510 240 663 275 LIBER
687 239 813 282 xxv,
840 238 894 272 33.
909 237 963 271 34.
993 239 1041 281 [a.
1058 236 1191 279 0212]
1449 225 1531 266 253

173 359 316 385 rursus
342 344 536 398 coniungi
560 343 662 384 vidit
685 356 809 397 posse
839 355 915 382 nec
939 340 1067 381 ullum
1099 339 1213 380 aliud·
1235 338 1411 379 salutare
1437 352 1532 391 con-

175 407 311 448 silium
346 406 388 446 in
429 412 623 460 promptu
665 419 779 453 esse,
828 409 935 443 retro
971 408 1171 455 quantum
1206 407 1347 455 posset
1388 400 1531 441 cedere
1557 412 1574 442 9

175 468 333 516 statuit,
370 468 413 507 in
442 468 484 507 id
514 467 625 507 omni
656 481 752 506 cura
781 466 981 513 intentus,
1019 463 1168 504 necubi
1199 463 1306 504 hosti
1331 477 1461 515 aequo
1489 476 1532 502 50

174 530 444 570 committeret
469 530 577 578 1000,
615 529 685 582 qui
710 535 991 582 transgressus
1017 526 1171 567 flumen
1194 539 1321 580 prope
1347 524 1531 578 vestigiis

173 591 411 632 abeuntium
437 590 666 631 insistebat.

257 653 508 693 XXXHH.
557 652 639 692 Per
664 652 830 693 eosdem
857 651 943 691 dies
963 650 1012 690 P.
1030 649 1266 704 Scipionem
1291 664 1365 703 par
1390 655 1528 696 terror,
1559 660 1572 688 1

172 714 400 784 periculum
425 715 556 754 maius
584 714 634 755 ab
667 729 774 754 noto
805 713 922 753 hoste
947 711 1132 767 urgebat
1193 711 1420 752 Masinissa
1446 717 1530 751 ciat

173 776 333 817 iuvenis
347 791 441 817 ——eo
461 783 642 830 tempore
663 782 748 816 erat
769 775 904 815 socius
921 773 1362 828 Caithaginiensium—
1373 804 1383 821 ,
1410 787 1532 825 quem

173 838 320 878 deinde
358 838 512 878 clarum
550 844 840 891 potentemque
878 836 1066 876 Romana
1076 811 1199 875 e:fecit
1235 834 1425 875 amicitia.
1497 833 1532 873 is

173 907 260 939 tum
291 914 385 940 cum
417 899 600 952 equitatu
630 898 903 939 Numidarum
935 904 973 937 01
1004 897 1236 937 advenienti
1266 897 1314 937 P.
1349 895 1533 950 Scipioni

173 961 364 1010 occurrit,
392 968 431 1001 et
456 960 604 1001 deinde
629 960 800 1000 adsidue
825 959 913 999 dics
938 966 1161 1011 noctesque
1183 958 1358 999 infestus
1379 959 1530 1006 aderat,

172 1029 217 1062 ut
253 1037 333 1062 11011
371 1037 499 1077 vagos
538 1028 697 1062 tantum
727 1021 868 1074 procul
901 1036 924 1061 a
955 1020 1099 1061 castris
1130 1021 1331 1075 lignatum
1363 1020 1533 1074 pabula-

172 1091 340 1137 tumque
376 1098 617 1138 progressos
661 1082 885 1135 exciperet,
930 1082 1003 1121 sed
1038 1081 1138 1135 ipsis
1177 1081 1431 1134 obequitaret
1468 1096 1533 1120 ca-

172 1146 265 1186 stris
290 1145 559 1197 invcctusque
591 1145 632 1184 in
658 1144 813 1184 medias
841 1158 962 1197 saepe
995 1143 1190 1184 stationes
1217 1143 1354 1183 omnia
1378 1143 1533 1197 ingenti

170 1207 346 1247 tumultu
372 1207 565 1247 turbaret.
626 1206 816 1247 noctibus
849 1220 1013 1259 quoque
1045 1220 1167 1259 saepe
1199 1205 1365 1245 incursu
1389 1219 1534 1258 repen-

169 1269 252 1310 tino
277 1269 318 1309 in
343 1269 470 1323 portis
503 1269 692 1322 valloque
725 1269 972 1323 trepidatum
1004 1275 1084 1316 est,
1121 1282 1196 1308 nec
1229 1274 1298 1308 aut
1323 1267 1437 1308 10005
1464 1277 1534 1307 aut

170 1337 331 1385 tempus
365 1331 497 1371 ullum
535 1346 712 1371 vacuum
743 1347 765 1371 a
796 1337 908 1371 metu
945 1345 992 1371 ac
1024 1330 1296 1371 sollicitudine
1334 1336 1419 1370 erat
1449 1329 1534 1369 Ro-

171 1394 321 1442 manis,
355 1394 637 1448 compulsique
662 1394 767 1435 intra
791 1394 945 1434 vallum
971 1393 1163 1447 adempto
1189 1408 1325 1433 rerum
1350 1392 1533 1432 omnium

171 1470 261 1495 usu.
313 1470 404 1495 cum
431 1470 557 1510 prope
582 1456 690 1496 iusta
715 1455 875 1496 obsidio
902 1463 1028 1504 esset,
1055 1455 1318 1508 futuramque
1345 1454 1533 1495 artiorem

173 1532 263 1557 eam
289 1526 521 1571 appareret,
550 1518 583 1558 si
610 1532 652 1558 se
671 1517 889 1567 Indebilis,
917 1532 1039 1571 quem
1066 1533 1159 1558 cum
1186 1524 1342 1571 septem
1368 1516 1533 1556 milibus

173 1587 212 1620 et
237 1580 471 1634 quingentis
500 1580 843 1621 Suessetanorum
869 1581 1088 1620 adventare
1114 1580 1226 1620 fama
1252 1586 1354 1627 erat,
1381 1578 1533 1619 Poenis

174 1642 471 1691 coniunxisset,
509 1642 768 1682 duxcautus
802 1648 841 1681 01
870 1642 1090 1695 providens
1126 1640 1264 1694 Scipio
1302 1641 1433 1680 victus
1464 1654 1534 1679 ne-

173 1704 433 1745 cessitatibus
460 1704 719 1745 temerarium
746 1704 854 1757 capit
879 1704 1113 1752 consilium,
1140 1711 1184 1742 01
1210 1709 1328 1743 110010
1353 1701 1532 1742 Indebili

173 1767 337 1808 obviam
362 1768 438 1808 iret
464 1774 502 1808 et
527 1781 787 1821 quocumque
820 1767 1065 1807 occurrisset
1095 1766 1186 1806 1000
1210 1762 1413 1820 proelium
1438 1779 1534 1805 con-

174 1836 336 1870 sereret.
397 1829 537 1870 relicto
573 1829 698 1884 igitur
734 1829 897 1869 modico
927 1828 1133 1882 praesidio
1163 1828 1206 1868 in
1237 1827 1380 1868 castris
1417 1840 1534 1881 prae-

172 1891 389 1945 positoque
415 1891 478 1931 Ti.
504 1891 678 1931 Fonteio
703 1890 858 1945 legato,
896 1890 1031 1931 media
1061 1896 1180 1931 nocte
1205 1889 1413 1944 profectus
1440 1903 1533 1929 00111

173 1953 304 1994 obviis
340 1953 528 1995 hostibus
565 1969 711 1994 manus
750 1954 966 1994 conseruit.
1033 1953 1198 2008 agmina
1240 1952 1372 2007 magis
1409 1965 1533 2004 quam

173 2016 280 2056 acies
300 2016 558 2071 pugnabant,
587 2017 771 2070 superior
791 2024 945 2065 tamen,
972 2022 1015 2055 ut
1035 2016 1076 2055 in
1097 2015 1359 2055 tumultuaria
1378 2028 1532 2068 pugna,

174 2077 386 2117 Romanus
430 2084 528 2119 erat.
602 2084 782 2118 ceterum
826 2084 865 2117 et
907 2077 1064 2130 equites
1108 2077 1311 2117 Numidae
1354 2081 1533 2129 repente,

175 2152 278 2190 quos
305 2138 502 2180 fefellisse
529 2154 572 2180 50
597 2140 682 2180 dux
706 2146 818 2180 ratus
845 2146 948 2188 erat,
986 2139 1037 2180 ab
1069 2138 1264 2179 lateribus
1297 2136 1535 2177 circumfusi

175 2215 372 2254 magnum
398 2208 593 2241 terrorem
623 2201 808 2241 intulere.
870 2206 1077 2241 contracto
1109 2200 1306 2240 adversus
1332 2198 1533 2239 Numidas

176 2262 395 2301 certamine
443 2277 548 2303 novo
597 2263 736 2303 tertius
785 2263 953 2317 insuper
999 2262 1165 2303 advenit
1210 2261 1359 2309 hostis,
1409 2261 1534 2300 duces

175 2322 305 2363 Poeni
332 2323 517 2363 adsecuti
543 2323 594 2364 ab
625 2331 740 2379 tergo
772 2324 853 2364 iam
878 2324 1121 2378 pugnantis,
1159 2336 1392 2376 ancepsque
1417 2336 1535 2376 proe-

175 2385 274 2425 lium
311 2385 522 2426 Romanos
561 2386 902 2435 circumsteterat,
952 2386 1128 2426 incertos
1165 2385 1207 2425 in
1244 2399 1367 2437 quem
1408 2383 1535 2438 potis-

178 2447 326 2487 simum
368 2447 529 2489 hostem
571 2461 747 2501 quamve
788 2448 830 2488 in
871 2454 1029 2502 partem
1073 2447 1244 2494 conferti
1280 2446 1534 2500 eruptionem

176 2508 369 2550 facerent.
430 2510 630 2564 pugnanti
654 2510 911 2563 hortantique
937 2509 1171 2563 imperatori
1202 2515 1241 2549 01
1265 2508 1451 2549 offerenti
1476 2522 1532 2557 se,

176 2570 246 2611 ubi
276 2571 476 2625 plurimus
508 2571 625 2612 labor
661 2579 763 2621 erat,
801 2572 908 2613 latus
941 2571 1130 2612 dextrum
1160 2571 1303 2612 lancea
1334 2571 1533 2619 traicitur3

176 2646 413 2687 cuneusque
444 2633 478 2674 is
511 2633 710 2683 hostium,
749 2634 819 2687 qui
849 2634 891 2674 in
922 2633 1127 2675 confertos
1155 2634 1261 2674 circa
1287 2633 1433 2674 ducem
1459 2632 1534 2672 im-

1556 722 1574 750 *2

1559 845 1577 873 3

1563 2211 1601 2240 10

1563 2525 1600 2554 11
