1815 3184
258 517 295 544 lu

260 702 293 729 ll

259 887 294 914 12

258 1071 296 1100 13

258 1259 296 1286 14

259 1382 296 1410 15

325 208 379 247 ’54
639 213 792 247 LIBER
818 213 930 255 XXI,
957 213 1011 246 63.
1039 215 1087 255 [a.
1102 223 1137 245 u.
1153 223 1182 245 c.
1197 212 1274 246 536.
1287 212 1370 254 537]

322 318 363 357 in
391 316 643 370 Capitolium
669 315 722 355 ad
752 322 848 354 vota
879 314 1174 368 nuncupanda,
1207 313 1427 367 paludatus
1458 315 1551 355 inde
1584 331 1675 356 cum

322 378 533 419 lictoribus
559 378 599 417 in
627 377 878 430 provinciam
902 376 990 416 iret.
1039 375 1145 415 lixae
1171 375 1294 415 modo
1320 375 1406 415 sine
1430 375 1675 430 insignibus,

323 440 409 480 sine
434 438 646 479 lictoribus
671 438 901 491 profectum
927 437 1052 485 clam,
1083 436 1243 485 furtim,
1278 436 1389 476 haud
1413 436 1529 477 aliter
1553 452 1678 490 quam

324 501 357 540 si
383 500 493 540 exilii
519 514 644 540 causa
669 499 802 540 solum
830 499 1032 539 vertisset.
1076 498 1209 553 magis
1235 513 1308 552 pro
1333 498 1546 539 maiestate
1565 499 1678 539 vide-

320 562 414 602 licet
438 562 598 615 imperii
622 561 802 601 Arimini
832 575 955 614 quam
980 560 1139 601 Rornae
1165 560 1450 615 magistratum
1482 561 1676 601 initurum

321 631 360 664 et
391 624 433 664 in
465 623 688 664 diversorio
719 623 913 677 hospitali
944 637 1067 675 quam
1098 629 1195 676 aput
1231 629 1401 676 penates
1434 637 1530 663 suos
1562 637 1679 676 prae-

322 693 474 726 textam
507 693 780 739 sumpturum.
840 685 1118 725 revocandum
1154 684 1335 724 universi
1369 684 1679 724 retrahendum-

322 762 401 800 que
428 754 673 788 censuerunt
693 754 732 787 et
751 746 983 801 cogendum
1005 745 1196 786 omnibus
1222 746 1334 799 prius
1360 752 1617 799 praesentem
1638 745 1680 785 in

322 810 421 849 ‹lcos
447 809 717 861 hominesque
748 808 868 862 fungi
900 808 1047 848 officiis
1080 822 1203 860 quam
1235 808 1287 847 ad
1313 807 1536 848 exercitum
1569 816 1607 848 et
1638 807 1677 846 in

322 872 575 926 provinciam
600 872 689 912 iret.
750 871 792 911 in
824 886 913 911 eam
939 870 1186 924 legationem
1205 870 1415 924 —legatos
1442 870 1551 910 enim
1575 869 1681 912 mitti

321 933 519 988 placuit—
533 933 585 985 Q.
602 933 819 973 Terentius
841 940 878 973 et
892 932 953 973 M.
969 932 1176 972 Antistius
1202 931 1376 986 profecti
1402 931 1527 972 nihilo
1546 931 1679 986 magis

322 1012 416 1037 eum
436 1004 654 1037 moverunt
675 1012 796 1050 quam
822 996 955 1050 priore
977 995 1193 1036 consulatu
1219 995 1376 1035 litterae
1395 1001 1609 1036 moverant
1628 993 1678 1035 ab

323 1066 468 1099 senatu
494 1058 658 1099 missae.
713 1073 868 1113 paucos
894 1065 986 1112 post
1011 1058 1098 1097 dies
1126 1057 1411 1111 magistratum
1436 1057 1525 1097 iniit
1549 1057 1680 1096 inmo-

320 1120 501 1173 lantiquc
528 1121 564 1160 ci
585 1121 736 1160 vitulus
762 1120 844 1161 iam
870 1120 974 1160 ictus
996 1134 1016 1159 e
1039 1118 1228 1159 manibus
1250 1119 1565 1159 sacrificantium
1588 1132 1678 1158 sese

321 1197 415 1222 cum
446 1182 735 1236 proripuisset,
770 1182 919 1222 multos
953 1182 1264 1222 circumstantes
1297 1195 1438 1221 cruore
1471 1180 1677 1234 respersit.

322 1245 423 1299 fuga
454 1244 595 1297 procul
622 1244 744 1284 ctiam
770 1243 898 1283 maior
923 1250 1022 1296 aput
1052 1243 1236 1296 ignaros,
1271 1242 1369 1294 quid
1394 1242 1676 1295 trepidaretur,

322 1314 361 1346 ct
387 1305 644 1346 concursatio
666 1306 754 1346 suit.
805 1305 845 1344 id
866 1320 888 1345 a
909 1305 1114 1358 plerisque
1140 1304 1181 1343 in
1207 1318 1326 1344 omen
1351 1303 1490 1358 magni
1515 1303 1678 1343 terroris

322 1374 549 1421 acceptum.
612 1367 844 1421 legionibus
876 1367 970 1406 inde
1003 1365 1162 1405 tluabus
1195 1380 1218 1405 a
1252 1364 1497 1418 Sempronio
1533 1365 1678 1418 prioris

321 1430 417 1469 anni
443 1429 622 1477 consule,
651 1428 812 1469 duabus
833 1444 856 1468 a
871 1427 920 1469 C.
936 1428 1064 1468 Atilio
1090 1435 1275 1480 praetore
1302 1427 1479 1480 acceptis
1500 1427 1542 1466 in
1555 1426 1680 1467 Etru-

321 1492 422 1531 riam
449 1506 520 1545 per
547 1490 756 1545 Apennini
782 1490 964 1530 tramites
992 1489 1194 1530 exercitus
1222 1489 1316 1529 (luci
1341 1496 1403 1529 est
1428 1496 1610 1542 coeptus.

681 1668 969 1718 [PERIOCHA
1001 1669 1139 1705 LIBRI
1170 1668 1323 1718 xxii]

392 1765 598 1808 [Hannibal
620 1777 686 1809 per
707 1766 902 1799 continuas
925 1766 1070 1809 vigilias
1091 1766 1128 1799 in
1149 1766 1350 1809 paludibus
1369 1765 1476 1799 oculo
1493 1764 1628 1798 amisso
1644 1765 1679 1798 iu

323 1815 508 1849 Etruriam
529 1816 646 1857 venit⁷
674 1827 739 1859 per
760 1827 852 1860 quas
879 1817 1036 1860 paludes
1063 1816 1272 1860 quadriduo
1300 1820 1337 1849 et
1362 1816 1481 1849 tribus
1507 1816 1680 1849 noctibus

325 1866 402 1900 sine
418 1867 495 1900 ulla
508 1867 636 1911 requie
653 1867 723 1900 iter
737 1866 837 1900 fecit.
877 1868 914 1900 C.
930 1867 1136 1900 Flaminius
1153 1867 1302 1909 consul,
1326 1867 1435 1900 homo
1451 1866 1679 1909 temerarius,

323 1921 453 1950 contra
467 1917 634 1961 auspicia
648 1917 839 1962 profectus
855 1917 970 1961 signis
984 1918 1205 1951 militaribus
1221 1917 1378 1959 effossis,
1401 1928 1495 1961 quae
1510 1916 1590 1950 tolli
1606 1927 1680 1950 non

322 1973 513 2011 poterant,
541 1974 577 2001 et
596 1968 644 2002 ab
666 1979 761 2013 equo
779 1979 884 2013 quem
902 1969 1173 2002 conscenderat
1186 1979 1252 2012 per
1267 1973 1379 2011 caput.
1393 1968 1608 2010 devolutus,
1629 1967 1680 2000 in-

324 2018 426 2050 sidiis
448 2019 494 2051 ab
515 2018 729 2053 Hannibale
752 2019 1022 2052 circumventus
1042 2019 1090 2052 ad
1111 2019 1432 2062 Thrasymennum
1453 2017 1573 2051 lacum
1600 2028 1680 2051 cum

271 2112 276 2117 κ
323 2069 488 2102 exercitu
503 2080 635 2102 caesus
651 2073 718 2103 est.
757 2080 820 2102 sex
834 2069 952 2111 milia,
975 2080 1070 2113 quae
1086 2073 1302 2113 eruperant,
1323 2067 1396 2102 fide
1412 2069 1459 2102 ab
1474 2067 1680 2102 Atherbale

324 2119 429 2162 data,
462 2118 619 2163 perfidia
640 2119 866 2153 Hannibalis
892 2120 1018 2154 vincta
1044 2124 1139 2152 sunt.
1189 2130 1271 2152 cum
1295 2120 1343 2153 ad
1368 2119 1537 2152 nuntium
1564 2119 1681 2153 cladis

324 2170 466 2204 Romae
487 2170 608 2204 luctus
629 2175 747 2214 esset,
774 2171 841 2217 (et)
864 2171 959 2205 duae
980 2176 1115 2204 matres
1137 2181 1180 2204 ex
1199 2171 1388 2215 insperato
1409 2170 1569 2214 receptis
1594 2170 1681 2204 filiis

323 2221 461 2264 gaudio
487 2227 655 2256 mortuae
682 2228 777 2256 sunt.
828 2222 876 2255 ob
903 2221 1001 2256 hane
1027 2222 1171 2256 cladem
1197 2233 1242 2255 ex
1268 2221 1460 2266 Sibyllinis
1486 2222 1592 2256 libris
1617 2233 1682 2256 ver

324 2283 469 2305 sacrum
484 2277 620 2306 votum.
660 2284 740 2306 cum
756 2273 890 2306 deinde
907 2272 950 2313 Q.
966 2272 1104 2306 Fabius
1119 2272 1301 2306 Maximus
1321 2272 1482 2307 dictator
1502 2273 1681 2306 adversus

323 2322 576 2356 Hannibalem
588 2323 722 2356 missus
737 2324 855 2358 nollet
868 2324 947 2357 acie
963 2335 1045 2357 cum
1059 2334 1102 2357 eo
1123 2323 1342 2367 confligere,
1368 2334 1415 2357 ne
1436 2327 1566 2357 contra
1584 2323 1678 2357 fero-

325 2384 404 2406 cem
434 2378 491 2407 tot
520 2373 685 2407 victoriis
716 2374 862 2408 hostem
895 2374 1095 2418 [territum]
1134 2374 1301 2408 adversis
1338 2373 1491 2418 proeliis
1528 2374 1680 2408 militem

325 2436 472 2469 pugnae
495 2426 741 2459 committeret
759 2430 798 2460 et
817 2427 1043 2470 opponendo
1065 2437 1103 2460 se
1124 2430 1268 2459 tantum
1283 2430 1440 2460 conatus
1454 2424 1680 2459 Hannibalis

324 2475 536 2519 impediret,
562 2475 611 2509 M.
634 2476 818 2510 Minucius
844 2476 1023 2521 magister
1049 2476 1232 2521 equitum,
1258 2475 1363 2510 ferox
1389 2480 1427 2510 et
1450 2475 1680 2519 temerarius,

327 2525 555 2560 criminando
583 2527 803 2560 dictatorem
830 2531 1018 2571 tamquam
1045 2537 1196 2571 segnem
1223 2531 1259 2560 et
1284 2526 1451 2560 timidum
1474 2525 1614 2569 effecit,
1639 2531 1680 2559 ut

327 2576 455 2618 populi
478 2576 580 2610 iussu
605 2582 831 2621 aequaretur
857 2578 890 2611 ei
916 2589 998 2611 eum
1023 2578 1205 2611 dictatore
1235 2576 1446 2621 imperium,
1485 2576 1679 2621 divisoque

327 2626 491 2659 exercitu
523 2637 605 2660 cum
636 2627 763 2672 iniquo
797 2628 880 2661 loeo
908 2626 1139 2661 conflixisset
1163 2632 1199 2661 et
1224 2627 1261 2660 in
1288 2627 1445 2661 maximo
1471 2627 1680 2660 discrimine

328 2676 494 2719 legiones
515 2677 593 2711 eius
615 2682 759 2721 essent,
787 2677 1072 2722 superveniente
1094 2689 1175 2712 cum
1196 2678 1361 2712 exercitu
1379 2677 1498 2711 Fabio
1520 2676 1678 2710 Maximo
