1815 3184
439 252 591 286 LlssEn
616 250 746 294 xxn,
771 250 825 282 42.
846 249 900 282 43.
930 251 977 291 [a.
994 248 1032 281 c,
1047 247 1128 290 216]
1412 238 1468 278 95

108 358 163 397 ita
189 357 341 405 evenit,
376 364 438 405 ut,
471 370 564 396 cum
589 353 729 395 referri
756 353 874 407 signa
898 353 940 392 in
965 358 1099 391 castra
1124 349 1278 391 iubenti
1311 349 1468 391 consuli

108 419 256 459 milites
282 434 363 459 non
389 426 596 473 parerent,
624 416 730 457 servi
756 415 856 463 duo,
882 413 1093 455 Formiani
1119 428 1245 460 unus,
1273 413 1375 453 alter
1402 412 1467 454 Si—
1495 427 1529 455 11

106 481 231 532 dicini
264 481 430 533 equitis,
468 480 538 533 qui
571 478 745 520 Servilio
778 484 899 530 atque
930 475 1059 516 Atilio
1091 475 1328 515 consulibus
1365 475 1470 515 inter

107 542 368 596 pabulatores
395 541 553 595 excepti
580 556 603 581 a
622 539 811 580 Numidis
831 539 1014 587 fuerant,
1041 537 1309 591 profugerent
1330 552 1377 578 co
1403 537 1469 577 die

108 604 159 644 ad
194 604 395 644 dominos.
456 602 702 654 deductique
740 601 792 641 ad
829 600 1018 641 consules
1055 600 1260 648 nuntiant,
1305 614 1468 639 omnem

108 666 330 706 exercitum
366 664 615 705 Hannibalis
653 672 763 704 trans
801 662 1011 717 proximos
1049 668 1208 701 montes
1249 661 1391 701 sedere
1428 661 1468 700 in

107 727 279 768 insidiis.
328 727 473 768 horum
500 733 754 780 opportunus
781 726 983 765 adventus
1012 723 1200 763 consules
1226 722 1372 776 imperi
1395 737 1468 776 po·
1496 736 1533 765 12

106 796 238 830 tentes
264 789 379 838 fecit,
414 804 507 830 cum
533 788 702 829 ambitio
730 788 896 828 alterius
923 802 1039 828 suam
1066 785 1243 840 primum
1270 791 1368 838 aput
1399 799 1468 825 eos

107 865 233 903 prava
260 851 515 905 indulgentia
539 850 794 890 maiestatem
821 849 1024 889 solvisset.

190 912 467 953 XXXXIII.
529 910 741 951 Hannibal
767 917 986 963 postquam
1012 916 1145 949 motos
1171 908 1304 962 magis
1330 908 1471 948 iucon-
1499 926 1512 953 1

108 973 212 1014 sulte
244 974 455 1014 Romanos
488 987 613 1025 quam
649 972 700 1011 ad
738 971 926 1010 ultimum
963 978 1115 1010 temere
1152 977 1316 1010 evectos
1356 970 1468 1018 vidit,

106 1036 354 1088 nequiquam
380 1036 540 1074 detecta
566 1034 710 1073 fraude
735 1033 776 1072 in
804 1039 936 1072 castra
961 1032 1092 1071 rediit.
1136 1031 1193 1072 ibi
1217 1031 1355 1085 plures
1382 1032 1469 1071 (lies
1497 1048 1514 1076 2

105 1104 270 1151 propter
293 1097 474 1150 inopiam
499 1095 695 1136 frumenti
720 1109 884 1134 manere
906 1094 1064 1147 nequit,
1092 1107 1280 1146 novaque
1302 1093 1473 1133 consilia

105 1160 146 1198 in
172 1158 258 1198 dies
284 1173 365 1198 non
391 1158 501 1212 apud
526 1157 675 1197 milites
703 1156 835 1197 solum
862 1157 1013 1196 mixtos
1040 1171 1091 1196 ex
1116 1155 1360 1196 conluvione
1386 1169 1472 1194 om-

105 1221 218 1261 nium
248 1220 456 1276 gentium,
495 1220 568 1260 sed
600 1219 722 1259 etiam
749 1219 859 1273 apud
885 1219 1031 1259 ducem
1057 1219 1194 1272 ipsum
1221 1217 1468 1258 oriebantur.

106 1297 201 1322 nam
226 1296 319 1323 eum
345 1282 460 1321 initio
486 1281 694 1330 fremitus,
721 1281 868 1321 deinde
895 1288 1035 1335 aperta
1061 1279 1298 1320 vociferatio
1324 1279 1471 1320 fuisset
1497 1296 1514 1324 3

106 1344 414 1398 exposcentium
436 1343 684 1397 stipendium
705 1343 889 1384 debitum
904 1342 1245 1396 querentiumque
1266 1356 1471 1382 annonam

105 1406 258 1460 primo,
285 1412 492 1460 postremo
518 1405 690 1453 famem,
723 1412 762 1445 et
788 1405 1090 1445 mercennarios
1116 1404 1266 1444 milites
1291 1403 1471 1443 maxime

107 1469 286 1522 Hispani
329 1468 492 1523 generis
535 1469 586 1509 de
628 1469 866 1509 transitione
910 1468 1069 1522 cepisse
1107 1467 1322 1508 consilium
1360 1467 1472 1507 fama

107 1538 234 1579 esset,
271 1530 358 1584 ipse
391 1531 513 1571 etiam
545 1531 748 1571 interdum
775 1529 988 1571 Hannibal
1019 1531 1069 1571 de
1094 1530 1196 1585 fuga
1221 1529 1262 1569 in
1291 1528 1470 1570 Galliam
1496 1544 1513 1571 4

106 1592 253 1632 dicitur
278 1592 476 1647 agitasse,
503 1592 557 1632 ita
583 1599 627 1632 ut
653 1592 792 1633 relicto
812 1593 997 1646 peditatu
1017 1592 1128 1633 omni
1148 1607 1240 1632 cum
1262 1591 1468 1644 equitibus

108 1668 151 1693 se
187 1654 424 1708 proriperet.
474 1669 567 1694 cum
600 1654 701 1694 haee
733 1655 903 1695 consilia
935 1661 1057 1707 atque
1089 1654 1155 1695 hie
1188 1653 1352 1694 habitus
1385 1654 1471 1694 ani·
1497 1670 1515 1698 ζ,

107 1731 265 1756 morum
298 1724 406 1757 esset
437 1717 478 1756 in
511 1717 674 1765 castris,
713 1732 876 1757 movere
907 1717 1001 1757 inde
1034 1717 1174 1757 statuit
1206 1717 1247 1756 in
1279 1717 1469 1757 calidiora

107 1785 228 1831 atque
265 1793 312 1819 eo
345 1779 567 1819 maturiora
597 1779 804 1821 messibus
835 1779 1014 1834 Apuliae
1046 1780 1154 1828 loca,
1195 1779 1316 1820 simul
1347 1780 1469 1831 quod,

109 1838 228 1894 [quo]
256 1840 419 1895 longius
448 1841 499 1881 ab
525 1840 643 1881 hoste
668 1842 927 1891 recessisset,
966 1842 1197 1896 transfugia
1227 1841 1471 1895 inpeditiora

105 1901 265 1942 levibus
291 1902 468 1957 ingeniis
495 1912 644 1943 essent.
699 1903 909 1957 profectus
936 1910 998 1944 est
1023 1910 1141 1944 nocte
1167 1903 1332 1958 ignibus
1361 1903 1472 1943 simi·
1498 1917 1514 1945 6

106 1963 196 2004 liter
221 1964 340 2004 factis
368 1964 725 2018 tabernaculisque
758 1966 900 2020 paucis
933 1966 975 2006 in
1008 1967 1185 2019 speciem
1219 1965 1389 2013 relictis,
1427 1972 1471 2004 ut

106 2026 345 2065 insidiarum
373 2041 447 2080 par
471 2027 594 2080 priori
620 2034 753 2068 metus
781 2028 1005 2068 contineret
1024 2027 1248 2068 Romanos.
1300 2027 1371 2067 sed
1397 2041 1469 2080 per
1497 2041 1512 2068 7

107 2087 282 2143 eundem
313 2088 533 2128 Lucanum
569 2087 777 2129 Statilium
810 2088 1001 2129 omnibus
1033 2089 1140 2129 ultra.
1171 2096 1305 2129 castra
1341 2096 1471 2128 trans-

107 2163 187 2201 que
224 2149 374 2189 montis
408 2150 629 2203 exploratis
663 2166 756 2191 cum
787 2151 961 2191 relatum
994 2157 1121 2199 esset,
1159 2151 1293 2190 visum
1326 2150 1469 2204 procul

108 2210 287 2251 hostium
320 2226 488 2265 agmen,
528 2219 614 2252 tum
651 2213 701 2253 de
738 2213 994 2265 insequendo
1032 2227 1079 2253 eo
1116 2212 1286 2253 consilia
1323 2212 1469 2266 agitari

109 2284 264 2325 coepta.

195 2333 303 2374 Cum
330 2335 542 2388 utriusque
570 2336 750 2376 consulis
777 2336 920 2376 eadem
947 2351 1052 2390 quae
1073 2344 1165 2377 ante
1187 2351 1348 2390 semper
1368 2336 1470 2376 fuis-
1495 2350 1514 2379 S

111 2402 170 2436 set
203 2397 420 2444 sententia,
459 2406 639 2437 ceterum
666 2397 841 2439 Varroni
874 2398 958 2439 fere
991 2414 1152 2447 omnes,
1184 2398 1316 2442 Paulo
1348 2413 1470 2438 nemo

109 2464 267 2511 praeter
293 2456 514 2498 Servilium
538 2459 685 2512 prioris
711 2460 807 2499 anni
834 2460 1043 2501 consulem
1070 2461 1354 2509 adsentiretur,
1382 2476 1468 2500 ma-
1493 2473 1510 2502 9

109 2520 204 2560 ioris
238 2520 364 2573 partis
399 2521 602 2560 sententia
627 2521 679 2561 ad
704 2521 978 2562 nobilitandas
1005 2522 1120 2563 clade
1144 2523 1333 2563 Romana
1359 2522 1469 2563 Can-

109 2596 182 2622 nas
208 2589 380 2636 urgente
404 2582 489 2623 fato
515 2582 689 2637 profecti
716 2591 822 2624 sunt.
871 2598 998 2639 prope
1025 2599 1118 2625 eum
1144 2585 1282 2625 vicum
1306 2584 1468 2625 Hanni·
1497 2596 1535 2626 10

110 2642 175 2683 bal
208 2651 342 2684 castra
372 2651 566 2698 posuerat
597 2657 741 2685 aversa
767 2661 790 2685 a
814 2644 1016 2686 Volturno
1043 2653 1184 2695 vento,
1217 2646 1287 2699 qui
1313 2646 1468 2700 campis

109 2705 269 2745 torridis
297 2705 477 2746 siccitate
503 2705 632 2747 nubes
653 2706 833 2761 pulveris
855 2707 977 2749 vehit.
1015 2708 1057 2749 id
1076 2723 1167 2749 cum
1194 2708 1294 2763 ipsis
1321 2708 1464 2749 castris
1493 2721 1526 2749 11
