1815 3184
516 224 666 259 LIBER
690 224 836 267 XXVI,
862 223 894 258 5.
915 224 946 258 6.
975 225 1022 267 [a.
1038 222 1172 265 0211]
1437 212 1517 253 271

177 328 426 382 inrupissent
466 328 510 368 in
551 333 683 368 castra
723 327 973 380 inrupturos,
1023 330 1093 365 aut
1134 323 1407 365 conficiendos
1446 323 1522 364 snb

177 390 283 430 vallo
310 404 412 430 esse.
471 403 546 429 nec
572 389 711 443 magni
742 387 972 429 certaminis
1002 401 1088 427 rem
1113 386 1216 426 fore:
1253 400 1406 440 paucos
1432 399 1522 426 esse
1552 397 1589 426 14

177 460 215 492 et
240 451 290 492 ab
317 451 400 491 suis
427 450 687 498 interclusos,
725 456 763 490 et
794 463 897 502 quae
928 449 1025 488 dum
1049 454 1196 501 paveat
1220 447 1431 488 Romanus
1462 447 1523 487 in-

177 519 356 566 terrupta
386 512 494 552 acies
526 512 727 560 videatur,
765 525 872 558 eam,
912 510 946 550 si
976 525 1019 550 se
1049 509 1251 561 utrimque
1287 509 1328 548 in
1364 508 1523 549 hostem

176 580 323 622 vertat,
372 573 536 627 ancipiti
566 588 706 627 pugna
741 572 897 612 medios
929 572 1307 611 circumventuram.
1366 569 1522 610 Navius
1552 582 1590 611 15

175 635 246 675 ubi
270 635 370 675 haee
394 635 647 688 imperatoris
674 634 780 674 dicta
806 633 978 687 accepit,
1006 633 1174 673 secundi
1192 631 1340 673 hastati
1360 631 1523 685 signum

177 698 412 750 ademptum
438 696 632 750 signifero
662 696 703 735 in
734 695 861 735 hostis
893 694 1031 743 infert,
1068 694 1268 734 iacturum
1292 693 1334 732 in
1365 693 1521 733 medios

176 773 245 798 cos
270 758 481 806 minitans,
518 757 559 797 ni
590 771 633 797 se
664 770 833 810 propere
865 762 1086 808 sequantur
1116 754 1264 794 milites
1297 760 1335 794 et
1364 761 1522 807 partem

176 826 391 873 capessant
420 833 594 873 pugnae.
654 818 799 872 ingens
831 831 977 870 eorpus
1009 822 1093 856 erat
1123 822 1162 856 ct
1192 830 1304 871 arma
1334 815 1523 855 honesta·
1551 826 1590 856 16

177 880 273 920 bant
298 887 336 920 et
361 879 566 920 sublatum
592 879 670 919 alte
702 879 864 932 signum
891 883 1145 918 converterat
1169 877 1220 916 ad
1246 876 1523 930 spectaculum

176 942 284 982 cives
320 941 551 993 hostesque.
612 946 792 980 ceterum
828 945 1045 992 postquam
1075 938 1156 977 iam
1193 938 1245 978 ad
1281 938 1399 991 signa
1433 951 1523 991 per·
1550 950 1588 978 17

175 1009 339 1042 venerat
363 1002 662 1055 Hispanorum,
701 1007 787 1039 tum
818 1000 995 1051 undique
1027 999 1068 1038 in
1101 1013 1194 1038 eum
1219 998 1403 1052 tragulae
1428 1012 1528 1038 con-

173 1062 300 1102 iectae
326 1070 364 1102 et
388 1077 514 1115 prope
540 1068 623 1102 tota
647 1062 686 1100 in
712 1076 838 1100 unum
865 1061 971 1100 acics
997 1074 1133 1108 versa,
1166 1059 1238 1099 sed
1262 1072 1394 1111 neque
1419 1058 1523 1097 mul-

173 1123 301 1163 titudo
338 1123 516 1162 hostium
552 1125 684 1175 neque
720 1121 893 1162 telorum
928 1121 990 1161 vis
1028 1134 1164 1161 arcere
1200 1120 1398 1174 impetum
1435 1119 1521 1159 eius

174 1184 248 1224 viri
273 1191 504 1237 potuerunt.

256 1245 330 1285 Vl.
359 1296 366 1300 ⁴
390 1245 447 1285 Et
471 1244 531 1284 M.
558 1243 711 1284 Atilius
742 1244 902 1298 legatus
933 1243 1053 1297 primi
1083 1242 1277 1296 principis
1304 1256 1354 1282 ex
1379 1242 1522 1282 cadem
1550 1257 1563 1284 1

172 1306 331 1361 legione
368 1306 530 1361 signum
566 1305 705 1346 inferri
740 1306 782 1345 in
818 1305 1025 1345 cohortem
1056 1304 1339 1358 Hispanorum
1377 1303 1522 1357 coegit,

174 1375 213 1409 et
238 1368 306 1421 qui
331 1368 473 1408 castris
498 1374 711 1421 praeerant
735 1367 788 1406 L.
809 1366 981 1407 Porcius
1003 1366 1176 1406 Licinus
1203 1372 1242 1406 et
1268 1365 1316 1405 T.
1337 1365 1523 1419 Popilius

174 1429 297 1483 legati
328 1444 400 1482 pro
432 1429 537 1469 vallo
569 1428 713 1469 aeriter
747 1434 1007 1482 propugnant
1045 1427 1363 1481 elephantosque
1394 1434 1525 1466 trans-

176 1491 405 1545 gredientes
441 1491 483 1530 in
517 1491 607 1544 ipso
644 1489 751 1530 vallo
788 1490 1018 1530 conficiunt.
1080 1504 1254 1542 quorum
1284 1488 1521 1542 corporibus
1548 1502 1566 1531 2

176 1568 268 1592 cuin
299 1552 461 1606 oppleta
491 1552 605 1592 fossa
635 1557 760 1599 esset,
798 1551 907 1591 velut
939 1565 1088 1606 aggere
1120 1557 1189 1590 aut
1218 1557 1340 1604 ponte
1376 1550 1522 1590 iniecto

176 1614 388 1654 transitum
412 1613 599 1654 hostibus
625 1613 747 1653 dedit.
807 1613 864 1653 ibi
893 1628 966 1666 per
992 1619 1170 1666 stragem
1200 1612 1418 1652 iacentium
1444 1611 1524 1651 ele-

176 1676 419 1729 phantorum
445 1682 560 1715 atrox
585 1674 692 1715 edita
717 1674 875 1714 caedes.
936 1673 1061 1714 altera
1085 1674 1127 1713 in
1150 1679 1264 1727 parte
1297 1680 1522 1713 castrorum
1549 1684 1567 1713 3

176 1738 255 1778 iam
291 1737 440 1790 inpulsi
483 1743 595 1777 erant
633 1734 835 1790 Campani
870 1734 1156 1787 Punicumque
1198 1734 1446 1788 praesidium
1483 1739 1523 1774 et

177 1798 251 1839 sub
282 1799 372 1852 ipsa
402 1805 518 1852 porta
544 1797 731 1851 Capuae,
769 1810 873 1849 quae
898 1796 1148 1837 Vulturnum
1178 1796 1274 1844 fert,
1311 1795 1524 1850 pugnaba-

177 1866 256 1908 tur,
301 1874 431 1912 neque
467 1867 549 1899 tam
586 1859 729 1899 armati
764 1857 1090 1911 inrumpentibus
1126 1857 1324 1898 Romanis
1360 1857 1523 1897 resiste·
1548 1869 1565 1896 -1

178 1921 292 1969 bant,
318 1936 441 1974 quam
467 1920 583 1974 (quo)
610 1927 726 1974 porta
751 1919 922 1960 ballistis
942 1919 1306 1973 scorpionibusque
1325 1919 1523 1959 instructa

177 1983 398 2024 missilibus
430 1983 570 2037 procul
599 1982 727 2023 hostis
765 1981 940 2022 arcebat.
1000 1988 1039 2021 et
1070 1981 1296 2035 suppressit
1325 1981 1523 2034 impetum
1549 1994 1566 2021 5

176 2044 454 2084 Romanorum
491 2044 637 2084 vulnus
675 2043 930 2097 imperatoris
966 2041 1080 2096 Appi
1118 2041 1285 2090 Claudi,
1324 2042 1389 2082 cui
1426 2055 1521 2081 suos

178 2112 269 2144 ante
300 2106 430 2157 prima
466 2106 584 2159 signa
614 2104 845 2146 adhortanti
882 2103 958 2144 sub
988 2103 1104 2144 laevo
1142 2118 1281 2143 umero
1318 2117 1523 2143 summum

177 2172 318 2218 peetus
349 2180 473 2220 gaeso
503 2167 629 2206 ictum
661 2172 733 2206 est.
794 2180 944 2219 magna
973 2165 1035 2204 vis
1066 2170 1203 2205 tamen
1226 2163 1405 2204 hostium
1430 2169 1522 2203 ante

178 2233 332 2279 portam
369 2233 430 2267 est
466 2241 603 2283 caesa,
642 2227 764 2268 ceteri
799 2226 944 2279 trepidi
980 2226 1022 2266 in
1052 2225 1194 2266 urbem
1227 2225 1423 2279 conpulsi.
1484 2230 1524 2265 et
1549 2238 1566 2267 6

177 2288 404 2336 Hannibal,
442 2295 658 2342 postquam
689 2289 864 2330 cohortis
896 2287 1176 2341 Hispanorum
1209 2294 1387 2341 stragem
1423 2286 1524 2326 vidit

178 2364 418 2402 summaque
454 2351 494 2390 vi
530 2356 663 2391 castra
698 2349 877 2390 hostium
908 2349 1091 2397 defendi,
1130 2349 1282 2389 omissa
1312 2362 1524 2402 oppugna-

179 2411 284 2451 tione
310 2411 486 2465 recipere
513 2412 630 2466 signa
655 2418 694 2452 et
719 2417 952 2452 convertere
978 2422 1126 2465 agmen
1150 2410 1332 2464 peditum
1363 2409 1522 2450 obiecto

177 2472 227 2512 ab
260 2479 373 2526 tergo
404 2472 602 2525 equitatu,
641 2487 690 2512 ne
721 2472 850 2513 hostis
880 2472 1066 2519 instaret,
1110 2471 1254 2524 coepit.
1314 2470 1521 2524 legionum
1549 2483 1564 2511 7

177 2534 295 2574 ardor
330 2534 475 2587 ingens
507 2534 558 2574 ad
593 2535 752 2575 hostem
787 2533 1083 2586 insequendum
1115 2533 1208 2581 fuit3
1256 2532 1430 2573 Flaccus
1460 2546 1523 2571 re-

176 2595 311 2650 ceptui
336 2595 426 2635 cani
449 2595 586 2645 iussit,
619 2596 716 2637 satis
742 2596 794 2636 ad
819 2601 1034 2647 utrumque
1060 2594 1287 2648 profectum
1311 2599 1440 2649 ratus,
1477 2600 1522 2632 ut

176 2665 213 2698 et
247 2657 446 2711 Campani
479 2671 602 2710 quam
638 2658 747 2698 haud
783 2656 955 2697 multum
990 2656 1030 2696 in
1061 2655 1294 2696 Hannibale
1329 2654 1521 2708 praesidii
