1815 3184
453 230 607 264 LIBER
630 230 779 274 xxm,
806 230 861 265 25.
884 230 938 264 26.
968 232 1016 273 [a.
1032 228 1069 263 e.
1085 229 1167 273 216]
1403 219 1485 261 139

138 349 341 375 summam
367 334 568 388 exposuit.
617 333 716 387 quid
740 334 782 374 in
807 333 963 387 Apulia
988 347 1081 373 eum
1102 331 1150 373 C.
1178 331 1370 373 Terentio
1395 346 1491 373 eon—
1517 345 1534 376 6

138 397 225 438 sule
251 404 377 445 esset,
404 412 428 437 a
452 396 592 450 peritis
618 397 848 449 quaesitum
875 402 947 436 est.
996 410 1090 444 nee,
1122 395 1229 435 unde
1255 394 1490 436 consulares

137 459 339 499 exereitus
367 458 466 499 satis
492 458 597 498 firmi
622 459 673 498 ad
698 465 856 498 tantum
882 457 1035 498 bellum
1060 457 1336 506 efficerentur,
1363 455 1492 496 iniba-

137 530 202 561 tur
225 521 339 561 ratio.
377 520 513 573 itaque
529 518 726 569 Galliam,
752 534 1003 573 quamquam
1028 519 1263 560 stimulabat
1287 519 1394 560 iusta
1418 519 1490 568 ira,

137 582 268 623 omitti
299 597 346 622 eo
384 597 490 622 anno
520 582 684 636 placuit.
752 582 952 622 exereitus
985 581 1192 621 dictatoris
1230 580 1389 621 consuli
1423 580 1493 620 de-

137 651 270 684 cretus
297 651 370 684 est.
430 644 480 684 de
506 643 687 684 exercitu
711 642 772 683 M.
804 642 1011 691 Marcelli,
1048 642 1118 695 qui
1143 656 1284 682 eorum
1316 657 1367 682 ex
1390 641 1492 695 fuga

138 704 348 746 Cannensi
380 712 535 753 essent,
572 705 614 745 in
648 704 832 746 Siciliam
862 719 932 745 eos
964 704 1121 744 traduci
1152 710 1274 756 atque
1305 703 1362 744 ibi
1387 704 1492 743 mili-

136 775 239 816 tare,
266 768 396 808 donee
420 768 462 807 in
486 767 606 808 Italia
630 767 782 807 bellum
808 774 934 815 esset,
960 766 1131 820 placuit,
1159 766 1303 806 eodem
1329 780 1380 806 ex
1399 765 1492 806 Iuni

136 830 344 870 dictatoris
364 830 596 884 legionibus
616 830 713 869 reici
733 829 903 869 militem
925 828 1081 868 minimi
1103 842 1306 881 quemque
1320 827 1491 876 roboris,

136 892 247 931 nullo
279 892 520 945 praestituto
551 891 718 931 militiae
750 897 952 944 tempore,
990 889 1070 929 nisi
1095 890 1165 942 qui
1196 890 1492 944 stipendiorum

136 953 411 1007 legitimorum
431 959 551 993 esset.
583 953 689 992 duae
707 951 891 1006 legiones
912 950 1091 991 urbanae
1106 951 1221 991 alteri
1235 951 1406 999 consuli,
1422 951 1492 1004 qui

135 1015 326 1055 inlocum
339 1013 591 1054 L.Postumi
611 1013 808 1053 suffectus
828 1020 949 1061 esset,
972 1013 1159 1052 decretae
1180 1019 1287 1061 sunt,
1303 1027 1492 1064 eumque,

135 1091 227 1116 eum
248 1076 425 1129 primum
445 1075 569 1115 salvis
588 1074 780 1128 auspiciis
795 1082 947 1128 posset,
966 1074 1092 1114 creari
1112 1073 1283 1127 placuit3
1309 1074 1493 1127 legiones

133 1145 344 1191 praeterea
369 1137 471 1177 duas
497 1136 627 1190 primo
653 1150 816 1189 quoque
842 1142 1023 1190 tempore
1049 1150 1100 1175 ex
1122 1134 1264 1176 Sicilia
1288 1135 1409 1175 acciri
1435 1142 1494 1175 at-

134 1213 213 1251 que
238 1198 332 1238 inde
357 1198 586 1246 consulem,
625 1197 690 1238 cui
713 1197 897 1251 legiones
923 1196 1103 1237 urbanae
1130 1197 1382 1245 evenissent,
1420 1196 1496 1236 mi-

132 1260 250 1301 litum
286 1274 447 1300 sumere
484 1267 683 1313 quantum
715 1274 818 1313 opus
851 1267 978 1308 esset3
1031 1258 1080 1300 C.
1107 1259 1301 1299 Terentio
1336 1259 1494 1299 consuli

133 1322 351 1377 propagari
376 1322 417 1361 in
443 1337 595 1362 annum
620 1321 839 1375 imperium
858 1336 991 1375 neque
1012 1321 1062 1361 de
1083 1336 1131 1361 eo
1151 1320 1345 1370 exercitu,
1371 1335 1495 1374 quem

134 1384 186 1423 ad
211 1383 461 1437 praesidium
486 1383 666 1437 Apuliae
690 1383 877 1432 haberet,
904 1383 1124 1436 quiequam
1149 1382 1290 1422 minui.

218 1444 392 1486 XXVI.
447 1444 563 1484 Dum
588 1444 689 1485 haee
714 1444 756 1484 in
780 1445 901 1485 Italia
925 1451 1124 1499 geruntur
1148 1445 1491 1498 adpmanturque,

135 1506 260 1547 nihilo
286 1506 452 1560 segnius
478 1506 520 1546 in
543 1506 748 1560 Hispania
773 1506 925 1547 bellum
951 1513 1054 1555 erat,
1094 1506 1166 1547 sed
1191 1506 1244 1546 ad
1269 1520 1360 1546 eam
1385 1506 1494 1546 diem

135 1568 269 1623 magis
299 1582 542 1622 prosperum
571 1568 784 1608 Romanis.
844 1567 893 1608 P.
920 1575 960 1608 et
986 1567 1064 1609 Cn.
1093 1567 1357 1622 Scipionibus
1389 1567 1494 1607 inter

137 1645 180 1671 se
205 1630 363 1684 partitis
391 1630 548 1684 copias,
582 1637 628 1670 ut
653 1628 824 1670 Gnaeus
850 1637 974 1679 terra,
1007 1629 1182 1670 Publius
1206 1629 1382 1670 navibus
1407 1644 1494 1669 rem

134 1699 312 1746 gereret,
344 1691 587 1732 Hasdrubal
610 1691 847 1732 Poenorum
872 1692 1111 1746 imperator,
1148 1692 1282 1732 neutri
1306 1691 1411 1745 parti
1435 1691 1494 1731 vi-

134 1754 240 1793 rium
266 1754 363 1794 satis
389 1753 533 1802 fidens,
559 1753 701 1807 procul
726 1753 777 1794 ab
802 1753 921 1794 hoste
945 1753 1158 1794 intervallo
1183 1768 1230 1794 ac
1255 1752 1356 1794 loeis
1381 1760 1493 1793 tutus

135 1815 300 1856 tenebat
320 1830 382 1864 se,
409 1815 545 1868 quoad
565 1815 739 1855 multum
765 1830 813 1856 ae
833 1815 903 1855 diu
927 1814 1150 1856 obtestanti
1168 1821 1360 1868 quattuor
1383 1815 1495 1855 milia

134 1877 336 1931 peditum,
375 1877 484 1917 mille
510 1877 666 1930 equites
697 1877 738 1917 in
770 1877 1099 1931 supplementum
1126 1877 1241 1918 missi
1274 1891 1324 1917 ex
1348 1876 1495 1917 Africa

135 1945 242 1979 sunt.
291 1945 378 1978 tum
402 1939 557 1980 refecta
581 1939 745 1979 tandem
772 1953 844 1993 spe
869 1945 1002 1979 castra
1026 1938 1194 1992 propius
1219 1938 1382 1979 hostem
1406 1953 1493 1978 mo-

134 2000 210 2048 vit,
248 2000 503 2053 classemque
535 2008 574 2041 et
598 2001 687 2055 ipse
712 2000 857 2042 instrui
881 2000 1096 2055 pararique
1121 2000 1236 2042 iubet
1261 2001 1314 2041 ad
1337 2000 1493 2040 insulas

135 2062 477 2115 maritumamque
508 2078 621 2103 oram
652 2063 876 2103 tutandam.
936 2063 979 2102 in
1008 2062 1098 2116 ipso
1135 2062 1291 2116 impetu
1326 2076 1495 2102 moven-

136 2124 281 2163 darum
316 2124 366 2164 de
402 2125 561 2179 integro
596 2139 733 2165 rerum
764 2123 936 2178 perculit
967 2139 1061 2164 eum
1092 2124 1393 2177 praefectorum
1423 2138 1495 2163 na-

136 2185 249 2224 vium
274 2185 476 2234 transitio,
503 2186 573 2238 qui
598 2194 691 2240 post
716 2186 892 2226 classem
917 2186 969 2226 ad
982 2185 1187 2225 Hiberum
1208 2199 1282 2239 per
1299 2199 1494 2238 pavorem

136 2246 340 2287 desertam
365 2248 542 2301 graviter
566 2248 752 2301 increpiti
776 2262 1000 2300 numquam
1032 2247 1178 2287 deinde
1205 2246 1303 2287 satis
1329 2246 1400 2286 fidi
1424 2252 1495 2286 aut

136 2308 230 2348 duci
266 2315 335 2348 aut
374 2308 779 2363 Carthaginiensium
820 2309 944 2350 rebus
985 2308 1160 2349 fuerant.
1233 2307 1415 2348 fecerant
1450 2307 1493 2347 hi

136 2369 375 2424 transfugae
411 2377 569 2411 motum
604 2371 646 2410 in
683 2371 963 2412 Tartesiorum
998 2377 1120 2425 gente
1157 2369 1493 2422 desciverantque

135 2431 184 2471 iis
211 2431 445 2472 auctoribus
472 2432 593 2473 urbes
619 2433 792 2486 aliquot,
829 2448 910 2473 una
941 2432 1064 2472 etiam
1095 2431 1146 2472 ab
1177 2431 1278 2486 ipsis
1309 2431 1351 2470 vi
1375 2437 1495 2484 capta

135 2493 280 2534 fuerat,
340 2494 382 2534 in
406 2509 497 2534 eam
527 2502 693 2549 gentem
724 2510 889 2535 versum
921 2494 972 2535 ab
997 2493 1196 2534 Romanis
1226 2493 1380 2534 bellum
1417 2498 1491 2541 est,

134 2555 366 2608 infestoque
403 2557 583 2596 exercitu
608 2556 848 2597 Hasdrubal
884 2556 1095 2611 ingressus
1132 2570 1277 2609 agrum
1312 2554 1493 2595 hostium

135 2631 208 2670 pro
228 2624 370 2670 captae
391 2626 484 2658 ante
504 2618 590 2675 dies
617 2633 770 2672 paucos
797 2617 909 2659 urbis
936 2616 1150 2658 moenibus
1173 2616 1392 2665 Chalbum,
1419 2630 1492 2656 no-

137 2678 257 2719 bilem
284 2679 566 2720 Tartesiorum
592 2681 756 2729 dueem,
790 2695 882 2721 cum
908 2679 1044 2720 valido
1069 2679 1252 2720 exercitu
1277 2677 1421 2719 castris
1447 2691 1491 2718 se

1522 1086 1562 1115 10

1523 1271 1558 1299 ll

1520 1582 1538 1610 10

1519 1952 1537 1981 3

1519 2075 1539 2103 4

1517 2319 1536 2348 5

1519 2505 1536 2534 6
