1815 3184
355 251 436 294 388
662 257 813 292 LIBER
836 257 1016 302 XXVIII,
1042 257 1074 292 5.
1093 258 1124 292 6.
1152 258 1387 303 [a.u.e.547]

356 376 525 417 segnem
549 360 696 402 ducem
720 367 779 401 tot
804 360 981 401 excitare
1005 360 1202 401 tumultus
1228 360 1463 402 circumfusi
1491 369 1692 417 poterant.

354 423 580 478 legationes
603 422 768 463 dimittit
784 422 1009 478 pollicitus,
1034 430 1157 478 prout
1180 430 1341 477 tempus
1367 437 1414 464 ao
1437 438 1503 464 res
1530 423 1692 474 sineret,

291 499 330 529 10
355 485 542 526 omnibus
561 485 738 525 laturum
758 499 801 525 se
821 484 1036 534 auxilium3
1060 484 1103 525 in
1122 485 1366 539 praesentia,
1393 499 1497 538 quae
1516 484 1694 527 maxime

353 547 526 601 urgebat
561 561 646 596 res,
682 546 962 601 Peparethum
997 546 1248 601 praesidium
1282 547 1374 588 urbi
1409 546 1549 596 mittit,
1585 547 1693 588 unde

355 609 521 650 allatum
541 616 629 649 erat
645 609 834 649 Attalum
855 609 906 649 ab
925 609 1088 649 Lemno
1109 609 1240 650 classe
1266 609 1508 650 transmissa
1531 623 1695 650 omnem

290 685 327 714 11
356 671 508 711 circum
543 671 687 712 urbem
723 686 867 725 agrum
903 671 1208 726 depopulatum.
1266 671 1571 726 Polyphantam
1602 685 1695 712 cum

352 733 514 774 modica
537 748 662 773 manu
685 732 727 773 in
750 733 985 782 Boeotiam,
1016 733 1263 788 BIenippum
1293 733 1391 774 item
1416 733 1619 786 quendam
1644 748 1695 774 ex

354 798 464 849 regis
492 795 664 836 ducibus
690 809 783 835 cum
807 795 917 835 mille
937 795 1100 849 peltatis
1115 795 1271 850 —pelta
1296 804 1455 836 caetrae
1480 795 1590 836 haud
1613 795 1696 836 dis-

289 870 327 900 12
358 857 500 897 similis
523 865 630 898 est—
645 855 888 898 Chalcidem
906 857 1046 906 mittit3
1073 857 1200 898 additi
1225 857 1437 912 quingenti
1450 857 1694 913 Agrianum,

355 926 400 959 ut
424 933 565 960 omnes
590 918 748 959 insulae
773 918 900 973 partis
926 919 1029 959 tueri
1054 926 1208 974 posset.
1255 919 1344 974 ipse
1366 918 1609 960 Scotussam
1633 926 1697 960 est

354 982 582 1036 profectus,
620 981 846 1034 eodemque
878 982 929 1021 ab
960 982 1111 1022 Larisa
1134 982 1414 1023 Macedonum
1444 982 1582 1038 copias
1615 989 1697 1023 tra-

290 1057 329 1087 13
357 1043 450 1083 duci
479 1043 609 1084 iussit.
670 1058 719 1085 eo
749 1043 980 1084 nuntiatum
1011 1052 1091 1093 est,
1130 1044 1347 1085 concilium
1374 1045 1536 1086 Aetolis
1562 1045 1697 1085 Hera-

354 1105 484 1146 cleam
513 1105 711 1146 indictum
740 1119 963 1160 regemque
992 1105 1181 1146 Attalum
1213 1107 1265 1147 ad
1295 1107 1609 1147 consultandum
1646 1105 1696 1146 de

288 1181 328 1210 14
355 1182 514 1208 summa
559 1168 656 1208 belli
703 1176 932 1208 venturum.
992 1167 1100 1208 hunc
1142 1176 1388 1209 conventum
1428 1176 1473 1209 ut
1514 1168 1696 1208 turbaret

289 1244 328 1274 15
355 1229 488 1270 subito
521 1229 718 1278 adventu,
753 1229 914 1283 magnis
946 1228 1159 1270 itineribus
1191 1230 1439 1271 Heracleam
1469 1229 1596 1270 duxit.
1656 1237 1697 1269 et

353 1291 524 1332 concilio
550 1291 715 1344 quidem
736 1291 904 1332 dimisso
925 1291 1006 1332 iam
1026 1292 1135 1332 venit
1144 1308 1154 1340 3
1182 1292 1389 1346 segetibus
1410 1300 1565 1341 tamen,
1592 1305 1695 1344 quae

351 1368 479 1408 prope
504 1353 781 1393 maturitatem
806 1360 940 1402 erant,
965 1353 1142 1393 maxime
1167 1353 1209 1393 in
1235 1354 1327 1393 sinu
1347 1353 1582 1394 Aenianum
1601 1368 1696 1394 eva-

353 1415 470 1455 statis
493 1413 736 1456 Scotussam
761 1414 899 1469 copias
924 1415 1094 1455 reducit.
1134 1415 1191 1454 ibi
1216 1414 1396 1455 exercitu
1421 1415 1532 1455 omni
1554 1414 1695 1455 relicto

288 1491 327 1522 16
354 1491 446 1517 cum
472 1477 639 1518 cohorte
663 1476 778 1531 regia
795 1476 1106 1518 Demetriadem
1132 1491 1223 1517 sese
1247 1476 1413 1532 recepit.
1455 1476 1550 1517 inde
1574 1484 1620 1516 ut
1644 1476 1696 1516 ad

353 1539 485 1580 omnis
512 1539 690 1580 hostium
714 1548 849 1579 motus
874 1546 1014 1593 posset
1047 1553 1278 1588 occurrere,
1315 1539 1357 1578 in
1380 1538 1609 1579 Phocidem
1638 1545 1697 1578 at-

352 1616 430 1654 que
454 1601 672 1641 Euboeam
702 1609 741 1641 et
770 1600 1051 1655 Peparethum
1082 1601 1205 1641 mittit
1238 1600 1306 1654 qui
1335 1600 1424 1641 loca
1455 1601 1537 1641 alta
1572 1600 1698 1655 elige-

288 1677 325 1705 17
350 1671 459 1711 rent,
484 1663 593 1703 unde
618 1662 715 1703 editi
739 1663 857 1717 ignes
885 1671 1128 1717 apparerent
1137 1679 1147 1712 3
1180 1663 1270 1717 ipse
1294 1662 1337 1703 in
1357 1662 1508 1703 Tisaeo
1527 1687 1560 1690 —
1577 1676 1696 1703 mons

351 1732 413 1765 cst
448 1725 490 1765 in
526 1725 782 1765 altitudinem
810 1724 1021 1779 ingentem
1053 1725 1279 1765 cacuminis
1311 1725 1409 1766 editi
1431 1749 1465 1754 —
1489 1724 1697 1779 speculam

350 1787 506 1842 posuit,
532 1795 575 1827 ut
600 1787 764 1842 ignibus
789 1787 931 1841 procul
957 1787 1128 1828 sublatis
1156 1787 1340 1842 signum,
1365 1787 1435 1827 ubi
1459 1786 1558 1840 quid
1581 1786 1698 1827 moli-

349 1858 489 1890 rentur
513 1849 673 1898 hostes,
704 1857 913 1890 momento
938 1849 1134 1904 temporis
1160 1850 1375 1904 acciperet.

286 1924 325 1954 18
433 1912 646 1953 Romanus
683 1911 904 1966 imperator
935 1918 975 1952 et
1004 1911 1172 1953 Attalus
1203 1926 1277 1952 rex
1309 1927 1333 1951 a
1361 1909 1595 1966 Peparetho
1625 1909 1697 1951 Ni-

351 1988 492 2015 caeam
522 1974 765 2015 traiecerunt
775 1990 785 2023 3
822 1973 918 2014 inde
950 1973 1126 2015 classem
1156 1974 1198 2014 in
1221 1974 1442 2014 Euboeam
1473 1973 1525 2013 ad
1553 1973 1698 2013 urbem

352 2036 511 2077 Oreum
541 2036 788 2085 tramittunt,
827 2050 932 2089 quae
964 2037 1015 2077 ab
1038 2036 1305 2077 Demetriaco
1338 2035 1429 2076 sinu
1455 2033 1696 2076 Chalcidem

351 2107 391 2139 ct
420 2099 622 2153 Euripum
657 2098 813 2153 petenti
849 2098 902 2139 ad
937 2098 1098 2139 laevam
1133 2098 1266 2153 prima
1300 2097 1463 2138 urbium
1497 2097 1695 2138 Euboeae

286 2173 324 2204 19
349 2161 484 2216 posita
515 2168 590 2201 est.
649 2160 707 2201 ita
736 2161 840 2201 inter
864 2161 1054 2201 Attalum
1084 2174 1131 2201 ac
1157 2159 1388 2215 Sulpicium
1413 2159 1622 2208 convenit,
1652 2165 1696 2198 ut

348 2223 528 2265 Romani
554 2238 577 2263 a
600 2223 722 2271 mari,
749 2222 853 2278 regii
878 2238 902 2264 a
926 2231 1034 2263 terra
1058 2230 1357 2277 oppugnarent.

311 2301 323 2329 1
435 2287 512 2328 VI.
561 2285 804 2338 Quadriduo
829 2293 924 2340 post
948 2300 1071 2339 quam
1096 2286 1273 2341 adpulsa
1297 2285 1442 2326 classis
1468 2291 1531 2325 est
1553 2284 1696 2324 urbem

351 2347 538 2403 adgressi
575 2356 682 2389 sunt.
740 2348 783 2388 id
819 2355 980 2403 tempus
1019 2348 1189 2389 occultis
1226 2362 1319 2388 cum
1348 2347 1535 2395 Platore,
1572 2345 1641 2399 qui
1671 2360 1696 2385 a

349 2411 544 2465 Philippo
579 2410 840 2465 praepositus
877 2410 968 2450 urbi
1005 2418 1110 2459 erat,
1160 2410 1387 2463 conloquiis
1430 2409 1693 2462 absumptum

307 2485 325 2515 2
351 2481 425 2514 est.
490 2473 592 2513 duas
629 2487 743 2513 arces
781 2473 879 2513 urbs
916 2472 1060 2522 habet,
1103 2488 1228 2513 unam
1263 2472 1544 2512 imminentem
1578 2468 1692 2517 mari,

351 2535 478 2575 altera
507 2535 619 2576 urbis
651 2535 787 2576 media
812 2542 892 2585 est3
931 2535 1119 2576 cuniculo
1144 2535 1239 2575 inde
1264 2534 1332 2575 via
1357 2534 1408 2574 ad
1432 2547 1543 2573 mare
1570 2530 1691 2578 ducit,

351 2611 474 2648 quam
506 2612 529 2637 a
558 2597 661 2638 mari
686 2597 807 2638 turris
834 2597 1013 2651 quinque
1037 2597 1332 2645 tabulatorum,
1364 2594 1577 2651 egregium
1599 2605 1692 2647 pro-

309 2670 327 2699 3
350 2660 648 2713 pugnaculum,
697 2660 926 2702 claudebat.
985 2661 1042 2701 ibi
1082 2661 1213 2715 primo
1256 2658 1556 2700 atrocissimum
1595 2668 1691 2694 con-

352 2728 526 2761 tractum
567 2731 630 2763 est
671 2731 878 2763 certamen
920 2730 961 2763 et
1001 2730 1110 2763 turre
1153 2722 1352 2762 instructa
1391 2718 1501 2761 omni
1541 2729 1690 2772 genere
