1815 3184
312 246 395 287 204
641 250 793 285 LIBER
818 244 989 294 XXIIII,
1015 250 1070 285 40.
1098 253 1146 293 [a.
1162 262 1195 284 u.
1212 261 1242 284 c.
1256 251 1338 294 540]

265 372 285 400 4
311 368 550 410 oppressam
576 367 679 394 esse.
729 353 830 394 haee
855 353 1090 394 nuntiantes
1116 352 1303 401 orabant,
1330 360 1375 393 ut
1400 367 1519 407 opem
1544 354 1668 395 ferret

308 418 549 468 hostemque
580 415 692 455 haud
722 415 893 456 dubium
918 415 1116 456 Romanis
1148 415 1249 455 mari
1281 429 1328 455 ac
1359 421 1465 455 terra
1496 430 1520 455 a
1548 417 1669 456 mari-

309 478 417 519 timis
444 476 614 518 urbibus
641 484 813 526 arceret,
851 491 957 530 quae
990 476 1041 517 ob
1066 476 1221 517 nullam
1252 477 1372 517 aliam
1398 491 1566 517 causam
1590 477 1668 518 nisi

265 556 283 584 5
309 539 419 593 quod
443 539 702 579 imminerent
727 539 869 579 Italiae
894 545 1141 593 peterentur.
1189 538 1250 579 M.
1265 538 1469 587 Valerius,
1497 539 1668 579 duorum

309 601 467 641 milium
490 601 695 655 praesidio
723 599 882 655 [relicto
907 598 1244 655 praeposito]que
1270 600 1328 640 eis
1353 599 1402 640 P.
1423 599 1589 640 Valerio
1614 600 1670 640 le-

308 669 423 717 gato,
474 677 567 703 cum
605 662 737 703 classe
773 662 972 702 instructa
1007 668 1231 716 parataque
1268 668 1331 710 et,
1380 662 1491 714 quod
1522 661 1669 716 longae

309 739 435 765 naves
461 724 637 764 militum
662 738 807 778 capere
832 739 914 764 non
940 731 1146 778 poterant,
1183 724 1226 763 in
1251 723 1456 764 onerarias
1481 723 1669 777 inpositis

265 802 283 831 6
310 787 435 827 altero
467 786 531 826 die
559 785 732 827 Oricum
763 786 966 840 pervenit,
1008 785 1233 838 urbemque
1266 800 1356 826 eam
1391 785 1472 825 levi
1508 791 1670 825 tenente

310 849 532 903 praesidio,
554 849 664 902 quod
685 846 793 903 [rex]
816 849 1011 889 recedens
1031 848 1125 888 inde
1144 848 1380 901 reliquerat,
1401 847 1501 888 haut
1519 862 1670 902 magno

268 926 283 953 7
311 910 530 951 certamine
555 910 719 963 recepit.
769 910 894 964 legati
919 924 967 950 eo
993 909 1044 950 ab
1069 909 1293 963 Apollonia
1318 915 1534 958 venerunt,
1566 924 1671 949 nun-

311 972 458 1012 tiantes
506 971 548 1011 in
596 971 808 1012 obsidione
858 986 966 1020 sese,
1016 972 1127 1024 quod
1169 971 1341 1011 deficere
1384 971 1435 1012 ab
1471 970 1670 1012 Romanis

311 1033 482 1082 nollent,
505 1048 595 1073 esse
620 1047 753 1086 neque
780 1033 980 1073 sustinere
1006 1033 1111 1073 ultra
1135 1032 1218 1072 vim
1231 1032 1509 1073 Macedonum
1533 1046 1668 1086 posse,

267 1109 286 1139 8
313 1095 390 1135 nisi
425 1095 675 1148 praesidium
711 1094 893 1134 mittatur
928 1095 1176 1135 Romanum.
1243 1094 1448 1134 facturum
1485 1108 1529 1134 se
1566 1108 1670 1146 quae

312 1156 462 1197 vellent
497 1156 726 1210 pollicitus,
776 1156 857 1195 duo
894 1156 1006 1196 milia
1048 1156 1298 1196 delectorum
1340 1155 1514 1195 militum
1556 1154 1672 1195 navi-

312 1218 389 1258 bus
425 1218 559 1272 longis
597 1218 718 1257 mittit
754 1218 807 1257 ad
843 1217 993 1257 ostium
1029 1217 1208 1257 fluminis
1241 1231 1334 1257 cum
1364 1216 1573 1270 praefecto
1607 1231 1672 1257 so-

313 1279 422 1320 cium
460 1278 511 1331 Q.
544 1279 700 1319 Naevio
733 1277 888 1327 Crista,
925 1279 1013 1319 viro
1049 1278 1210 1332 inpigro
1248 1285 1287 1318 et
1321 1278 1452 1332 perito
1489 1278 1670 1318 militiae.

269 1356 287 1385 9
314 1341 348 1381 is
375 1340 571 1395 expositis
597 1340 639 1380 in
664 1347 812 1380 terram
838 1340 1036 1380 militibus
1068 1339 1325 1392 navibusque
1353 1338 1526 1380 Oricum
1550 1346 1670 1387 retro,

315 1402 423 1442 unde
450 1408 633 1451 venerat,
661 1402 713 1442 ad
738 1408 915 1442 ceteram
941 1401 1114 1442 classem
1134 1401 1336 1448 remissis,
1363 1401 1511 1440 milites
1531 1400 1672 1454 procul

313 1480 337 1505 a
367 1463 533 1504 flumine
563 1478 635 1517 per
666 1463 774 1503 viam
806 1463 972 1502 minime
1005 1462 1055 1502 ab
1087 1462 1211 1515 regiis
1244 1461 1457 1502 obsessam
1489 1461 1605 1501 duxit
1635 1468 1674 1502 et

313 1532 449 1574 nocte,
476 1526 531 1565 ita
556 1532 600 1565 ut
626 1539 746 1565 nemo
771 1524 951 1564 hostium
978 1524 1164 1572 sentiret,
1192 1523 1335 1564 urbem
1361 1530 1423 1564 est
1447 1524 1672 1578 ingressus

249 1602 289 1631 10
314 1589 421 1628 diem
458 1588 742 1639 insequentem
779 1587 988 1639 quievere,
1027 1587 1125 1626 dum
1156 1586 1388 1640 praefectus
1420 1586 1673 1627 iuventutem

313 1649 638 1703 Apolloniatium
670 1662 864 1700 armaque
898 1654 937 1688 et
962 1647 1076 1688 urbis
1108 1648 1214 1688 vires
1241 1648 1470 1702 inspiceret.
1530 1648 1602 1689 ubi
1627 1663 1676 1688 ea

313 1711 401 1751 visa
431 1711 696 1763 inspectaque
729 1710 828 1750 satis
861 1710 1091 1750 animorum
1121 1710 1256 1750 fecere
1289 1710 1491 1763 simulque
1522 1709 1574 1751 ab
1606 1725 1676 1750 ex-

311 1771 583 1826 ploratoribus
610 1771 805 1825 conperit,
833 1779 986 1825 quanta
1012 1772 1198 1812 socordia
1224 1786 1271 1812 ae
1291 1771 1552 1826 neglegentia
1577 1778 1676 1825 aput

250 1850 285 1878 11
313 1834 452 1874 hostes
490 1840 617 1882 essct,
663 1833 824 1873 silentio
860 1833 992 1874 noctis
1029 1833 1080 1873 ab
1118 1833 1218 1873 urbe
1255 1833 1342 1873 sine
1379 1833 1462 1874 ullo
1499 1833 1676 1873 tumultu

315 1910 526 1950 egressus,
565 1901 699 1935 castra
729 1895 911 1935 hostium
942 1895 1045 1935 adeo
1075 1895 1263 1949 neglecta
1294 1901 1415 1947 atque
1447 1900 1587 1948 aperta
1616 1895 1677 1934 in-

315 1957 453 2006 travit,
481 1964 524 1997 ut
551 1957 648 1997 satis
676 1964 898 2006 constaret,
924 1957 1038 2011 prius
1064 1957 1173 1997 mille
1199 1957 1411 1996 hominum
1438 1956 1591 1996 vallum
1615 1956 1676 1996 in-

315 2025 445 2059 trasse
471 2033 594 2071 quam
620 2019 839 2072 quisquam
867 2019 1034 2059 sentiret
1058 2033 1124 2067 ac,
1158 2019 1192 2059 si
1218 2019 1343 2059 caede
1369 2017 1674 2066 abstinuissent,

251 2092 288 2121 12
314 2080 526 2134 pervenire
553 2081 605 2120 ad
630 2080 939 2121 tabernaculum
969 2081 1128 2135 regium
1154 2080 1352 2134 potuisse.
1413 2080 1559 2120 caedes
1585 2094 1677 2134 pro-

315 2143 519 2183 ximorum
545 2149 686 2197 portae
712 2143 906 2184 excitavit
930 2143 1089 2192 hostes3
1116 2143 1210 2183 inde
1229 2149 1365 2183 tantus
1385 2148 1514 2182 terror
1531 2156 1679 2196 pavor-

315 2219 394 2257 que
419 2205 550 2245 omnis
584 2206 817 2259 occupavit,
856 2212 901 2245 ut
930 2221 1011 2245 non
1038 2206 1160 2246 modo
1186 2205 1289 2246 alius
1322 2205 1541 2258 quisquam
1565 2219 1678 2245 arma

252 2275 290 2307 13
317 2274 479 2321 caperet
510 2273 579 2307 aut
611 2267 754 2308 eastris
787 2267 936 2321 pellere
968 2267 1127 2308 hostem
1161 2274 1392 2316 conaretur,
1432 2268 1554 2308 etiam
1589 2266 1679 2320 ipse

315 2343 406 2377 rex,
445 2329 550 2369 sieut
581 2343 725 2369 somno
758 2329 916 2369 excitus
949 2337 1052 2378 erat,
1090 2345 1217 2384 prope
1249 2329 1488 2370 seminudus
1513 2328 1678 2383 fugiens

317 2390 435 2430 militi
460 2405 641 2444 quoque,
679 2391 831 2431 nedum
856 2392 944 2446 regi
970 2392 1039 2431 vix
1071 2392 1220 2432 decoro
1251 2391 1412 2440 habitu,
1451 2391 1503 2431 ad
1528 2390 1680 2430 flumen

253 2464 292 2492 14
316 2453 516 2506 navisque
540 2453 779 2507 perfugerit.
818 2454 962 2493 codem
989 2461 1027 2494 et
1053 2454 1131 2494 alia
1157 2454 1275 2495 turba
1295 2454 1427 2494 effusa.
1447 2459 1519 2493 est.
1557 2451 1679 2506 paulo

318 2515 452 2556 minus
484 2516 560 2556 tria
590 2516 702 2556 milia
734 2516 908 2556 militum
940 2517 982 2556 in
1013 2517 1156 2557 castris
1187 2524 1257 2557 aut
1287 2526 1407 2571 capta
1432 2523 1501 2556 aut
1525 2514 1678 2562 oecisa3

318 2576 410 2629 plus
437 2583 573 2617 tamen
598 2577 810 2618 hominum
836 2578 1046 2631 aliquanto
1072 2585 1236 2633 captum
1262 2593 1385 2632 quam
1412 2592 1577 2619 caesum
1603 2581 1676 2615 est.

254 2650 294 2678 15
320 2638 462 2678 castris
488 2639 656 2693 direptis
682 2639 972 2693 Apolloniatae
1004 2640 1250 2695 catapultas,
1289 2640 1472 2681 ballistas
1503 2644 1679 2678 tormen-

320 2704 440 2751 taque
472 2700 568 2748 alia,
607 2714 711 2753 quae
743 2702 1043 2756 oppugnandae
1075 2702 1166 2742 urbi
1203 2706 1426 2755 conparata
1456 2704 1588 2746 erant,
1625 2695 1677 2736 ad
