1815 3184
560 215 713 250 LtssER
736 215 865 260 XXX,
890 215 944 249 44.
962 213 1015 248 45.
1044 216 1092 258 [a.
1106 213 1145 249 o.
1158 213 1240 259 201]
1484 202 1565 243 529

225 320 395 361 amentis
421 319 538 360 malis
564 319 695 359 cordis
720 318 845 367 hunc,
882 332 1003 371 quem
1033 317 1271 371 increpitas,
1307 317 1434 357 risum
1459 329 1563 356 esse.

225 382 295 436 qui
341 388 476 422 tamen
522 395 778 433 nequaquam
825 379 927 420 adeo
975 386 1036 420 cst
1087 378 1396 432 intempestivus
1444 391 1567 430 quam

225 451 384 484 vestrae
419 443 521 483 istae
557 442 757 482 absurdae
796 450 915 494 atque
947 441 1208 482 abhorrentes
1239 440 1429 480 lacrimae
1460 445 1565 479 sunt.

225 511 321 545 tunc
354 505 475 545 flesse
511 504 664 553 decuit,
702 518 793 544 cum
830 504 1019 558 adempta
1055 509 1148 543 sunt
1183 502 1300 543 nobis
1336 517 1466 551 arma,
1507 501 1569 541 in-

226 580 372 607 censae
417 579 568 614 naves,
626 565 885 606 interdictum
931 565 1107 606 externis
1155 564 1291 613 bellis,
1344 564 1413 604 illo
1461 563 1568 603 enim

225 627 392 667 vulnere
428 627 693 667 concidimus.
752 642 827 668 nec
862 641 952 668 esse
989 626 1069 679 (est
1100 627 1169 679 ne)
1205 640 1278 666 vos
1315 625 1397 666 otio
1432 632 1568 665 vestro

225 688 457 729 consultum
499 688 550 729 ab
586 689 783 729 Romanis
826 689 1012 729 credatis.
1095 688 1206 728 nulla
1241 702 1391 742 magna
1426 686 1568 727 civitas

224 750 435 803 quiescere
470 757 616 804 potest.
677 751 711 791 si
746 750 845 791 foris
880 750 1040 791 hostem
1076 764 1158 790 non
1188 749 1328 797 habet,
1370 748 1481 789 domi
1510 748 1570 787 in-

225 812 353 860 venit,
391 819 434 852 ut
464 812 697 866 praevalida
728 827 896 866 corpora
926 811 976 853 ab
1008 811 1183 853 externis
1220 811 1354 852 causis
1390 816 1477 851 tuta
1511 810 1571 850 vi-

226 873 389 922 dentur,
416 874 488 914 sed
513 874 597 915 suis
621 874 711 928 ipsa
734 873 889 915 viribus
915 880 1143 914 onerantur.
1198 879 1355 913 tantum
1379 872 1569 912 nimirum

227 950 278 975 ex
303 935 476 989 publicis
501 936 618 976 malis
645 936 860 984 sentimus,
891 942 1087 988 quantum
1112 935 1164 975 ad
1188 935 1366 989 privatas
1390 949 1455 974 res
1480 948 1571 988 per-

226 997 345 1046 tinet3
371 1012 445 1038 nec
469 997 510 1037 in
534 997 583 1037 iis
608 997 826 1050 quicquam
851 997 983 1037 acrius
1008 1011 1131 1049 quam
1155 996 1351 1050 pecuniae
1376 996 1571 1036 damnum

227 1058 418 1099 stimulat.
478 1059 614 1111 itaque
650 1073 743 1098 cum
779 1057 909 1110 spolia
944 1058 1136 1098 victoriae
1163 1056 1404 1112 Carthagini
1440 1057 1571 1097 detra-

226 1119 443 1169 hebantur,
482 1134 574 1159 cum
604 1119 800 1158 inermem
830 1119 911 1158 iam
943 1132 990 1158 ae
1019 1119 1172 1159 nudam
1197 1119 1362 1159 destitui
1386 1119 1489 1158 inter
1513 1125 1571 1159 tot

225 1187 400 1220 armatas
426 1186 569 1234 gentes
595 1178 764 1219 Africae
789 1180 1024 1228 cerneretis,
1051 1194 1171 1220 nemo
1197 1180 1413 1234 ingemuit3
1449 1194 1569 1227 nunc,

224 1242 321 1292 quia
350 1240 545 1281 tributum
575 1255 626 1281 ex
655 1241 813 1294 privato
844 1241 1134 1281 conferendum
1165 1247 1249 1289 est,
1292 1247 1500 1293 tamquam
1530 1241 1572 1280 in

223 1301 388 1356 publico
412 1302 555 1343 funere
580 1302 852 1356 comploratis.
907 1317 1030 1355 quam
1054 1317 1212 1350 vereor,
1238 1316 1289 1342 ne
1313 1316 1440 1356 prope
1465 1302 1571 1342 diem

226 1364 407 1404 sentiatis
443 1364 651 1404 levissimo
687 1364 728 1404 in
758 1364 866 1404 malo
895 1379 969 1405 vos
1001 1364 1121 1405 hodie
1151 1364 1411 1405 lacrimasse.’
1471 1364 1571 1404 haec

225 1424 436 1466 Hannibal
461 1426 570 1479 apud
597 1424 973 1479 Carthaginienses.

312 1485 451 1540 Scipio
483 1487 668 1527 contione
700 1487 898 1528 advocata
921 1487 1190 1528 Masinissam
1221 1487 1273 1528 ad
1302 1502 1474 1542 regnum
1500 1502 1572 1542 pa-

226 1555 385 1588 ternum
412 1547 526 1589 Cirta
550 1549 700 1603 oppido
725 1555 765 1589 et
789 1549 932 1589 ceteris
958 1548 1126 1589 urbibus
1152 1549 1360 1603 agrisque,
1392 1563 1496 1602 quae
1522 1564 1572 1589 ex

224 1623 352 1663 regno
386 1608 589 1664 Syphacis
619 1610 661 1650 in
690 1610 832 1664 populi
862 1610 1037 1651 Romani
1071 1616 1316 1664 potestatem
1350 1610 1570 1659 venissent,

226 1670 393 1711 adiectis
442 1671 619 1711 donavit.
703 1671 780 1713 Cn.
820 1670 1042 1713 Octavium
1088 1671 1262 1712 classem
1309 1671 1351 1711 in
1389 1670 1571 1712 Siciliam

225 1733 390 1773 ductam
416 1732 492 1774 Cn.
521 1732 710 1774 Cornelio
741 1733 897 1774 consuli
928 1734 1085 1774 tradere
1114 1733 1251 1783 iussit,
1288 1733 1443 1788 legatos
1471 1733 1572 1774 Car-

225 1794 543 1849 thaginiensium
569 1795 745 1836 Romam
769 1796 989 1849 proficisci,
1017 1803 1077 1844 ut,
1110 1810 1214 1848 quae
1239 1810 1263 1836 a
1288 1810 1331 1836 se
1356 1810 1407 1837 ex
1431 1796 1571 1837 decem

224 1855 452 1910 legatorum
488 1857 687 1898 sententia
722 1866 813 1898 acta
848 1864 1008 1906 essent,
1057 1872 1104 1898 ea
1138 1864 1299 1911 patrum
1335 1858 1571 1899 auctoritate

223 1918 445 1972 populique
470 1919 586 1959 iussu
611 1919 955 1960 confirmarentur.

309 1980 556 2021 XXXXV.
626 1981 736 2022 Pace
773 1988 878 2022 terra
912 1981 1094 2034 marique
1130 1988 1268 2035 parta,
1317 1982 1495 2022 exercitu
1529 1982 1572 2022 in

224 2056 350 2082 naves
387 2043 601 2096 imposito,
651 2043 693 2083 in
730 2042 913 2085 Siciliam
949 2043 1197 2098 Lilybaeum
1239 2044 1406 2084 traiecit.
1478 2044 1570 2085 inde

225 2118 375 2157 magna
398 2110 512 2157 parte
537 2105 712 2145 militum
735 2106 909 2146 navibus
935 2105 1061 2146 missa
1085 2105 1174 2159 ipse
1198 2119 1270 2159 per
1299 2105 1447 2146 laetam
1470 2121 1571 2160 pace

225 2180 307 2205 non
342 2165 478 2206 minus
515 2181 638 2219 quam
675 2167 841 2208 victoria
876 2167 1056 2216 Italiam,
1104 2167 1246 2208 effusis
1283 2182 1364 2208 non
1399 2167 1569 2208 ulbibus

225 2227 347 2268 modo
384 2228 436 2268 ad
470 2227 680 2270 habendos
715 2229 908 2278 honores,
947 2229 1019 2269 sed
1049 2229 1270 2283 agrestium
1301 2229 1421 2270 etiam
1453 2229 1572 2271 turba

226 2289 438 2330 obsidente
474 2291 579 2339 vias,
627 2291 804 2332 Romam
844 2291 1029 2345 pervenit
1065 2291 1349 2345 triumphoque
1390 2292 1571 2332 omnium

225 2353 452 2394 clarissimo
482 2353 625 2394 urbem
656 2362 718 2395 cst
747 2355 945 2396 invectus.
1005 2355 1161 2409 argenti
1192 2354 1282 2395 tulit
1305 2355 1348 2395 in
1371 2355 1570 2395 aerarium

224 2415 361 2469 pondo
398 2422 561 2456 centum
597 2416 762 2470 triginta
797 2417 873 2457 tria
909 2416 1031 2457 milia.
1101 2416 1297 2458 militibus
1334 2431 1385 2457 ex
1419 2417 1571 2471 praeda

225 2477 527 2532 quadringenos
559 2478 663 2519 acris
700 2478 848 2519 divisit.
908 2485 1036 2519 morte
1074 2478 1304 2520 subtractus
1336 2479 1568 2533 spectaculo

225 2538 357 2592 magis
393 2539 604 2579 hominum
640 2555 763 2593 quam
799 2540 1083 2594 triumphantis
1114 2540 1266 2595 gloriae
1293 2539 1464 2595 Syphax
1494 2550 1568 2590 est,

227 2598 371 2639 Tiburi
400 2600 508 2640 haud
539 2601 595 2641 ita
624 2601 751 2642 multo
782 2608 874 2642 ante
904 2610 1106 2652 mortuus,
1149 2617 1230 2655 quo
1261 2602 1312 2643 ab
1342 2602 1454 2644 Alba
1489 2610 1569 2644 tra—

225 2661 370 2701 ductus
395 2661 539 2702 fuerat.
601 2670 818 2718 conspecta
841 2679 950 2706 mors
976 2671 1111 2706 tamen
1136 2665 1223 2706 eius
1248 2664 1342 2714 fuit,
1374 2666 1470 2719 quia
1493 2681 1568 2720 pu-

294 2727 357 2754 Liui
377 2727 432 2754 vul.
449 2727 483 2754 ll.
1300 2730 1345 2764 34

1599 1070 1638 1099 10

1600 1194 1633 1221 11

1600 1684 1638 1713 13
