1815 3184
315 235 397 276 524
614 242 764 276 LIBER
787 242 914 286 XXX,
939 243 992 276 40.
1021 245 1068 285 [a.
1083 254 1117 276 u.
1133 254 1160 276 c.
1175 243 1251 276 552.
1265 243 1345 287 553]

315 346 603 400 giniensesque
635 359 728 385 cum
757 345 966 386 venissent
989 345 1184 395 Romam,
1222 353 1387 387 senatus
1423 346 1475 387 ad
1506 347 1648 388 aedem

270 420 290 450 2
313 407 511 448 BeHonae
535 406 698 447 habitus
724 414 798 447 est.
846 406 916 447 ubi
941 420 1034 447 cum
1056 406 1110 448 L.
1127 407 1323 450 Veturius
1347 407 1469 449 Philo
1493 422 1651 463 pugna-

315 477 401 509 tum
415 482 507 509 cum
519 468 756 509 Hannibale
771 483 862 509 esse
878 483 1069 523 suprema
1082 467 1492 524 Carthaginiensibus
1511 484 1652 524 pugna

313 530 517 583 finemque
542 531 709 571 tandem
732 530 896 585 lugubri
919 530 1027 571 bello
1058 530 1295 585 impositum
1319 531 1475 586 ingenti
1498 530 1652 572 laetitia

272 604 289 633 3
314 600 477 646 patrum
512 592 790 647 exposuisset,
833 592 980 634 adiecit
1013 592 1254 635 Verminam
1289 593 1411 634 etiam
1448 592 1651 648 Syphacis

313 653 459 703 filium,
504 669 607 707 quae
643 670 772 709 parva
806 654 911 695 bene
947 662 1089 709 gestae
1123 654 1183 695 rei
1218 654 1399 696 accessio
1436 663 1539 705 erat,
1583 655 1653 695 de-

313 715 478 756 victum.
537 716 579 756 in
604 716 836 758 contionem
859 716 1023 772 prodire
1051 715 1189 757 iussus
1215 716 1492 771 gaudiumque
1515 717 1557 758 id
1580 732 1654 772 po-

269 791 288 819 4
313 777 409 833 pulo
433 778 639 833 inpertire.
699 786 785 819 tum
814 778 1020 833 patefacta
1043 778 1304 833 gratulationi
1329 779 1465 820 omnia
1487 778 1529 820 in
1552 779 1653 819 urbe

313 840 483 894 templa,
522 840 922 895 supplicationesque
956 841 999 881 in
1033 840 1213 881 triduum
1247 841 1447 882 decretae.
1506 841 1652 896 legatis

315 901 718 957 Caithaginiensium
750 910 790 944 et
813 903 996 958 Philippi
1026 903 1134 957 regis
1159 928 1193 932 —
1215 918 1311 944 nam
1341 903 1369 944 ii
1394 917 1555 957 quoque
1585 918 1654 943 ve-

313 972 458 1006 nerant
481 990 509 993 —
536 965 788 1019 petentibus,
825 973 869 1006 ut
895 972 1061 1006 senatus
1088 965 1166 1006 sibi
1191 965 1372 1015 daretur,
1409 980 1654 1035 iesponsum

312 1027 428 1068 iussu
457 1034 620 1082 patrum
651 1029 702 1068 ab
733 1027 930 1069 dictatore
961 1035 1042 1076 est,
1080 1027 1270 1069 consules
1300 1042 1381 1069 nov
1385 1043 1430 1069 os
1460 1027 1510 1069 iis
1537 1042 1654 1068 sena-

269 1101 288 1129 5
313 1097 400 1130 tum
425 1089 591 1131 datmos
617 1105 721 1131 6556.
782 1090 945 1131 comitia
973 1090 1068 1130 inde
1098 1089 1249 1130 habita.
1310 1089 1434 1131 creati
1465 1090 1653 1131 consules

315 1150 393 1192 Cn.
421 1148 637 1192 Cornelius
663 1152 887 1201 Lentulus,
912 1152 962 1192 P.
987 1151 1133 1192 Aelius
1157 1151 1312 1193 Paetus
1321 1169 1331 1201 3
1357 1159 1566 1206 praetores
1589 1152 1652 1193 M.

312 1213 455 1254 Iunius
470 1214 658 1263 Pennus,
685 1215 750 1254 cui
776 1230 863 1255 sors
888 1215 1046 1255 urbana
1066 1215 1218 1263 evenit,
1244 1214 1306 1255 M.
1321 1215 1514 1257 Valerius
1533 1215 1653 1256 Falto

312 1274 516 1324 Bruttios,
541 1275 602 1316 M.
621 1276 777 1316 Fabius
801 1277 937 1317 Buteo
964 1273 1214 1325 Sardiniam,
1239 1275 1289 1316 P.
1314 1276 1460 1317 Aelius
1487 1276 1652 1317 Tubero

271 1349 288 1378 6
316 1335 500 1377 Siciliam
530 1346 592 1378 est
624 1338 805 1378 sortitus.
866 1338 915 1378 de
945 1337 1166 1391 provinciis
1192 1338 1406 1378 consulum
1435 1338 1535 1378 nihil
1560 1346 1652 1379 ante

313 1398 502 1453 placebat
526 1399 594 1453 agi
624 1413 746 1451 quam
770 1399 895 1453 legati
918 1399 1101 1453 Philippi
1130 1399 1239 1452 regis
1272 1407 1312 1440 et
1338 1396 1654 1454 Carthaginien-

315 1460 421 1500 sium
451 1460 578 1501 auditi
608 1468 744 1501 essent
754 1478 763 1509 3
805 1460 902 1501 belli
932 1461 1055 1501 finem
1087 1460 1271 1509 alterius,
1309 1460 1474 1501 alterius
1504 1461 1654 1516 princi-

272 1536 286 1563 7
313 1522 427 1576 pium
461 1522 766 1576 prospiciebant
802 1522 960 1562 animis.
1022 1521 1100 1563 Cn.
1126 1522 1330 1563 Lentulus
1367 1522 1512 1563 consul
1541 1523 1654 1577 cupi-

313 1584 438 1624 ditate
473 1584 673 1638 flagrabat
713 1583 948 1638 provinciae
983 1583 1177 1624 Africae:
1233 1599 1305 1625 seu
1345 1584 1499 1625 bellum
1534 1585 1652 1634 foret,

313 1646 475 1686 facilem
500 1645 712 1687 victoriam
736 1646 842 1694 fore,
870 1660 942 1686 seu
966 1645 1048 1686 iam
1071 1645 1272 1695 finiretur,
1305 1646 1408 1686 finiti
1432 1646 1533 1687 tanti
1558 1646 1654 1688 belli

269 1718 288 1747 8
315 1723 359 1748 56
396 1708 563 1749 consule
598 1709 772 1762 gloriam
805 1716 963 1763 petens.
1034 1723 1186 1763 negare
1221 1708 1358 1761 itaque
1393 1709 1505 1763 prius
1543 1709 1654 1762 quic-

313 1784 435 1823 quam
455 1769 534 1825 'agi
569 1786 788 1825 passurum
817 1785 940 1825 quam
972 1770 1049 1812 sibi
1076 1770 1287 1825 provincia
1316 1770 1462 1812 Africa
1492 1771 1654 1812 decreta

313 1839 440 1881 esset,
485 1833 734 1874 concedente
771 1833 960 1887 conlega,
1005 1833 1217 1874 moderato
1252 1832 1339 1874 viro
1375 1840 1416 1873 et
1449 1833 1653 1887 prudenti,

313 1894 382 1947 qui
417 1894 570 1949 gloriae
607 1895 693 1936 eius
731 1903 937 1936 certamen
975 1909 1067 1936 cum
1104 1893 1321 1951 Scipione,
1369 1903 1653 1949 praeterquam

313 1957 423 2009 quod
468 1957 653 2010 iniquum
701 1965 828 2007 esset,
877 1958 1000 1999 ctiam
1046 1958 1178 2012 impar
1224 1957 1405 1998 futurum
1447 1957 1652 1998 cernebat.

269 2030 286 2059 9
314 2018 365 2070 Q.
391 2019 601 2061 Minucius
627 2020 832 2061 Thermus
858 2028 899 2061 et
922 2020 997 2062 Μ’.
1012 2020 1171 2060 Acilius
1200 2019 1369 2060 Glabrio
1395 2018 1544 2060 tribuni
1568 2019 1654 2073 ple-

312 2081 375 2121 bis
410 2096 498 2122 rem
532 2082 781 2136 nequiquam
818 2089 1059 2138 temptatam
1095 2083 1145 2123 ab
1176 2081 1240 2122 Ti.
1275 2079 1450 2123 Claudio
1487 2080 1654 2122 consule

249 2153 288 2182 10
316 2142 392 2184 Cn.
421 2142 659 2185 Cornelium
690 2151 889 2200 temptare
921 2145 1102 2186 aiebant:
1146 2159 1198 2185 ex
1229 2143 1467 2185 auctoritate
1491 2150 1655 2198 patrum

312 2205 439 2246 latum
464 2206 516 2247 ad
539 2207 737 2262 populum
762 2222 872 2257 esse,
900 2208 1014 2248 cuius
1040 2207 1192 2248 vellent
1215 2206 1431 2262 imperium
1453 2206 1496 2246 in
1510 2206 1656 2247 Africa

313 2282 422 2317 esse,
450 2283 590 2309 omnes
617 2269 796 2323 quinque
822 2278 861 2310 et
886 2270 1054 2324 triginta
1078 2269 1206 2310 tribus
1231 2269 1280 2310 P.
1308 2267 1492 2323 Scipioni
1513 2267 1557 2308 id
1579 2268 1655 2308 im-

248 2341 285 2369 11
311 2329 471 2383 perium
506 2331 708 2372 decresse.
768 2331 906 2372 multis
938 2331 1266 2373 contentionibus
1297 2338 1337 2371 et
1366 2330 1408 2370 in
1441 2336 1585 2370 senatu
1615 2337 1655 2370 et

314 2391 365 2431 ad
388 2393 586 2447 populum
611 2400 702 2435 acta
725 2409 791 2435 res
816 2402 1024 2449 postremo
1051 2409 1098 2435 eo
1125 2394 1300 2435 deducta
1325 2400 1400 2442 est,
1426 2399 1471 2432 ut
1496 2392 1655 2433 senatui

249 2464 287 2493 12
312 2454 606 2507 permitterent.
653 2464 791 2511 patres
816 2456 940 2511 igitur
955 2455 1086 2499 iurati
1104 2481 1137 2484 —
1155 2455 1212 2496 ita
1236 2455 1344 2496 enim
1370 2460 1654 2496 convenerat-

313 2525 576 2567 censuerunt,
612 2518 672 2559 uti
694 2519 886 2567 consules
916 2518 1148 2574 provincias
1173 2518 1278 2559 inter
1304 2532 1347 2559 56
1373 2524 1655 2571 compararent

314 2577 623 2628 sortirenturve,
659 2587 749 2621 uter
783 2580 965 2629 Italiam,
998 2587 1087 2621 uter
1124 2580 1299 2621 classem
1335 2579 1502 2620 navium
1538 2578 1652 2632 quin-

249 2649 289 2679 13
314 2639 509 2692 quaginta
533 2640 720 2682 haberet:
764 2642 829 2682 cui
854 2642 997 2683 classis
1023 2642 1278 2691 obvenisset,
1308 2641 1350 2682 in
1376 2640 1560 2682 Siciliam
1581 2654 1653 2680 na-

314 2698 472 2753 vigaret
479 2717 490 2749 3
517 2701 551 2742 si
574 2717 656 2756 pax
676 2717 769 2744 cum
783 2702 1196 2759 Carthaginiensibus
1217 2703 1406 2758 componi
1429 2701 1650 2755 nequisset,
