1815 3184
311 260 390 300 196
596 266 750 300 LIBER
774 266 943 310 XXHII,
972 266 1026 300 31.
1043 265 1102 299 32.
1131 268 1179 309 [a.
1193 277 1227 300 U.
1245 277 1274 300 c.
1287 267 1369 311 540]

244 384 283 413 1⁵2
310 369 580 410 multitudinis
600 368 763 409 obviam
784 368 927 416 issent,
954 383 1036 408 non
1055 383 1079 408 a
1097 369 1374 409 misericordia
1394 376 1462 410 aut
1480 370 1658 413 humano

309 430 496 479 consilio,
535 430 608 471 sed
637 444 688 470 ne
720 445 835 484 spem
864 430 1019 470 reditus
1050 430 1330 483 praeciderent
1360 430 1455 479 sibi,
1498 438 1537 471 et
1567 447 1658 474 cum

242 506 280 535 13
307 493 419 546 ipsos
457 492 577 532 simul
613 492 762 532 milites
798 492 902 532 fidos
940 491 1152 540 haberent,
1192 492 1312 532 simul
1348 492 1530 542 obsides,
1573 501 1658 535 tum

308 560 504 608 cognatos
525 568 688 606 quoque
708 568 848 593 eorum
868 559 990 605 atque
1009 553 1163 593 amicos
1185 560 1297 594 tanto
1313 554 1456 594 merito
1468 555 1657 608 primum,

243 628 282 657 14
308 615 402 655 dein
438 615 607 669 pignore
645 614 722 655 sibi
759 615 1031 655 conciliarent.
1102 615 1358 668 expertique,
1395 630 1518 668 quam
1554 631 1659 657 vana

307 683 376 716 aut
401 676 482 716 levi
514 691 613 716 aura
643 675 793 716 mobile
818 675 966 730 volgus
998 683 1124 724 esset,
1162 676 1333 716 militem
1362 677 1500 717 nancti
1530 692 1581 717 ex
1611 692 1658 719 eo

305 752 494 786 numero,
533 737 603 790 qui
635 737 678 776 in
707 737 924 777 Leontinis
956 737 1215 777 circumsessi
1246 744 1379 786 erant,
1424 737 1658 788 subornant,

303 806 348 839 ut
381 798 610 852 Syracusas
641 798 839 852 perferret
868 799 1057 838 nuntium
1093 799 1402 839 convenientem
1439 800 1516 848 eis,
1553 815 1657 853 quae

239 874 278 903 15
305 861 357 901 ad
375 861 521 915 Mylan
547 861 652 901 falso
677 860 861 901 nuntiata
887 867 1018 909 erant,
1045 867 1332 913 auctoremque
1359 875 1402 901 se
1428 861 1657 902 exhibendo

304 937 351 963 ac
382 923 493 963 velut
531 923 618 963 visa
649 936 753 976 quae
785 921 910 962 dubia
941 929 1054 962 erant
1089 923 1291 963 narrando
1323 923 1543 964 concitaret
1576 924 1656 964 iras

306 983 531 1024 hominum.

262 1054 277 1081 1
391 1045 592 1086 XXXII.
643 1045 754 1086 Huic
780 1061 861 1086 non
886 1052 984 1100 aput
1008 1045 1177 1100 volgum
1202 1046 1324 1086 modo
1349 1046 1450 1087 fides
1476 1045 1571 1095 fuit,
1599 1056 1660 1086 set

307 1115 492 1148 senatum
519 1122 682 1160 quoque
708 1108 749 1147 in
774 1108 927 1147 curiam
958 1107 1210 1148 introductus
1243 1108 1381 1148 movit.
1441 1108 1541 1147 haut
1565 1107 1658 1147 vani

304 1169 471 1221 quidam
496 1168 681 1209 homines
712 1169 848 1222 palam
878 1168 983 1208 ferre
1013 1169 1190 1222 perbene
1222 1169 1424 1220 detectam
1453 1169 1495 1208 in
1518 1169 1658 1208 Leon-

305 1230 399 1270 tinis
426 1244 516 1270 esse
542 1231 753 1270 avaritiem
784 1237 823 1270 et
848 1230 1129 1270 crudelitatem
1153 1230 1445 1270 Romanorum.
1501 1230 1656 1278 eadem,

305 1292 339 1332 si
375 1292 594 1332 intrassent
622 1290 869 1345 Syracusas,
907 1298 976 1331 aut
1012 1291 1194 1331 foediora
1230 1291 1369 1340 etiam,
1407 1306 1488 1344 quo
1525 1291 1656 1331 maius

304 1353 360 1393 ibi
386 1353 579 1393 avaritiae
603 1353 830 1407 praemium
856 1360 981 1401 esset,
1008 1353 1187 1393 facturos
1214 1353 1355 1393 fuisse.
1392 1353 1529 1405 itaque
1549 1353 1659 1393 clau-

305 1415 460 1455 dendas
504 1415 640 1455 cuncti
680 1422 817 1468 portas
861 1421 900 1454 et
941 1414 1251 1454 custodiendam
1293 1413 1436 1454 urbem
1479 1428 1655 1454 censere.

305 1477 377 1516 sed
406 1491 488 1516 non
519 1476 570 1516 ab
601 1476 732 1516 isdem
763 1476 894 1516 omnis
927 1476 1068 1515 timere
1099 1489 1175 1514 nec
1206 1475 1371 1515 eosdem
1409 1475 1563 1515 odisse:
1607 1475 1659 1515 ad

303 1537 476 1577 militare
507 1552 637 1591 genus
672 1551 791 1577 omne
822 1542 1061 1590 partemque
1092 1551 1285 1590 magnam
1316 1535 1448 1589 plebis
1479 1536 1657 1576 invisum

259 1609 277 1637 3
304 1613 395 1639 esse
431 1613 578 1638 nomen
611 1598 863 1646 Romanum3
905 1604 1112 1651 praetores
1150 1597 1487 1651 optimatiumque
1523 1598 1656 1651 pauci,

302 1673 551 1712 quamquam
587 1659 715 1699 inflati
751 1673 856 1698 vano
893 1659 1035 1699 nuntio
1072 1666 1203 1707 erant,
1242 1665 1378 1699 tamen
1408 1659 1460 1699 ad
1489 1659 1657 1713 propius

300 1721 639 1775 praesentiusque
665 1720 819 1760 malum
845 1720 1046 1761 cautiores
1073 1735 1176 1761 esse.

256 1788 275 1815 4
385 1782 442 1822 Et
467 1782 547 1822 iam
580 1782 632 1822 ad
662 1782 912 1835 hexapylum
945 1788 1058 1822 erant
1090 1782 1366 1836 Hippocrates
1403 1788 1524 1836 atque
1555 1781 1657 1836 Epi-

301 1844 445 1898 cydes,
484 1843 805 1896 serebanturque
843 1843 1058 1896 conloquia
1093 1859 1165 1898 per
1199 1845 1451 1898 propinquos
1487 1844 1657 1898 popula-

299 1907 423 1954 rium,
463 1906 533 1959 qui
557 1906 598 1945 in
625 1906 806 1947 exercitu
831 1912 962 1954 erant,
1001 1912 1043 1945 ut
1069 1912 1205 1959 portas
1233 1906 1434 1960 aperirent
1460 1906 1657 1946 sinerent-

300 1983 378 2021 que
405 1983 666 2009 communem
697 1968 872 2022 patriam
902 1968 1067 2008 defendi
1098 1968 1149 2009 ab
1180 1968 1336 2022 impetu
1360 1967 1653 2008 Romanorum.

256 2040 274 2067 5
299 2030 380 2070 iam
405 2030 498 2070 unis
524 2029 680 2070 foribus
706 2029 901 2083 hexapyli
926 2030 1075 2083 apertis
1102 2030 1234 2083 coepti
1259 2035 1373 2069 erant
1396 2029 1534 2082 recipi,
1562 2043 1654 2068 cum

299 2099 505 2145 praetores
526 2092 842 2131 intervenerunt.
882 2097 920 2130 et
940 2091 1070 2145 primo
1089 2091 1259 2145 imperio
1278 2090 1494 2143 minisque,
1510 2089 1655 2130 deinde

299 2153 539 2193 auctoritate
577 2153 836 2200 deterrendo,
873 2159 1100 2206 postremo,
1137 2159 1183 2192 ut
1219 2152 1355 2192 omnia
1391 2167 1498 2192 vana
1528 2160 1654 2200 erant,

300 2214 415 2255 obliti
445 2214 670 2254 maiestatis
702 2214 891 2267 precibus
924 2214 1119 2269 agebant,
1155 2228 1206 2254 ne
1237 2214 1454 2268 proderent
1483 2212 1655 2266 patriam

299 2276 461 2330 tyranni
497 2282 590 2317 ante
628 2276 869 2316 satellitibus
901 2283 940 2316 et
971 2283 1058 2317 tum
1095 2275 1400 2330 corruptoribus
1439 2275 1653 2315 exercitus.

256 2348 273 2377 6
301 2338 373 2378 sed
400 2338 546 2378 surdae
577 2338 629 2378 ad
658 2338 700 2377 id
730 2337 912 2378 omnium
939 2353 1076 2387 aures,
1115 2338 1339 2378 concitatae
1369 2336 1653 2384 multitudinis,

299 2408 430 2448 erant,
462 2413 537 2440 nec
562 2399 717 2439 minore
742 2399 851 2439 intus
877 2399 917 2439 vi
943 2414 1067 2452 quam
1091 2400 1189 2440 foris
1215 2405 1356 2453 portae
1381 2397 1656 2452 effringeban-

299 2467 381 2509 tur,
421 2460 681 2514 effractisque
707 2460 897 2501 omnibus
929 2468 1013 2501 toto
1037 2461 1241 2515 hexapylo
1267 2474 1417 2514 agmen
1446 2466 1655 2513 receptum

257 2534 271 2561 7
301 2530 374 2562 est.
423 2529 631 2575 praetores
662 2522 705 2562 in
728 2522 1011 2562 Achradinam
1037 2537 1131 2563 cum
1161 2523 1371 2562 iuventute
1395 2520 1654 2575 popularium

300 2582 556 2637 confugiunt.
616 2584 870 2624 mercennari
900 2584 1049 2625 milites
1080 2583 1361 2638 perfugaeque
1392 2589 1431 2623 et
1455 2581 1654 2635 quidquid

299 2644 506 2698 regiorum
536 2645 710 2685 militum
738 2644 956 2700 Syracusis
988 2653 1073 2686 erat
1103 2660 1253 2700 agmen
1282 2645 1463 2686 hostium
1488 2648 1650 2696 augent.

255 2714 274 2745 8
301 2705 357 2744 ita
374 2704 613 2746 Achradina
637 2721 799 2759 quoque
823 2707 955 2760 primo
979 2707 1136 2761 impetu
1160 2707 1318 2760 capitur
1341 2711 1652 2759 praetorumque

260 1362 277 1391 10
