1815 3184
480 219 631 254 LIBER
655 221 782 266 xxx,
806 221 962 256 21—23.
990 223 1039 265 [a.
1055 220 1093 255 c,
1109 220 1190 265 203]
1422 213 1505 256 505

168 321 271 364 balis
297 331 494 376 quantum
524 323 687 365 terroris
719 324 975 379 pavorisque
996 339 1087 366 esse
1111 325 1346 367 meminisse
1355 342 1365 375 3
1403 341 1504 379 quas

168 385 315 426 deinde
340 386 496 435 clades,
522 400 625 439 quos
649 386 783 427 luctus
807 386 1018 428 incidisse!
1056 387 1145 428 visa
1169 395 1304 429 castra
1326 388 1506 430 hostium

167 461 189 487 e
226 447 351 488 muris
388 447 500 488 urbis
510 464 520 497 3
569 462 673 501 quae
708 454 804 489 vota
846 449 1100 504 singulorum
1140 450 1506 504 universorumque

166 507 312 549 fuisse!
351 509 537 561 quotiens
562 509 604 550 in
629 510 810 551 conciliis
835 525 957 551 voces
982 527 1127 552 manus
1154 512 1207 552 ad
1232 512 1388 553 caelum
1412 528 1507 568 por-

167 569 350 624 gentium
375 570 554 620 auditas,
580 585 631 612 en
654 585 850 624 umquam
874 572 941 613 ille
967 573 1053 613 dies
1079 573 1240 614 futurus
1266 581 1393 624 esset,
1425 589 1505 628 quo

167 645 340 672 vacuam
386 632 572 673 hostibus
619 633 783 674 Italiam
829 634 939 675 bona
984 649 1085 689 pace
1120 636 1334 676 florentem
1379 636 1506 677 visuri

167 693 329 734 essent!
378 694 542 735 dedisse
577 694 620 734 id
656 695 754 736 deos
792 696 958 737 tandem
993 704 1109 738 sexto
1147 697 1305 739 decimo
1341 698 1505 739 demum

167 770 293 804 anno,
330 770 406 797 nec
436 770 528 797 esse
554 756 665 810 (fuit)
692 757 761 810 qui
791 757 878 798 deis
910 765 1047 813 grates
1080 760 1261 814 agendas
1293 768 1504 810 censea.nt.;

167 818 269 859 adeo
299 833 351 859 ne
383 819 668 860 advenientem
704 820 868 873 quidem
903 820 1077 875 gratiam
1112 821 1297 863 homines
1327 823 1504 878 benigne

166 880 368 935 accipere,
393 881 545 921 nedum
568 888 613 922 ut
636 882 878 936 praeteritae
905 882 1003 924 satis
1028 898 1231 925 memores
1258 884 1350 925 sint.
1410 899 1506 926 con-

165 942 385 983 clamatum
416 943 562 984 deinde
593 958 644 984 ex
674 944 785 984 omni
818 952 933 999 parte
965 944 1099 985 curiae
1131 953 1211 994 est,
1248 946 1307 986 uti
1336 947 1505 988 referret

164 1004 213 1045 P.
240 1004 386 1045 Aelius
422 1012 604 1059 praetor,
643 1005 949 1059 decretumque,
986 1013 1031 1046 ut
1066 1007 1244 1060 quinque
1281 1008 1367 1050 dies
1398 1010 1505 1050 circa

164 1066 301 1106 omnia
329 1066 559 1121 pulvinaria
589 1067 886 1120 supplicaretur
916 1067 1199 1122 victumaeque
1230 1070 1404 1112 maiores
1429 1072 1504 1112 im·—

163 1128 412 1169 molarentur
436 1135 600 1168 centum
624 1128 782 1183 viginti.

245 1190 335 1230 Iam
366 1190 535 1231 dimisso
560 1190 707 1231 Laelio
736 1190 966 1246 legatisque
995 1191 1246 1233 Masinissae
1278 1207 1371 1234 cum
1402 1193 1505 1235 Car-

163 1251 483 1306 thaginiensium
506 1251 665 1306 legatos
692 1252 742 1293 de
771 1266 873 1307 pace
905 1253 958 1294 ad
983 1260 1170 1294 senatum
1195 1254 1395 1296 venientis
1419 1256 1505 1296 Pu-

162 1314 279 1355 teolis
305 1314 435 1363 visos,
471 1313 566 1355 inde
592 1320 699 1355 terra
723 1322 917 1356 venturos
950 1315 1130 1357 adlatum
1156 1323 1284 1366 esset,
1320 1318 1505 1359 revocari

162 1374 212 1417 C.
238 1375 430 1416 Laelium
453 1375 624 1430 placuit,
661 1383 707 1416 ut
737 1390 875 1417 coram
906 1392 954 1417 eo
986 1378 1036 1418 de
1060 1392 1161 1432 pace
1187 1386 1389 1433 ageretur.
1450 1379 1502 1433 Q.

160 1438 332 1479 Fulvius
354 1437 483 1486 Gillo,
509 1438 669 1493 legatus
692 1438 918 1493 Scipionis,
946 1438 1312 1495 Carthaginienses
1326 1442 1504 1483 Romam

163 1500 346 1541 adduxit.
407 1499 554 1553 quibus
580 1500 716 1541 vetitis
741 1501 902 1556 ingredi
926 1502 1070 1542 urbem
1094 1502 1317 1557 hospitium
1341 1504 1383 1544 in
1407 1505 1505 1546 villa

161 1562 343 1618 publica,
370 1561 536 1603 senatus
563 1562 615 1602 ad
640 1562 783 1603 aedem
806 1562 1006 1604 Bellonae
1032 1563 1150 1604 datus
1177 1572 1251 1605 est.

245 1624 398 1665 XXH.
462 1623 705 1665 Orationem
741 1625 913 1665 eandem
949 1625 1077 1665 ferme
1114 1640 1236 1678 quam
1274 1628 1383 1681 apud
1413 1627 1503 1669 Sci-

160 1687 325 1741 pionem
356 1686 604 1735 lmbuerunt,
642 1686 805 1741 culpam
835 1701 998 1727 omnem
1028 1687 1125 1727 belli
1155 1703 1179 1728 a
1206 1689 1370 1743 publico
1408 1704 1504 1731 con-

161 1749 251 1789 silio
275 1748 318 1789 in
341 1748 621 1789 Hannibalem
645 1756 869 1790 vertentes:
913 1764 1006 1790 eum
1036 1749 1193 1790 iniussu
1224 1759 1389 1793 senatus
1421 1768 1502 1794 non

160 1810 282 1865 Alpis
319 1810 460 1859 modo,
509 1811 583 1852 sed
617 1811 822 1852 Hiberum
859 1825 1019 1865 quoque
1057 1818 1379 1867 transgressum,
1426 1829 1504 1856 nec

159 1872 358 1913 Romanis
386 1872 536 1922 solum,
575 1873 648 1914 sed
677 1880 770 1914 ante
801 1874 924 1914 etiam
951 1872 1191 1929 Saguntinis
1222 1875 1381 1930 privato
1407 1890 1503 1918 con-

161 1935 250 1976 silio
280 1935 435 1976 bellum
464 1935 670 1976 intulisse:
710 1936 870 1977 senatui
900 1950 946 1977 ac
976 1937 1128 1991 populo
1155 1935 1500 1993 Carthaginiensi,

160 1997 194 2037 si
224 1997 314 2050 quis
345 2012 440 2038 vere
474 1997 679 2047 aestimet,
717 1998 864 2039 foedus
902 1999 954 2038 ad
990 2013 1080 2039 eam
1118 1999 1225 2039 diem
1260 1999 1502 2041 inviolatum

160 2074 251 2100 esse
287 2073 380 2099 cum
408 2059 622 2100 Romanis,
692 2059 830 2113 itaque
867 2060 968 2100 nihil
1005 2060 1115 2101 aliud
1152 2061 1229 2102 sibi
1264 2063 1503 2103 mandatum

160 2135 252 2161 esse
276 2121 334 2160 uti
360 2128 546 2175 peterent
570 2135 693 2174 quam
717 2129 762 2161 ut
784 2122 827 2162 in
846 2136 895 2162 ea
912 2136 1032 2176 pace,
1059 2137 1162 2175 quae
1181 2130 1389 2177 postremo
1409 2138 1503 2164 cum

161 2180 210 2222 C.
237 2182 407 2223 Lutatio
438 2183 548 2224 facta
577 2190 705 2232 esset,
743 2198 908 2224 manere
944 2183 1096 2225 liceret.
1156 2199 1249 2225 cum
1278 2200 1391 2226 more
1422 2193 1503 2226 tra-

160 2244 243 2285 dito
281 2260 304 2285 a
338 2245 522 2299 patribus
564 2252 811 2300 potestatem
850 2246 1151 2301 interrogandi,
1202 2247 1237 2288 si
1278 2247 1368 2300 quis
1405 2247 1504 2301 quid

159 2306 299 2356 vellet,
336 2307 494 2362 legatos
525 2316 688 2362 praetor
717 2308 885 2349 fecisset
915 2308 1196 2362 senioresque,
1234 2310 1303 2364 qui
1327 2310 1502 2351 foederi-

159 2368 236 2409 bus
272 2368 558 2419 interfuerant,
603 2370 682 2411 alia
718 2370 785 2411 alii
820 2370 1120 2426 interrogarent
1153 2386 1229 2412 nec
1265 2373 1501 2414 meminisse

158 2445 232 2485 per
257 2437 432 2471 aetatem
457 2456 489 2460 —
513 2432 663 2473 etenim
688 2448 829 2474 omnes
855 2433 983 2474 ferme
1008 2433 1176 2475 iuvenes
1203 2442 1319 2475 erant
1336 2460 1369 2464 —
1393 2435 1502 2476 dice-

158 2499 249 2532 rent
274 2492 417 2547 legati,
455 2494 754 2535 conclamatum
784 2510 835 2536 ex
859 2495 970 2536 omni
999 2503 1115 2550 parte
1140 2496 1274 2537 curiae
1301 2504 1381 2547 est,
1416 2497 1501 2538 Pu-

159 2554 251 2595 nica
275 2555 418 2596 fraude
445 2555 595 2597 electos
628 2557 696 2610 qui
720 2564 901 2599 veterem
929 2573 1074 2613 pacem
1097 2565 1346 2614 repeterent,
1384 2559 1499 2601 cuius

159 2616 239 2671 ipsi
262 2632 345 2658 non
369 2618 664 2660 meminissent.

244 2678 420 2720 XXIII.
458 2680 619 2722 Emotis
645 2681 792 2723 deinde
817 2681 928 2723 curia
951 2682 1098 2738 legatis
1125 2683 1351 2739 sententiae
1375 2683 1498 2724 inter-

1532 899 1572 928 10

1532 1210 1568 1238 11

1532 1394 1570 1424 12

1528 1766 1545 1795 KQ

1527 1952 1545 1981 Οἳ

1527 2199 1546 2228 5

1526 2510 1544 2540 6

1525 2698 1540 2727 1
