1815 3184
447 226 600 261 LIBER
623 225 810 269 XXVIII,
836 223 890 258 22.
910 222 964 257 23.
993 225 1042 266 [a.
1059 221 1193 266 [2206]
1416 211 1499 252 409

144 347 285 386 pugna
322 331 411 371 fuit.
470 330 609 383 itaque
644 329 789 383 pulsus
827 341 972 380 eques,
1012 326 1079 379 qui
1113 325 1270 380 primus
1308 340 1352 366 se
1389 323 1499 364 hosti

146 393 368 441 obtulerat,
407 399 604 432 terrorem
628 390 765 430 intulit
787 388 869 429 levi
900 396 1150 436 armaturae,
1187 394 1498 442 pugnatumque

147 455 224 496 sub
248 454 340 509 ipso
366 454 474 494 vallo
500 454 624 501 foret,
661 452 704 491 ni
727 452 852 491 robur
876 450 1087 504 legionum
1110 444 1337 504 perexiguo
1362 449 1415 488 ad
1438 447 1501 488 in-

148 516 389 557 struendum
427 515 522 555 dato
559 522 744 568 tempore
781 513 911 553 aciem
948 511 1188 552 detexisset.
1247 511 1305 551 ibi
1336 524 1499 563 quoque
1528 522 1567 551 14

148 578 397 632 trepidatum
431 592 652 631 parumper
689 576 797 616 circa
828 574 947 628 signa
977 580 1058 622 est,
1096 588 1188 613 cum
1220 572 1331 613 caeci
1362 572 1500 612 furore

146 639 187 679 in
224 639 395 679 vulnera
432 652 480 678 ac
516 638 670 678 ferrum
712 635 904 677 vaecordi
946 635 1118 676 audacia
1156 642 1334 675 ruerent.
1407 633 1501 674 dein

149 708 267 741 vetus
293 701 430 748 miles,
458 700 656 740 adversus
683 698 922 739 temerarios
942 697 1121 751 impetus
1140 696 1347 751 pertinax,
1375 695 1501 736 caede

147 762 373 816 primorum
413 761 668 813 insequentis
712 759 955 814 suppressit.
1026 767 1198 799 conatus
1241 757 1364 812 paulo
1406 763 1568 811 Dost15

147 825 253 864 ultro
278 824 429 864 inferre
454 824 621 878 pedem,
652 830 697 862 ut
722 821 928 862 neminem
954 821 1098 861 cedere
1124 828 1246 873 atque
1271 819 1500 860 obstinatos

148 885 250 925 mori
275 886 318 925 in
345 885 518 939 vestigio
544 898 748 937 quemque
775 898 849 923 suo
875 882 994 930 vidit,
1020 882 1229 936 patefacta
1254 881 1359 929 acie,
1392 880 1503 933 quod

147 955 192 987 ut
217 947 353 987 facere
377 953 521 1000 posset
543 945 762 985 multitudo
788 952 1038 984 armatorum
1056 943 1176 983 facile
1197 943 1501 997 suppeditabat,

149 1023 302 1049 cornua
326 1007 507 1048 hostium
532 1007 766 1061 amplexus,
803 1005 846 1044 in
875 1005 1018 1045 orbem
1046 1004 1271 1058 pugnantis
1298 1004 1350 1044 ad
1374 1018 1503 1043 unum

149 1069 282 1110 omnis
308 1068 470 1108 occidit.

230 1129 411 1169 XXIII.
459 1128 602 1180 Atque
628 1128 730 1168 haec
755 1134 894 1168 tamen
919 1126 1101 1168 hostium
1123 1127 1322 1167 iratorum
1348 1139 1395 1166 ac
1414 1132 1501 1166 tum
1532 1139 1543 1167 1

147 1191 327 1232 maxime
359 1190 641 1231 dimicantium
675 1188 762 1244 [vis
795 1198 836 1230 et
865 1189 1043 1243 impetus
1074 1189 1117 1228 in
1153 1188 1263 1229 viros
1301 1186 1500 1241 armatos]

146 1252 453 1308 pugnantisque
496 1252 697 1299 edebant3
746 1251 906 1292 foedior
948 1251 1028 1290 alia
1068 1250 1111 1290 in
1145 1250 1247 1290 urbe
1283 1249 1501 1289 trucidatio

149 1324 254 1364 erat,
292 1328 387 1354 cum
416 1314 580 1353 turbam
610 1313 858 1354 feminarum
887 1326 1192 1367 puerorumque
1222 1311 1418 1351 inbellem
1442 1311 1505 1350 in-

149 1390 385 1428 ermemque
422 1375 532 1415 cives
573 1375 636 1415 sui
673 1375 892 1415 caederent
929 1382 970 1415 et
1004 1374 1046 1414 in
1079 1388 1325 1414 succensum
1355 1387 1504 1426 rogum

149 1437 392 1479 semianima
420 1436 616 1491 pleraque
653 1436 853 1476 inicerent
891 1450 1063 1490 corpora
1091 1435 1250 1488 rivique
1288 1434 1502 1489 sanguinis

147 1500 357 1539 flammam
393 1498 593 1539 orientem
627 1499 951 1552 restinguerent:
994 1506 1204 1551 postremo
1240 1496 1338 1551 ipsi,
1377 1496 1503 1536 caede

150 1560 383 1602 miseranda
409 1575 578 1600 suorum
602 1560 782 1613 fatigati,
811 1575 904 1599 cum
930 1559 1054 1599 armis
1079 1559 1215 1599 medio
1240 1557 1430 1598 incendio
1458 1572 1502 1597 se

148 1623 388 1663 iniecerunt.
426 1622 508 1662 iam
534 1621 650 1661 caedi
674 1630 932 1675 perpetratae
958 1621 1134 1661 victores
1155 1619 1334 1660 Romani
1361 1634 1503 1673 super-
1529 1632 1548 1661 3

150 1691 362 1725 venerunt.
423 1697 470 1723 ac
494 1683 626 1738 primo
652 1691 876 1737 conspectu
901 1690 985 1723 tam
1010 1682 1157 1723 foedae
1187 1681 1247 1722 rei
1271 1681 1504 1721 mirabundi

148 1761 369 1801 parumper
401 1745 707 1799 obstipuerunt3
751 1745 864 1793 dein,
903 1759 995 1784 cum
1028 1759 1171 1784 aurum
1204 1750 1503 1797 argentumque
1529 1757 1548 1785 4

149 1809 312 1849 cumulo
336 1823 475 1848 rerum
500 1807 671 1847 aliarum
694 1807 933 1846 interfluens
961 1806 1154 1846 aviditate
1173 1805 1313 1860 ingeni
1334 1805 1503 1845 humani

148 1885 292 1924 rapere
319 1884 370 1909 ex
394 1868 482 1923 igni
507 1869 677 1917 vellent,
704 1868 880 1922 correpti
906 1867 973 1908 alii
997 1868 1164 1908 flamma
1189 1874 1297 1915 sunt,
1324 1866 1392 1906 alii
1417 1881 1504 1906 am-

149 1931 259 1972 busti
285 1931 438 1971 adflatu
463 1930 647 1985 vaporis,
681 1944 774 1970 cum
798 1938 987 1984 receptus
1015 1929 1158 1984 primis
1183 1936 1357 1983 urgente
1383 1929 1504 1969 turba

149 2008 232 2033 non
258 2000 381 2034 esset.
437 1993 494 2033 ita
518 1994 683 2046 Astapa
709 1992 796 2032 sine
821 1992 976 2046 praeda
999 1992 1175 2031 militum
1199 1991 1308 2032 ferro
1333 1990 1502 2045 ignique
1528 2005 1546 2032 ῖ)

149 2055 369 2108 absumpta
394 2062 469 2095 est.
524 2054 709 2094 Marcius
737 2054 882 2094 ceteris
910 2053 996 2093 eius
1022 2052 1202 2107 regionis
1228 2060 1341 2093 metu
1365 2052 1407 2092 in
1433 2053 1504 2092 dc-

149 2115 347 2155 ditionem
390 2116 569 2170 acceptis
614 2115 811 2156 victorem
848 2114 1074 2155 exercitum
1111 2112 1409 2168 Carthaginem
1452 2113 1503 2153 ad

151 2176 390 2230 Scipionem
414 2177 579 2217 reduxit
590 2209 599 2218 .

231 2238 315 2278 Per
358 2253 428 2279 eos
471 2239 585 2293 ipsos
631 2239 718 2279 dies
760 2239 962 2294 perfugae
999 2254 1023 2279 a
1060 2237 1249 2279 Gadibus
1286 2244 1501 2286 venerunt,
1529 2251 1546 2280 G

147 2300 389 2354 pollicentes
427 2301 572 2340 urbem
596 2301 885 2354 Punicumque
921 2300 1191 2355 praesidium,
1230 2299 1340 2351 quod
1376 2299 1418 2339 in
1455 2314 1504 2339 ea

148 2361 248 2401 urbe
287 2369 415 2411 esset,
454 2370 494 2402 et
530 2362 821 2417 imperatorem
850 2362 1046 2417 praesidii
1076 2376 1170 2402 cum
1200 2361 1333 2401 classe
1364 2361 1502 2415 prodi-

147 2432 261 2464 turos
289 2439 394 2465 esse.
453 2424 585 2479 Mago
611 2425 667 2465 ibi
698 2440 749 2465 ex
773 2425 876 2479 fuga
906 2424 1145 2465 substiterat
1176 2423 1435 2475 navibusque
1459 2423 1502 2462 in
1530 2436 1545 2464 7

149 2485 321 2527 Oceano
356 2487 537 2527 collectis
571 2487 826 2540 aliquantum
857 2486 1102 2527 auxiliorum
1134 2492 1176 2526 et
1205 2492 1318 2525 trans
1350 2485 1502 2524 fretum

148 2563 199 2588 ex
223 2548 371 2589 Africa
402 2564 474 2589 ora
504 2556 544 2589 et
575 2564 628 2589 ex
658 2548 870 2603 proximis
888 2548 1121 2603 Hispaniae
1152 2547 1254 2588 locis
1284 2562 1358 2602 per
1383 2547 1502 2587 Han-

146 2625 297 2651 nonem
332 2612 590 2666 praefecttun
626 2618 830 2665 coegerat.
889 2611 970 2652 fide
1002 2618 1172 2665 accepta
1203 2609 1379 2662 dataque
1409 2623 1502 2663 per·
1526 2620 1545 2650 8

146 2672 257 2726 fugis
284 2679 325 2713 et.
348 2673 535 2714 Marcius
562 2688 610 2714 eo
642 2687 735 2713 cum
760 2672 963 2728 expeditis
994 2671 1232 2713 cohortibus
1264 2678 1304 2712 et
1328 2670 1500 2711 Laelius

1528 1263 1546 1291 [ὗ
