1815 3184
266 218 271 223 ·
294 235 377 276 344
585 241 737 275 LIBER
762 239 929 282 XXVII,
957 240 1009 273 16.
1031 240 1083 273 17.
1113 242 1160 282 [a.
1175 251 1209 273 u.
1225 251 1254 274 0.
1268 240 1350 283 545]

247 360 265 389 9
290 345 419 397 linqui
442 343 574 384 iussit.
634 357 775 383 murus
800 342 912 391 inde,
951 341 1021 394 qui
1045 340 1186 382 urbem
1220 341 1270 382 ab
1297 355 1388 382 aree
1414 342 1639 392 dirimebat,

292 407 449 446 dirutus
475 412 537 446 est
562 420 609 446 ac
633 405 841 446 disiectus.

374 467 490 507 Dum
515 467 616 507 haec
641 473 834 521 aguntur,
873 466 1102 516 Hannibal,
1140 469 1174 508 is
1207 467 1275 520 qui
1302 466 1545 508 Cauloniam
1570 468 1641 509 ob-

226 544 265 572 10
291 528 478 570 sidebant
501 529 544 569 in
568 529 815 569 deditionem
841 529 1037 583 acceptis,
1069 529 1208 570 audita
1232 529 1535 583 oppugnatione
1561 529 1642 569 Ta-

226 789 260 817 11

225 1220 263 1249 13

225 1405 264 1433 14

226 1529 264 1557 15>

226 1713 263 1741 16

246 2205 263 2233 ῑὺ

247 2391 265 2418 02

290 591 394 631 renti
425 591 512 631 dies
542 598 764 643 noctesque
796 591 948 631 cursim
977 591 1140 644 agmine
1172 597 1280 639 acto,
1320 605 1413 631 cum
1443 590 1641 630 festinans

292 652 345 692 ad
376 666 495 705 opem
526 651 737 692 ferendam
769 658 930 705 captam
959 651 1103 692 urbem
1133 652 1333 700 audisset,
1379 656 1437 692 ‘et
1465 651 1642 692 Romani

291 728 411 754 suum
437 713 733 754 Hannibalem'
758 713 889 766 inquit
916 712 1102 753 ‘habentz
1130 713 1271 753 eadem
1297 727 1378 765 qua
1403 727 1640 766 ceperamus

290 782 375 815 arte
401 775 626 815 Tarentum
651 774 894 815 amisimus.’
942 789 993 814 110
1019 781 1155 814 tamen
1179 773 1374 828 fugientis
1400 775 1522 815 modo
1548 789 1643 814 eon-

292 837 461 877 vertisse
487 850 636 891 agmen
660 836 882 885 videretur,
920 851 1001 889 quo
1027 836 1291 877 constituerat
1315 836 1425 885 1000,
1464 837 1642 889 quinque

288 900 400 941 milia
430 899 558 940 ferme
591 899 641 939 ab
671 899 772 939 urbe
802 900 939 953 posuit
971 905 1115 940 eastra.
1181 898 1238 939 ibi
1273 914 1426 953 paucos
1462 905 1642 939 moratus

291 962 377 1002 dies
402 961 690 1015 Metapontum
722 975 812 1001 sese
841 961 1006 1015 recepit.
1071 961 1165 1001 inde
1202 961 1305 1001 duos
1336 960 1642 1014 Metapontinos

289 1038 383 1063 eum
407 1023 550 1063 litteris
575 1022 805 1076 principum
830 1023 916 1063 eius
943 1022 1117 1062 civitatis
1143 1023 1195 1062 ad
1218 1021 1395 1062 Fabium
1420 1022 1644 1063 Tarentum

289 1085 429 1133 mittit,
466 1084 588 1124 fidem
620 1083 671 1124 ab
709 1084 875 1124 consule
912 1090 1171 1137 accepturos,
1208 1083 1394 1137 inpunita
1425 1083 1473 1123 iis
1509 1083 1644 1136 priora

288 1145 394 1195 fore,
433 1146 466 1185 si
497 1145 787 1198 Metapontum
824 1145 911 1197 (iis)
944 1158 1036 1185 cum
1073 1145 1277 1198 praesidio
1314 1144 1472 1184 Punico
1508 1144 1644 1197 prodi-

289 1207 456 1248 dissent.
516 1206 670 1247 Fabius
708 1221 804 1246 vera
839 1220 943 1258 quae
980 1205 1185 1246 adferrent
1221 1220 1312 1246 esse
1347 1213 1478 1254 ratus,
1522 1205 1642 1254 diem,

289 1283 370 1322 qua
405 1282 646 1309 accessurus
685 1274 793 1308 esset
817 1267 1125 1321 Metapontum,
1164 1267 1371 1307 constituit
1407 1267 1644 1319 litterasque

288 1331 341 1370 ad
376 1330 580 1384 principes
618 1330 746 1377 dedit,
795 1344 899 1382 quae
936 1329 988 1369 ad
1024 1328 1303 1369 Hannibalem
1340 1328 1498 1368 delatae
1535 1335 1641 1368 sunt.

290 1391 495 1432 enimvero
530 1391 661 1431 laetus
700 1405 895 1431 successu
929 1390 1104 1437 fraudis,
1143 1390 1176 1429 si
1211 1404 1262 1429 ne
1286 1389 1442 1429 Fabius
1479 1389 1644 1441 quidem

288 1453 382 1494 dolo
424 1453 600 1502 invictus
643 1452 812 1500 fuisset,
861 1451 972 1491 haud
1012 1450 1154 1504 procul
1190 1450 1433 1503 Metaponto
1474 1450 1643 1491 insidias

290 1515 414 1568 ponit.
472 1513 604 1555 Fabio
635 1513 881 1566 auspicanti,
920 1512 1158 1565 priusquam
1190 1512 1451 1566 egrederetur
1481 1511 1531 1552 ab
1563 1511 1645 1552 Ta-

288 1583 419 1624 rento,
458 1590 554 1616 aves
593 1574 718 1615 semel
755 1582 876 1626 atque
912 1574 1058 1614 iterum
1089 1588 1171 1613 non
1201 1573 1463 1622 addixerunt3
1511 1573 1645 1614 hostia.

288 1652 450 1690 quoque
477 1651 598 1677 caesa
619 1636 847 1676 consulenti
866 1635 964 1676 deos
984 1635 1191 1688 haruspex
1212 1635 1439 1675 cavendum
1459 1650 1483 1675 a
1500 1634 1644 1675 fraude

288 1699 427 1739 hostili
465 1705 504 1739 et
540 1698 591 1739 ab
628 1697 786 1738 insidiis
822 1697 1036 1751 praedixit.
1096 1696 1389 1750 Metapontini,
1427 1702 1644 1750 postquam

290 1761 341 1800 ad
368 1760 633 1801 constitutum
658 1774 739 1800 non
766 1765 931 1799 venerat
957 1759 1082 1807 diem,
1119 1758 1281 1799 remissi
1311 1765 1355 1798 ut
1386 1763 1642 1798 cunctantem

288 1822 548 1863 hortarentur
573 1836 619 1862 30
650 1828 816 1875 repente
848 1820 1119 1874 conprehensi
1149 1827 1260 1861 metu
1291 1819 1489 1874 gravioris
1521 1833 1645 1872 quae-

290 1884 432 1924 stionis
460 1884 656 1938 detegunt
679 1882 864 1923 insidias.

373 1945 522 1985 XVII.
594 1944 779 1985 Aestatis
806 1944 892 1985 eius
918 1944 1134 1998 principio,
1173 1958 1254 1996 qua
1277 1943 1377 1983 haec
1403 1942 1642 1997 agebantur,

289 2007 338 2047 P.
368 2005 508 2060 Scipio
539 2007 579 2046 in
611 2006 816 2060 Hispania
847 2020 940 2046 cum
970 2005 1147 2046 hiemem
1177 2011 1304 2046 totam
1334 2004 1643 2045 reconciliandis

290 2068 555 2109 barbarorum
587 2068 733 2108 animis
770 2068 918 2122 partim
949 2067 1086 2116 donis,
1122 2067 1270 2121 partim
1300 2065 1541 2106 remissione
1572 2064 1644 2105 ob-

291 2131 425 2170 sidum
446 2131 782 2184 captivorumque
805 2129 1116 2184 absumpsisset,
1142 2128 1307 2169 Edesco
1328 2128 1379 2168 ad
1398 2142 1492 2167 eum
1511 2127 1643 2167 clarus

290 2192 393 2232 inter
417 2192 543 2232 duces
569 2191 783 2246 Hispanos
809 2192 932 2232 venit.
992 2197 1107 2232 erant
1132 2190 1309 2231 coniunx
1333 2189 1531 2242 liberique
1557 2189 1644 2229 eius

290 2254 399 2307 apud
423 2254 654 2302 Romanos3
693 2254 765 2294 sed
789 2259 949 2307 praeter
973 2268 1063 2293 eam
1089 2267 1255 2293 causam
1281 2251 1403 2292 etiam
1428 2251 1539 2291 velut
1564 2249 1646 2291 for-

290 2315 391 2355 tuita
415 2315 624 2356 inclinatio
650 2315 897 2363 animorum,
936 2328 1041 2367 quae
1066 2314 1315 2368 Hispaniam
1342 2326 1505 2353 omnem
1530 2326 1645 2352 aver-

291 2383 392 2417 terat
417 2378 469 2417 ad
493 2377 727 2417 Romanum
753 2392 776 2417 a
801 2376 959 2417 Punico
984 2376 1155 2430 imperio
1164 2407 1174 2425 ‚
1201 2375 1321 2415 traxit
1347 2389 1452 2414 eum.
1502 2373 1645 2414 eadem

293 2453 417 2478 eausa
447 2438 614 2479 Indibili
644 2438 953 2492 Mandonioque
984 2438 1078 2486 fuit,
1116 2437 1226 2477 haud
1257 2436 1379 2477 dubie
1412 2435 1542 2476 omnis
1568 2434 1646 2475 Hi-

293 2500 459 2552 spaniae
484 2500 755 2555 principibus,
795 2515 888 2541 cum
921 2500 1031 2541 omni
1060 2499 1320 2553 popularium
1352 2512 1476 2538 manu
1506 2496 1645 2536 relicto

292 2561 554 2602 Hasdrubale
582 2562 799 2603 secedendi
829 2562 871 2602 in
895 2561 1143 2602 imminentis
1171 2561 1314 2601 castris
1340 2560 1427 2600 eius
1452 2558 1643 2605 tumulos,

293 2623 400 2663 unde
436 2638 508 2677 per
552 2625 799 2665 continentia
834 2624 932 2678 iuga
974 2630 1084 2663 tutus
1121 2629 1309 2676 receptus
1347 2621 1399 2661 ad
1435 2620 1643 2660 Romanos

251 2697 268 2724 -1
295 2690 413 2723 esset.
485 2683 746 2733 Hasdrubal,
797 2699 891 2725 cum
932 2685 1112 2725 hostium
1153 2698 1217 2724 res
1260 2682 1381 2723 tantis
1424 2691 1644 2733 augescere
