1815 3184
505 226 657 261 LLssER
680 225 864 270 xxviii,
890 226 922 261 9.
948 228 1002 270 [a.
1018 224 1058 261 e.
1074 225 1156 270 207]
1422 216 1506 259 393

166 330 446 382 convenirent,
483 345 566 372 uno
595 338 778 386 tempore
814 329 866 370 ad
894 329 1039 370 urbem
1074 328 1332 378 accederent3
1378 328 1507 369 Prae-

165 400 280 433 neste
317 393 385 446 qui
414 392 524 447 prior
559 393 764 441 venisset,
814 391 1028 446 conlegam
1056 391 1113 432 ibi
1148 390 1325 446 opperiri
1354 390 1505 431 iussus.

165 454 270 495 forte
294 455 352 495 ita
376 455 530 504 evenit,
565 462 611 495 ut
635 454 780 495 eodem
811 454 875 494 die
907 454 1027 494 ambo
1051 454 1276 494 Praeneste
1307 452 1505 493 venirent.

164 515 259 557 inde
295 516 522 571 praemisso
559 516 711 565 edicto,
747 523 793 556 ut
828 515 960 556 triduo
990 522 1085 570 post
1115 515 1307 568 frequens
1339 522 1506 555 senatus

165 578 217 618 ad
254 579 397 619 aedem
431 578 630 619 Bellonae
667 578 848 627 adesset,
897 577 1007 618 omni
1042 577 1300 618 multitudine
1342 576 1506 617 obviam

165 640 298 681 effusa
333 641 385 680 ad
419 641 563 680 urbem
600 654 823 680 accessere.
882 655 965 680 non
1003 639 1235 680 salutabant
1264 639 1386 680 modo
1417 638 1506 679 uni-

165 702 274 742 versi
310 702 564 750 circumfusi,
614 702 688 742 sed
722 717 795 756 pro
834 716 877 742 se
914 701 1087 754 quisque
1122 700 1308 741 victrices
1341 700 1506 741 dextras

165 764 380 804 consulum
406 763 632 818 capientes,
671 763 738 803 alii
767 763 1095 818 gratulabantur,
1134 763 1201 803 alii
1231 762 1384 817 gratias
1411 777 1507 817 age-

163 825 281 874 bant,
319 825 429 879 quod
454 840 594 866 eorum
619 840 744 879 opera
766 824 981 866 incolumis
1006 840 1071 865 res
1096 824 1261 879 publica
1285 832 1406 865 esset.
1465 824 1507 864 in

165 894 311 927 senatu
347 901 439 926 cum
468 902 581 927 more
613 886 794 927 omnium
828 886 1120 940 imperatorum
1151 885 1347 940 expositis
1382 886 1506 926 rebus

165 948 216 988 ab
243 963 286 988 se
311 948 439 1002 gestis
464 947 763 1002 postulassent,
800 955 845 986 ut
873 962 948 1001 pro
972 962 1016 987 re
1046 947 1210 1001 publica
1234 947 1392 988 fortiter
1417 947 1507 987 feli-

163 1010 343 1062 citerque
391 1010 674 1049 administrata
720 1016 760 1049 et
807 1008 894 1048 deis
942 1008 1241 1049 immortalibus
1288 1009 1508 1049 haberetur

164 1071 294 1112 honos
321 1078 361 1111 et
383 1070 483 1125 ipsis
510 1069 855 1124 triumphantibus
880 1070 1025 1110 urbem
1043 1069 1143 1110 inire
1162 1069 1319 1118 liceret,
1347 1085 1390 1110 se
1409 1085 1506 1111 vero

163 1146 212 1172 ea
259 1146 363 1184 quae
408 1132 664 1185 postularent
707 1131 926 1171 decernere
966 1138 1104 1185 patres
1146 1131 1290 1172 merito
1339 1131 1508 1171 deorum

161 1192 358 1248 primum,
407 1193 502 1233 dein
539 1193 765 1233 secundum
801 1192 900 1233 deos
938 1193 1153 1233 consulum
1187 1193 1506 1247 responderunt3

163 1263 203 1296 et
239 1255 535 1309 supplicatione
572 1256 786 1296 amborum
826 1254 991 1295 nomine
1028 1262 1069 1295 et
1104 1254 1309 1309 triumpho
1345 1255 1506 1307 utrique

163 1318 346 1366 decreto,
394 1317 499 1358 inter
535 1317 667 1372 ipsos,
715 1331 767 1358 ne
804 1331 897 1357 cum
933 1316 1087 1357 bellum
1129 1316 1336 1358 communi
1371 1317 1507 1358 animo

162 1379 407 1434 gessissent,
434 1379 684 1433 triumphum
711 1386 966 1434 separarent,
997 1379 1055 1419 ita
1080 1379 1288 1428 convenit,
1319 1386 1380 1428 ut,
1408 1394 1508 1433 quo-

162 1441 273 1481 niam
304 1448 344 1481 et
372 1441 414 1480 in
442 1441 654 1495 provincia
683 1441 745 1482 M.
772 1441 885 1481 Livii
913 1456 979 1482 res
1011 1449 1130 1496 gesta
1159 1448 1269 1482 esset
1298 1449 1339 1482 et
1368 1456 1415 1483 eo
1441 1441 1506 1483 die

163 1518 243 1556 quo
268 1510 498 1557 pugnatum
522 1503 628 1543 foret
653 1503 739 1543 eius
765 1503 870 1544 forte
896 1503 1125 1558 auspicium
1154 1503 1302 1544 fuisset
1327 1511 1367 1544 et
1391 1518 1508 1544 exer-

163 1564 267 1606 citus
298 1564 500 1604 Livianus
539 1564 739 1605 deductus
769 1564 947 1605 Romam
982 1565 1182 1613 venisset,
1224 1565 1399 1606 Neronis
1437 1565 1508 1606 de-

164 1625 257 1666 duci
283 1626 333 1666 de
357 1626 569 1680 provincia
592 1641 675 1667 non
699 1627 919 1681 potuisset,
943 1634 989 1667 ut
1011 1627 1074 1668 M.
1100 1627 1270 1667 Livium
1296 1627 1506 1682 quadrigis

163 1689 306 1728 urbem
342 1688 551 1728 ineuntem
585 1688 735 1729 milites
769 1697 1054 1741 sequerentur,
1093 1687 1142 1730 C.
1171 1687 1370 1729 Claudius
1401 1703 1507 1742 equo

164 1750 251 1791 sine
276 1750 471 1791 militibus
497 1750 768 1792 inveheretm.
804 1751 862 1791 ita
880 1751 1137 1792 consociatus
1158 1751 1387 1806 triumphus
1413 1766 1506 1792 cum

162 1812 341 1865 utrique,
383 1820 470 1853 tum
506 1813 637 1867 magis
674 1813 728 1862 ei,
766 1813 853 1866 qui,
896 1821 1094 1866 quantum
1130 1813 1274 1854 merito
1312 1814 1505 1863 anteibat,

163 1881 322 1914 tantum
351 1874 506 1915 honore
539 1874 735 1928 conlegae
765 1882 963 1924 cesserat,
1000 1875 1174 1930 gloriam
1204 1875 1329 1916 auxit.
1388 1875 1505 1916 illum

103 1963 106 1967 ·
164 1936 342 1988 equitem
368 1936 531 1976 aiebant
556 1951 628 1977 sex
654 1937 811 1977 dierum
842 1937 974 1991 spatio
1005 1937 1296 1978 transcurrisse
1327 1938 1506 1992 longitu-

164 1998 301 2038 dinem
327 1998 470 2039 Italiae
502 2006 541 2039 et
572 2014 619 2040 eo
645 1999 710 2039 die
735 2013 827 2040 cum
852 1999 1117 2040 Hasdrubale
1147 2000 1189 2040 in
1216 1998 1352 2041 Gallia
1377 2000 1506 2055 signis

165 2060 336 2101 conlatis
379 2076 613 2115 pugnasse,
663 2075 742 2114 quo
786 2076 880 2102 eum
925 2068 1059 2102 castra
1101 2062 1299 2102 adversus
1338 2076 1429 2102 sese
1464 2062 1508 2102 in

163 2122 319 2176 Apulia
359 2123 494 2176 posita
535 2123 686 2164 habere
722 2123 934 2164 Hannibal
976 2123 1240 2164 credidisset:
1287 2123 1345 2164 ita
1379 2139 1507 2164 unum

165 2184 375 2224 consulem
399 2200 473 2239 pro
498 2193 669 2238 utraque
700 2192 815 2240 parte
840 2186 985 2226 Italiae
1014 2186 1211 2227 adversus
1238 2186 1340 2227 duos
1367 2186 1506 2236 duces,

165 2246 267 2286 duos
293 2246 559 2301 imperatores
591 2247 686 2287 hinc
718 2248 934 2288 consilium
965 2263 1103 2298 suum,
1142 2247 1237 2288 hinc
1262 2262 1408 2303 corpus
1435 2263 1506 2303 op-

164 2308 366 2363 posuisse.
438 2324 589 2350 nomen
617 2310 792 2351 Neronis
831 2311 929 2351 satis
966 2310 1095 2351 fuisse
1133 2310 1185 2350 ad
1215 2310 1506 2351 continendum

164 2370 308 2410 castris
329 2371 607 2412 Hannibalem
615 2388 626 2420 3
652 2372 960 2413 Hasdrubalem
984 2387 1081 2414 vero
1107 2386 1187 2425 qua
1212 2372 1291 2413 alia
1313 2387 1357 2413 re
1383 2387 1506 2426 quam

165 2432 344 2472 adventu
369 2433 455 2473 eius
481 2433 672 2474 obrutum
698 2442 819 2487 atque
849 2434 1075 2475 extinctum
1101 2435 1218 2475 esse?
1266 2434 1404 2488 itaque
1428 2434 1506 2476 iret

165 2493 266 2534 alter
296 2494 439 2535 consul
470 2494 655 2535 sublimis
687 2509 807 2535 curru
836 2496 1082 2550 multiiugis,
1119 2495 1155 2537 si
1184 2495 1325 2545 vellet,
1369 2497 1484 2550 equis
1494 2514 1505 2547 3

163 2570 245 2596 uno
271 2569 376 2608 equo
406 2571 478 2611 per
508 2557 651 2597 urbem
681 2571 824 2598 verum
849 2557 1100 2612 triumphum
1129 2558 1244 2606 vehi,
1279 2558 1506 2600 Neronem-

165 2631 260 2670 que,
288 2617 410 2658 etiam
435 2618 470 2659 si
493 2619 620 2673 pedes
645 2618 825 2668 incedat,
856 2620 922 2660 vel
941 2627 1059 2674 parta
1077 2635 1125 2661 eo
1144 2619 1252 2661 bello
1278 2620 1343 2660 vel
1368 2628 1506 2675 spreta

165 2693 213 2721 eo
260 2679 466 2736 triumpho
512 2680 643 2736 gloria
688 2681 996 2723 memorabilem
1039 2682 1139 2726 fore,
1209 2681 1252 2722 hi
1293 2696 1503 2724 sermones

1533 341 1552 370 5

1532 651 1550 680 6

1533 837 1549 865 7

1531 1082 1550 1112 S

1532 1268 1550 1298 9

1534 1392 1575 1421 10

1534 1766 1571 1795 11

1533 2139 1573 2168 13

1533 2324 1573 2354 14

1533 2449 1572 2478 15
