1815 3184
424 244 577 278 LIBER
602 244 715 286 xm,
740 243 897 277 37-39.
928 245 975 285 [a.
993 241 1030 276 0.
1046 242 1128 285 218]
1406 231 1456 271 31

103 365 182 404 que
209 365 308 391 saxa
333 350 470 389 infuso
496 354 610 388 aceto
636 346 926 401 putrefaciunt.
971 346 1027 386 ita
1052 345 1245 386 torridam
1271 344 1460 385 incendio
1487 358 1504 384 3

103 428 247 467 rupem
272 412 379 452 ferro
405 411 589 465 pandunt
614 410 882 462 molliuntque
908 408 1160 449 anfractibus
1187 407 1359 448 modicis
1391 406 1461 446 cli-

103 489 196 523 vos,
235 481 280 514 ut
310 488 391 514 non
423 473 605 512 iumenta
636 472 786 520 solum,
825 471 898 511 sed
929 470 1135 525 elephanti
1167 470 1288 510 etiam
1314 469 1462 509 deduci

103 543 285 591 possent.
335 535 611 589 quadriduum
643 535 750 574 circa
779 548 923 588 rupem
955 540 1244 587 consumptum
1270 530 1461 572 iumentis
1488 544 1505 572 4

103 614 229 653 prope
261 598 370 638 fame
402 597 650 650 absumptis:
682 596 793 636 nuda
819 596 926 636 enim
953 595 1037 636 fere
1064 595 1277 635 cacumina
1303 600 1398 635 sunt
1423 600 1461 633 et

106 662 139 701 si
165 661 263 714 quid
289 666 350 701 est
374 659 532 713 pabuli,
561 659 738 699 obruunt
758 658 887 698 nives.
924 658 1117 698 inferiora
1136 657 1263 697 valles
1284 656 1462 710 apricos-
1489 671 1507 699 5

108 721 225 778 [que]
254 722 456 775 quosdam
482 721 606 761 colles
632 720 784 761 liabent
808 721 1001 773 rivosque
1026 734 1153 773 prope
1180 719 1303 759 silvas
1325 725 1363 758 et
1381 718 1462 757 iam

105 786 285 824 humano
322 783 434 824 cultu
470 783 657 837 digniora
698 783 800 823 loca.
862 781 919 822 ibi
960 782 1143 822 iumenta
1186 781 1229 823 in
1264 779 1463 834 pabulum
1491 795 1508 822 (ῐ

108 847 235 886 missa
271 852 310 885 et
346 845 461 898 quies
498 845 719 884 muniendo
756 844 879 884 fessis
916 843 1152 884 hominibus
1190 843 1285 882 data
1316 842 1462 882 triduo.

106 909 200 948 inde
237 908 289 948 ad
323 908 491 961 planum
529 907 774 947 descensum
811 912 850 946 et
884 905 967 946 iam
1002 905 1104 946 locis
1141 904 1394 945 mollioribus
1427 911 1465 944 et

107 970 339 1011 accolarum
363 969 552 1023 ingeniis.

189 1030 458 1071 XXXVIII.
508 1030 603 1070 Hoc
629 1030 807 1070 maxime
832 1029 955 1069 modo
980 1029 1022 1068 in
1042 1028 1203 1069 Italiam
1222 1035 1465 1082 perventum
1496 1043 1504 1070 1

105 1100 184 1142 est,
211 1092 353 1145 quinto
378 1106 520 1133 mense
546 1108 569 1132 a
590 1091 842 1146 Carthagine
867 1106 992 1140 nova,
1019 1097 1064 1130 ut
1083 1090 1252 1143 quidam
1276 1096 1464 1130 auctores

106 1162 216 1204 sunt,
243 1155 384 1208 quinto
410 1155 569 1195 decimo
591 1155 655 1194 dic
670 1153 849 1208 Alpibus
871 1153 1086 1208 superatis.
1125 1158 1302 1206 quantae
1323 1152 1465 1206 copiae

105 1224 363 1272 transgresso
383 1216 424 1257 in
443 1216 605 1257 Italiam
627 1215 854 1256 Hannibali
881 1216 1050 1263 fuerint,
1076 1229 1337 1268 nequaquam
1362 1214 1467 1254 inter

108 1285 295 1320 auctores
328 1285 499 1319 constat.
549 1279 618 1331 qui
650 1278 891 1332 plurimum,
930 1284 1093 1317 centum
1125 1277 1237 1317 milia
1267 1276 1465 1331 peditum,

108 1341 254 1395 viginti
280 1341 463 1394 equitum
489 1340 619 1380 fuisse
646 1339 842 1388 scribunt,
870 1340 940 1392 qui
966 1340 1194 1388 minimum,
1222 1338 1372 1393 viginti
1392 1338 1467 1378 mi·-

107 1403 161 1443 lia
195 1403 398 1457 peditum,
443 1417 514 1444 sex
551 1403 747 1455 equitum.
808 1403 860 1442 L.
896 1402 1066 1443 Cincius
1097 1401 1353 1451 Alimentus,
1397 1401 1467 1455 qui
1494 1416 1511 1441 3

108 1471 272 1518 captum
299 1480 342 1505 se
368 1465 418 1505 ab
445 1464 679 1505 Hannibale
706 1464 865 1513 scribit,
898 1464 1078 1505 maxime
1105 1471 1246 1505 auctor
1270 1470 1465 1512 moveret,

107 1528 186 1568 nisi
222 1528 490 1568 confunderet
525 1543 741 1569 numerum
780 1526 912 1569 Gallis
949 1527 1263 1582 Liguribusque
1299 1527 1467 1568 additis:

106 1605 201 1631 cum
226 1590 289 1630 his
316 1591 523 1645 octoginta
548 1591 659 1631 milia
683 1591 885 1644 peditum,
913 1591 1055 1631 decem
1082 1590 1264 1643 equitum
1292 1590 1469 1630 adducta
1493 1603 1512 1630 4

108 1674 164 1680 —-
184 1653 225 1693 in
245 1653 364 1693 Italia
389 1653 522 1707 magis
549 1653 772 1694 adfluxisse
798 1653 884 1694 veri
910 1653 1041 1693 simile
1068 1660 1131 1693 cst
1156 1659 1195 1693 et
1219 1653 1275 1693 ita
1300 1653 1467 1706 quidam

107 1722 295 1756 auctores
323 1721 416 1755 sunt
435 1740 506 1763 —,
534 1730 585 1755 ex
609 1716 700 1769 ipso
725 1722 861 1755 autem
888 1716 1053 1756 audisse
1074 1715 1329 1763 Hannibale,
1355 1722 1469 1769 post·
1495 1728 1512 1755 5

108 1794 232 1831 quam
263 1778 513 1818 Rhodanum
544 1779 767 1827 transierit,
806 1778 972 1833 triginta
1004 1794 1077 1819 sex
1108 1778 1220 1818 milia
1256 1778 1468 1818 hominum

107 1842 399 1896 ingentemque
435 1856 651 1881 numerum
689 1856 887 1894 equorum
919 1849 958 1882 ct
989 1842 1161 1882 aliorum
1191 1841 1468 1881 iumentorum

109 1903 315 1952 amisisse,
352 1902 411 1958 [e]
446 1903 638 1943 Taurinis
675 1904 744 1955 (nc
778 1903 887 1944 Galli
918 1919 1120 1958 proxuma
1149 1918 1252 1958 gens
1289 1902 1392 1956 erat)
1428 1902 1470 1941 in

110 1965 270 2005 Italiam
302 1966 557 2019 degressum.
607 1966 649 2005 id
680 1981 771 2005 cum
803 1966 908 2006 inter
933 1980 1074 2007 omnes
1101 1971 1277 2013 constet,
1310 1979 1359 2004 eo
1384 1979 1471 2004 ma-
1497 1975 1514 2003 6

111 2027 174 2079 gis
200 2027 324 2067 miror
342 2027 507 2082 ambigi,
536 2042 714 2080 quanam
733 2027 856 2081 Alpis
876 2028 1081 2068 transierit
1101 2035 1139 2067 et
1158 2027 1284 2080 vulgo
1305 2026 1470 2066 credere

113 2088 295 2128 Poenino
320 2113 375 2118 ——
400 2096 521 2141 atquc
546 2089 642 2129 inde
668 2104 819 2129 nomen
845 2089 881 2130 ei
906 2090 1003 2143 iugo
1024 2089 1196 2142 Alpium
1223 2088 1397 2127 inditum
1417 2112 1469 2115 —

113 2156 427 2203 transgressum,
456 2150 643 2191 Coelium
669 2165 743 2204 per
768 2150 984 2191 Cremonis
1010 2151 1154 2205 iugum
1180 2150 1314 2190 dicere
1340 2156 1472 2189 trans-
1498 2161 1514 2189 7

111 2211 216 2259 isse,
260 2211 330 2263 qui
367 2212 488 2252 ambo
526 2212 653 2252 saltus
691 2228 785 2252 cum
821 2228 903 2252 non
939 2213 980 2252 in
1018 2211 1244 2260 Taurinos,
1289 2211 1360 2251 sed
1398 2225 1472 2264 per

116 2270 262 2325 Salyes
294 2280 509 2313 montanos
542 2274 593 2313 ad
619 2273 780 2314 Libuos
809 2272 952 2315 Gallos
979 2274 1233 2314 deduxerint.
1282 2287 1359 2313 nee
1383 2273 1469 2313 veri
1495 2283 1514 2313 8

115 2333 245 2373 simile
271 2340 331 2373 est
357 2348 405 2374 ea
429 2341 515 2374 tum
537 2335 589 2375 ad
610 2334 788 2376 Galliam
810 2335 992 2389 patuisse
1012 2336 1177 2384 itinera3
1204 2335 1344 2388 utique
1365 2349 1470 2387 quae

114 2395 165 2434 ad
184 2394 412 2435 Poeninum
434 2395 569 2436 ferunt
590 2395 788 2450 obsaepta
812 2397 1004 2451 gentibus
1032 2397 1343 2451 semigermanis
1370 2396 1471 2437 fuis-

115 2464 215 2496 sent.
265 2471 397 2510 neque
416 2458 579 2499 hercule
599 2459 807 2500 montibus
828 2459 911 2508 his,
939 2460 973 2500 si
993 2474 1116 2512 quem
1136 2460 1239 2500 forte
1259 2460 1301 2499 id
1320 2467 1468 2508 movet,
1497 2473 1513 2500 v

115 2518 165 2559 ab
197 2520 369 2559 transitu
394 2519 628 2561 Poenorum
660 2521 743 2561 ullo
771 2520 947 2571 Seduni,
976 2521 1170 2576 Veragri,
1202 2521 1359 2562 incolae
1384 2522 1471 2577 iugi

114 2580 219 2629 eius,
251 2582 385 2622 norint
410 2597 559 2622 nomen
584 2583 777 2632 inditum,
811 2583 884 2624 sed
910 2599 933 2624 a
958 2583 1052 2633 deo,
1086 2598 1208 2637 quem
1234 2584 1277 2624 in
1310 2599 1470 2626 summo

114 2650 318 2683 sacratum
342 2644 493 2685 vertice
518 2644 752 2685 Poeninum
777 2645 959 2686 montani
984 2646 1203 2700 appellant.

196 2705 489 2747 XXXVIIII.
529 2705 841 2761 Peropportune
868 2708 919 2749 ad
944 2708 1144 2763 principia
1167 2723 1302 2749 rerum
1324 2708 1470 2750 Tauri·
1500 2723 1508 2750 1

1492 1166 1509 1195 ῐῦ
