1815 3184
225 988 263 1016 lO

224 1050 259 1078 11

245 1853 262 1881 10

243 2350 262 2378 4

292 246 375 288 510
598 253 751 286 LIBER
774 252 903 295 xxx,
928 252 981 285 27.
1001 252 1055 285 28.
1083 253 1177 294 [ω.
1193 251 1316 294 6552]

293 357 468 398 Galliam
505 363 568 395 est
603 354 792 403 sortitus,
840 361 886 393 ut
926 354 1027 393 duas
1069 352 1253 407 legiones
1295 353 1627 408 provinciamque

291 419 466 458 traderet
492 417 529 457 ei
552 417 601 457 P.
629 416 852 467 Quintilius
877 417 1014 457 Varus
1024 432 1034 463 3
1073 414 1122 455 C.
1148 415 1294 455 Livius
1320 415 1505 455 Bruttios
1537 429 1628 456 cum

291 480 448 519 duabus
468 478 717 532 legionibus,
743 477 890 530 quibus
904 477 953 517 P.
971 476 1238 531 Sempronius
1258 476 1478 531 proconsul
1497 476 1629 531 priore

291 556 395 581 anno
420 540 670 594 praefuerat-3
710 538 788 580 Cn.
814 538 1059 579 Tremellius
1087 537 1288 587 Siciliam,
1314 545 1360 578 ut
1384 553 1407 578 a
1429 538 1479 579 P.
1504 537 1629 580 Villio

289 602 478 656 Tappulo
503 609 689 656 praetore
713 600 858 655 prioris
880 600 975 640 anni
994 599 1247 654 provinciam
1267 610 1307 640 et
1325 600 1426 640 duas
1445 599 1629 654 legiones

290 664 514 718 acciperet3
567 663 718 705 Villius
759 678 833 717 pro
868 671 1056 717 praetore
1092 662 1236 717 viginti
1272 662 1445 702 navibus
1482 661 1629 716 longis,

288 726 483 766 militibus
520 725 630 766 mille
668 740 781 765 oram
818 724 982 765 Siciliae
1019 731 1234 773 tutareturg
1276 723 1338 764 M.
1373 723 1629 778 Pomponius

288 788 433 842 viginti
456 787 629 828 navibus
649 787 814 840 reliquis
834 787 945 827 mille
966 794 1006 827 et
1025 786 1271 841 quingentos
1292 786 1439 826 milites
1454 786 1631 826 Romam

290 850 539 904 dcportaret3
573 847 622 890 C.
648 849 820 890 Aurelio
848 848 996 889 Cottae
1020 849 1178 889 urbana
1202 848 1354 897 evenit3
1392 847 1536 888 ceteris
1562 847 1630 896 ita,

288 911 346 951 uti
371 912 543 965 quisque
569 911 807 952 obtinebant
831 910 1062 967 provincias
1083 910 1386 962 exercitusque,
1412 917 1632 964 prorogata

288 973 458 1028 imperia
482 998 514 1001 —
540 972 719 1013 sedecim
754 987 836 1014 non
873 972 1046 1027 amplius
1081 987 1128 1013 eo
1162 987 1268 1013 anno
1298 971 1528 1026 legionibus
1560 970 1631 1011 de-

289 1036 452 1075 fensum
486 1034 702 1089 imperium
737 1043 860 1083 est—3
910 1044 950 1075 et
980 1041 1025 1074 ut
1062 1033 1233 1089 placatis
1272 1033 1334 1074 dis
1366 1032 1502 1074 onmia
1531 1032 1631 1072 inci-

288 1105 432 1151 perent
457 1104 725 1151 agerentque,
750 1096 888 1145 ludos,
915 1111 1017 1149 quos
1042 1096 1104 1136 M.
1127 1095 1302 1137 Claudio
1326 1095 1547 1143 EIarcellQ
1579 1095 1629 1135 T.

291 1159 484 1210 Quinctio
510 1159 746 1200 consulibus
773 1159 822 1198 T.
838 1158 1022 1198 Manlius
1049 1158 1239 1206 dictator,
1265 1171 1448 1210 quasque
1474 1156 1629 1197 hostias

290 1221 464 1261 maiores
490 1228 676 1269 voverat,
704 1220 738 1261 si
762 1235 834 1274 per
859 1219 1182 1273 quinquennium
1206 1234 1271 1259 res
1296 1218 1460 1273 publica
1485 1218 1629 1258 eodem

292 1291 399 1323 statu
424 1283 588 1331 fuisset,
614 1290 659 1323 ut
684 1298 753 1323 eos
774 1283 892 1323 ludos
913 1282 1116 1331 consules,
1142 1281 1381 1336 priusquam
1406 1282 1458 1321 ad
1476 1281 1630 1321 bellum

246 1360 253 1371 ·’
290 1344 660 1399 proficiscerentur,
687 1345 886 1393 facerent3
913 1344 1039 1384 votivi
1064 1344 1105 1383 in
1130 1344 1236 1383 circo
1261 1358 1333 1398 per
1358 1342 1630 1396 quadriduum

289 1406 387 1446 facti
412 1406 650 1458 hostiaeque
677 1406 824 1458 quibus
850 1412 969 1446 votae
996 1412 1111 1445 erant
1136 1405 1198 1445 dis
1226 1418 1384 1445 caesae.

372 1468 591 1510 XXVIII.
650 1468 763 1508 Inter
788 1467 888 1508 haec
914 1467 1034 1507 simul
1060 1481 1173 1520 spes,
1212 1465 1331 1506 simul
1357 1479 1453 1505 cura
1477 1465 1518 1504 in
1543 1464 1629 1504 dies

290 1530 515 1577 crescebat,
541 1544 618 1570 nec
638 1529 736 1570 satis
757 1536 914 1569 certum
934 1536 1121 1569 constare
1142 1535 1240 1581 aput
1260 1527 1439 1567 animum
1459 1534 1630 1581 poterat,

288 1599 423 1631 utrum
459 1591 610 1645 gaudio
647 1591 817 1645 dignum
853 1597 981 1638 esset,
1030 1589 1309 1629 Hannibalem
1345 1596 1440 1643 post
1471 1596 1632 1629 sextum

289 1653 491 1693 decimum
529 1668 681 1693 annum
717 1667 768 1693 ex
798 1652 919 1692 Italia
955 1651 1221 1692 decedentem
1258 1665 1431 1691 vacuam
1466 1665 1633 1704 posses-

289 1715 445 1755 sionem
482 1715 568 1755 eius
605 1714 820 1767 reliquisse
856 1713 1009 1768 populo
1039 1713 1248 1761 Romano,
1292 1728 1343 1753 an
1378 1712 1511 1767 magis
1547 1727 1633 1753 me-

290 1777 503 1825 tuendum,
542 1777 651 1829 quod
681 1776 875 1817 incolumi
905 1775 1087 1816 exercitu
1117 1775 1158 1815 in
1183 1775 1371 1815 Africam
1399 1775 1631 1815 transisset:

288 1839 423 1879 locum
458 1838 667 1887 nimirum,
705 1853 787 1879 non
824 1837 1051 1892 periculum
1080 1844 1300 1885 mutatum3
1349 1836 1463 1877 cuius
1494 1844 1631 1877 tantae

289 1901 558 1942 dimicationis
597 1908 750 1949 vatem,
788 1901 856 1954 qui
894 1915 1024 1954 nuper
1061 1899 1326 1947 decessisset,
1371 1897 1423 1950 Q.
1454 1898 1631 1938 Fabium

289 1964 387 2004 haut
410 1964 561 2004 frustra
586 1977 731 2004 canere
758 1963 940 2011 solitum,
972 1961 1202 2017 graviorem
1227 1961 1268 2000 in
1294 1976 1368 2002 sua
1392 1968 1499 2001 terra
1523 1959 1632 2000 futu-

287 2041 377 2066 rum
414 2026 575 2066 hostem
610 2025 890 2066 Hannibalem
926 2039 1047 2078 quam
1086 2024 1128 2064 in
1164 2023 1296 2064 aliena
1331 2023 1489 2063 fuisset.
1555 2037 1631 2062 nec

290 2087 472 2142 Scipioni
515 2094 585 2128 aut
620 2101 713 2128 cum
751 2086 962 2142 Syphace,
1005 2085 1236 2126 inconditae
1272 2085 1484 2125 barbariae
1519 2099 1630 2139 rege,

288 2150 352 2190 cui
385 2149 588 2191 Statorius
627 2150 813 2190 semilixa
849 2150 996 2190 ducere
1033 2148 1236 2189 exercitus
1275 2148 1416 2188 solitus
1455 2147 1524 2195 sit,
1561 2154 1631 2187 aut

288 2227 380 2252 cum
407 2226 546 2253 socero
573 2212 659 2252 eius
686 2211 967 2259 Hasdrubale,
1006 2210 1272 2265 fugacissimo
1298 2210 1420 2258 duce,
1455 2224 1543 2249 rem
1567 2209 1631 2248 fu-

287 2282 419 2314 turam
449 2281 518 2314 aut
547 2274 805 2314 tumultuaris
832 2273 1076 2314 exercitibus
1109 2288 1160 2313 ex
1186 2272 1411 2326 agrestium
1441 2270 1630 2312 semermi

287 2336 406 2376 turba
442 2336 575 2376 subito
613 2335 827 2384 conlectis,
866 2335 939 2376 sed
970 2349 1062 2375 cum
1086 2334 1340 2382 Hannibale,
1377 2347 1504 2388 prope
1534 2339 1629 2372 nato

287 2398 327 2437 in
352 2398 554 2452 praetorio
580 2397 728 2452 patris,
766 2397 977 2438 fortissimi
1004 2396 1138 2445 ducis,
1176 2396 1272 2436 alito
1305 2403 1425 2448 atque
1457 2395 1629 2435 educato

287 2459 390 2500 inter
427 2475 556 2509 arma,
593 2475 720 2514 puero
757 2459 965 2512 quondam
996 2459 1141 2507 milite,
1179 2458 1348 2498 vixdum
1379 2457 1525 2497 iuvene
1554 2456 1629 2495 im-

288 2528 492 2574 peratore,
530 2521 598 2575 qui
630 2537 757 2562 senex
781 2521 982 2562 vincendo
1012 2521 1145 2561 factus
1171 2519 1418 2574 Hispanias,
1457 2517 1626 2565 Gallias,

289 2582 448 2622 Italiam
492 2584 542 2624 ab
578 2584 758 2638 Alpibus
801 2583 853 2624 ad
893 2584 1043 2624 fretum
1086 2581 1359 2623 monumentis
1403 2579 1628 2634 ingentium

246 2658 264 2688 5
289 2658 422 2684 rerum
447 2646 705 2699 complesset.
754 2645 902 2686 ducere
927 2645 1151 2686 exercitum
1176 2643 1389 2696 aequalem
1414 2639 1624 2696 stipendiis

291 2706 394 2755 suis,
433 2708 621 2748 duratum
651 2707 833 2749 omnium
867 2722 1003 2748 rerum
1038 2706 1251 2762 patientia,
1289 2719 1390 2758 quas
1421 2704 1490 2744 vix
1524 2701 1624 2742 fides
