1815 3184
446 251 599 286 LIBER
623 251 755 296 XXII,
782 252 834 286 18.
855 251 908 285 19.
939 253 986 294 [a.
1002 250 1041 285 C.
1056 249 1141 290 217]
1417 241 1468 281 73

113 370 236 408 quam
263 355 465 396 movendo
491 362 612 408 atque
638 355 798 409 agendo
824 354 1038 409 proficere,
1064 354 1163 394 haut
1187 368 1355 407 parvam
1381 367 1467 393 rem
1497 366 1536 395 10

114 432 205 458 esse
237 417 288 458 ab
320 417 467 458 totiens
499 417 651 457 victore
682 417 801 457 hoste
835 416 940 456 vinci
971 416 1146 465 desisse,
1185 415 1236 456 ab
1267 415 1469 471 continuis

114 479 298 520 cladibus
324 479 547 533 respirasse
571 503 627 506 —
651 478 752 519 haec
777 479 1026 531 nequiquam
1056 477 1310 532 praemonito
1340 477 1471 532 magi-

115 548 197 581 stro
224 541 405 593 equitum
431 541 607 581 Romam
633 548 695 582 est
718 540 942 594 profectus.

199 602 394 643 XVIIII.
454 602 663 657 Principio
689 602 874 651 aestatis,
908 617 989 656 qua
1013 601 1115 642 haee
1139 600 1398 656 gerebantur,
1430 601 1471 640 in
1500 615 1512 643 1

114 665 319 719 Hispania
366 680 529 718 quoque
578 672 684 705 terra
732 665 914 717 marique
963 671 1152 718 coeptum
1201 663 1353 704 bellum
1396 670 1469 704 est.

114 726 355 767 Hasdrubal
379 727 431 767 ad
456 741 550 767 eum
580 727 747 767 navium
778 741 1012 774 numerum,
1050 740 1173 779 quem
1205 741 1228 766 a
1257 725 1381 766 fratre
1411 725 1471 765 in-

116 795 314 828 structum
346 799 614 842 paratumque
646 799 877 842 acceperat,
915 789 1056 828 decem
1088 787 1246 828 adiecit.
1295 787 1470 840 quadra-
1497 800 1514 827 3

114 850 229 904 ginta
254 850 420 890 navium
446 850 621 890 classem
645 850 872 890 Himilconi
898 850 1035 898 tradit,
1069 856 1190 902 atque
1215 849 1271 889 ita
1297 848 1470 889 Cartha-

115 912 210 965 gine
242 911 450 965 profectus
482 911 655 952 navibus
686 926 814 966 prope
847 918 995 951 terram
1029 911 1251 951 exercitum
1282 910 1324 950 in
1354 911 1470 951 litore

115 973 290 1014 ducebat
324 980 491 1027 paratus
529 974 765 1028 confligere,
809 987 1068 1026 quacumque
1104 979 1219 1026 parte
1261 973 1470 1026 copiarum

114 1036 244 1076 hostis
277 1036 532 1076 occurrisset.
595 1035 672 1076 Cn.
702 1034 842 1089 Scipio
873 1041 1092 1088 postquam
1124 1034 1303 1074 movisse
1335 1034 1471 1074 exhi·
1497 1050 1517 1076 4

115 1097 250 1138 bernis
286 1096 448 1137 hostem
485 1097 657 1145 audivit,
695 1097 826 1150 primo
858 1097 966 1136 idem
997 1095 1155 1136 consilii
1190 1095 1286 1144 fuit3
1324 1095 1471 1135 deinde

114 1159 248 1199 minus
269 1165 374 1198 terra
397 1168 563 1212 propter
586 1158 795 1212 ingentem
820 1157 974 1197 famam
999 1171 1200 1197 novorum
1227 1156 1471 1196 auxiliorum

114 1234 352 1261 concrurere
384 1235 528 1269 ausus,
567 1220 724 1260 delecto
755 1219 881 1260 milite
912 1219 965 1259 ad
995 1233 1121 1259 naves
1152 1218 1330 1272 inposito
1355 1219 1473 1271 quin-

67 1273 72 1278 ·
114 1297 193 1335 quc
230 1289 270 1323 et
304 1281 471 1336 triginta
506 1282 673 1322 navium
710 1282 842 1322 classe
879 1282 937 1322 ire
974 1280 1139 1322 obviam
1175 1280 1283 1321 hosti
1324 1281 1470 1335 pergit.

115 1344 241 1385 altero
272 1343 323 1384 ab
354 1344 587 1384 Tarracone
618 1344 683 1384 die
715 1344 768 1384 ad
800 1343 1016 1384 stationem
1052 1343 1195 1383 decem
1231 1342 1343 1383 milia
1378 1357 1472 1396 pas·
1497 1357 1516 1385 5

115 1421 236 1447 suum
272 1406 490 1446 distantem
526 1405 577 1447 ab
614 1406 719 1447 ostio
756 1405 905 1447 Hiberi
945 1405 1077 1446 amnis
1118 1404 1316 1459 pervenit.
1376 1405 1471 1445 inde

115 1468 219 1508 duae
262 1467 588 1508 Massiliensium
637 1467 931 1522 speculatoriae
973 1467 1225 1521 praemissae
1266 1466 1469 1515 rettulere,

115 1529 290 1570 classem
313 1528 513 1569 Punicam
546 1536 652 1570 stare
677 1530 718 1569 in
743 1529 846 1570 ostio
870 1530 1049 1570 fluminis
1077 1536 1291 1582 castraque
1316 1529 1359 1569 in
1383 1529 1472 1582 ripa

115 1591 258 1645 posita.
318 1591 454 1643 itaque
484 1597 530 1631 ut
558 1591 795 1645 inprovidos
826 1591 1095 1644 incautosque
1127 1591 1321 1632 universo
1348 1590 1469 1631 simul
1497 1605 1514 1633 6

116 1653 248 1693 effuso
291 1659 441 1694 terrore
484 1653 748 1707 opprimeret,
798 1653 968 1695 sublatis
1011 1654 1171 1695 ancoris
1215 1654 1267 1695 ad
1308 1653 1470 1694 hostem

118 1714 240 1754 vadit.

200 1776 357 1816 Multas
400 1783 439 1816 et
473 1776 574 1818 locis
611 1777 702 1818 altis
739 1778 894 1831 positas
932 1778 1052 1818 turris
1092 1778 1297 1832 Hispania
1332 1777 1469 1826 habet,

116 1837 266 1890 quibus
309 1843 348 1877 et
391 1838 568 1891 speculis
613 1845 652 1879 et
692 1840 1013 1893 propugnaculis
1056 1840 1254 1880 adversus
1291 1839 1469 1879 latrones

116 1906 296 1939 utuntur.
356 1899 449 1939 inde
486 1900 618 1953 primo
650 1901 879 1954 conspectis
910 1901 1089 1942 hostium
1123 1901 1297 1941 navibus
1329 1901 1469 1941 datum
1498 1915 1514 1943 7

118 1960 281 2014 signum
317 1960 571 2001 Hasdrubali
608 1968 688 2011 est,
731 1963 1012 2016 tumultusque
1049 1963 1161 2017 prius
1198 1963 1241 2003 in
1282 1969 1388 2002 terra
1431 1969 1471 2002 ct

117 2022 260 2062 castris
292 2037 415 2075 quam
440 2023 492 2063 ad
516 2038 628 2064 mare
654 2030 693 2064 et
717 2025 769 2064 ad
794 2039 919 2065 naves
945 2032 1007 2065 est
1032 2032 1163 2074 ortus,
1195 2024 1378 2065 nondum
1403 2030 1473 2064 aut

117 2083 239 2136 pulsu
262 2098 468 2124 remorum
494 2085 745 2138 strepituque
771 2086 849 2126 alio
875 2087 1038 2126 nautico
1064 2086 1255 2127 exaudito
1281 2092 1351 2126 aut
1376 2099 1472 2138 ape-

118 2145 313 2185 rientibus
345 2146 518 2186 classem
548 2148 857 2200 prmmmturiis,
895 2162 988 2188 eum
1018 2154 1184 2201 repente
1216 2162 1340 2200 eques
1367 2147 1470 2187 alius
1496 2160 1515 2189 8

119 2220 241 2260 super
271 2207 395 2246 alium
426 2207 476 2247 ab
502 2208 766 2249 Hasdrubale
796 2209 947 2249 missus
979 2224 1107 2263 vagos
1138 2210 1182 2248 in
1210 2209 1327 2249 litore
1358 2209 1472 2261 quie-

119 2274 264 2320 tosque
299 2268 341 2307 in
377 2269 558 2309 tentoriis
597 2270 700 2318 suis,
738 2270 839 2310 nihil
873 2271 1008 2311 minus
1045 2285 1168 2323 quam
1204 2271 1365 2311 hostem
1401 2277 1471 2310 aut

118 2330 317 2384 proelium
353 2344 400 2371 eo
431 2331 496 2370 die
527 2332 797 2385 expectantis,
836 2332 1110 2373 conscendere
1140 2346 1266 2373 naves
1298 2346 1469 2386 propere

119 2398 240 2443 atque
277 2407 389 2432 arma
425 2406 569 2445 capere
606 2392 736 2433 iubet:
774 2393 949 2434 classem
980 2393 1211 2434 Romanam
1240 2394 1323 2434 iam
1359 2393 1469 2433 haud

119 2453 259 2506 procul
290 2461 409 2506 portu
439 2468 542 2494 esse.
602 2454 703 2494 haec
735 2455 890 2507 equites
922 2455 1081 2495 dimissi
1110 2456 1265 2509 passim
1296 2455 1469 2509 impera—
1496 2469 1513 2498 9

119 2514 228 2554 bant.
290 2529 386 2554 mox
421 2514 659 2555 Hasdrubal
700 2516 789 2570 ipse
826 2531 918 2556 cum
955 2517 1065 2557 omni
1101 2517 1282 2557 exercitu
1317 2517 1468 2564 aderat,

119 2576 312 2628 varioque
338 2577 474 2617 omnia
499 2577 675 2617 tumultu
701 2584 885 2632 strepunt
908 2578 1120 2619 ruentibus
1140 2579 1182 2619 in
1200 2593 1326 2620 naves
1348 2579 1469 2620 simul

118 2637 341 2691 remigibus
368 2638 644 2691 militibusque
670 2639 916 2694 fugientium
941 2640 1074 2694 magis
1101 2655 1122 2681 e
1148 2648 1254 2682 terra
1278 2655 1401 2694 quam
1425 2640 1467 2680 in

120 2713 300 2753 pugnam
338 2700 519 2740 euntium
558 2701 690 2742 modo.
751 2701 919 2742 vixdum
963 2703 1095 2744 omnis
1132 2703 1465 2752 conscenderant,
1495 2717 1535 2746 10

1497 738 1515 766 N,
