1815 3184
270 240 350 281 132
566 245 718 280 LIBER
742 245 888 289 xxm,
915 245 1041 278 18.19.
1069 245 1168 288 [a.u.
1186 245 1322 288 0.538.]

267 351 453 404 excipere
480 356 520 389 et
537 348 673 402 palam
693 354 731 387 et
751 347 857 393 clam
877 347 1031 401 coeptis
1052 346 1215 387 obviam
1234 346 1311 396 ire,
1337 348 1467 389 donec
1485 350 1617 403 pudor

267 413 387 453 etiam
422 409 701 450 Hannibalem
743 409 794 450 ab
829 411 991 463 incepto
1029 409 1185 449 avertit.
1246 410 1471 463 castrisque
1507 426 1617 452 com-

265 472 429 514 munitis
456 486 502 512 ac
527 471 730 525 praesidio
755 471 916 511 modico
941 471 1137 524 inposito,
1163 485 1214 512 ne
1239 471 1392 512 omissa
1414 487 1479 512 res
1505 473 1617 514 vide-

264 542 391 582 retur,
418 534 459 573 in
484 533 655 573 hiberna
682 531 870 586 Capuam
896 533 1110 573 concessit.

201 609 240 638 10
350 595 414 636 Ibi
439 602 595 649 partem
620 595 816 634 maiorem
840 594 986 635 hiemis
1013 595 1236 635 exercitum
1254 595 1296 635 in
1320 595 1436 636 tectis
1462 595 1615 645 habuit,

265 657 461 698 adversus
488 656 623 696 omnia
648 656 828 696 humana
846 656 953 696 mala
974 671 1095 711 saepe
1115 671 1162 697 ac
1182 657 1251 697 diu
1271 657 1472 706 duratum,
1498 657 1616 698 bonis

200 733 236 761 11
264 719 520 772 inexpertum
545 725 666 771 atque
686 718 904 758 insuetum.
941 718 1079 771 itaque
1099 733 1201 771 quos
1221 718 1332 759 nulla
1350 719 1447 759 mali
1466 719 1618 759 vicerat

267 781 348 829 vis,
375 780 589 834 perdidere
614 780 740 820 nimia
764 779 872 820 bona
897 794 943 820 ac
970 780 1200 834 voluptates
1225 781 1472 830 inmodicae,
1505 788 1545 821 et
1569 796 1617 821 eo

262 842 492 896 inpensius,
531 856 611 894 quo
637 841 796 882 avidius
829 856 878 881 ex
902 841 1119 883 insolentia
1148 842 1189 882 in
1217 857 1285 883 eas
1312 857 1355 883 se
1381 850 1616 884 merserant.

199 918 239 947 12
266 918 433 944 somnus
465 903 573 943 enim
604 909 643 943 et
668 903 809 943 vinum
839 910 879 944 et
910 904 1053 957 epulae
1086 911 1125 945 et
1151 911 1284 945 scorta
1313 904 1554 957 balineaque
1579 912 1619 945 et

264 966 392 1006 otium
417 965 711 1006 consuetudine
736 965 778 1005 in
803 965 889 1006 dies
915 965 1104 1006 blandius
1130 966 1186 1007 ita
1211 973 1507 1007 enervaverunt
1531 981 1619 1007 cor-

264 1043 364 1082 pora
389 1028 647 1080 animosque,
680 1036 723 1067 ut
748 1028 880 1082 magis
907 1028 1052 1069 deinde
1077 1029 1317 1082 praeteritae
1336 1028 1528 1069 victoriae
1548 1042 1617 1069 eos

201 1104 240 1133 13
265 1104 389 1142 quam
425 1096 661 1143 praesentes
693 1096 920 1130 tutarentur
949 1090 1056 1130 vires
1088 1090 1302 1143 maiusque
1332 1090 1374 1130 id
1403 1097 1617 1144 peccatum

265 1151 380 1192 ducis
424 1152 534 1205 apud
574 1151 726 1205 peritos
770 1151 917 1192 artium
959 1151 1193 1192 militarium
1235 1151 1453 1192 haberetur
1495 1166 1618 1204 quam

265 1213 376 1266 quod
400 1228 480 1253 non
506 1227 556 1253 ex
583 1212 792 1253 Cannensi
816 1213 901 1254 acie
926 1213 1110 1267 protinus
1142 1213 1194 1253 ad
1218 1213 1362 1254 urbem
1387 1213 1617 1253 Romanam

266 1275 463 1315 duxisset.
524 1274 593 1315 illa
630 1275 738 1315 enim
774 1275 977 1315 cunctatio
1009 1275 1215 1315 distulisse
1252 1275 1374 1315 modo
1408 1275 1618 1315 victoriam

265 1337 393 1377 videri
428 1336 577 1390 potuit,
626 1336 692 1376 hic
730 1351 838 1377 error
879 1337 985 1377 vires
1029 1337 1232 1377 ademisse
1269 1337 1321 1376 ad
1356 1336 1616 1376 vincendum.

201 1412 241 1440 14
265 1399 400 1451 itaque
426 1398 607 1446 hercule,
634 1398 746 1438 velut
771 1398 804 1438 si
831 1412 923 1438 cum
949 1398 1026 1438 alio
1052 1398 1233 1438 exercitu
1257 1413 1280 1437 a
1307 1397 1453 1450 Capua
1478 1397 1616 1445 exiret,

200 1474 239 1503 15
265 1460 364 1500 nihil
390 1474 563 1512 usquam
589 1459 780 1513 pristinae
807 1459 1044 1513 disciplinae
1065 1459 1203 1499 tenuit.
1241 1473 1336 1498 nam
1357 1465 1396 1498 et
1414 1458 1620 1498 redierunt

267 1522 449 1576 plerique
487 1521 630 1562 scortis
667 1521 855 1575 inpliciti,
905 1528 961 1569 et,
1010 1520 1081 1560 ubi
1116 1520 1293 1574 primum
1331 1520 1407 1560 sub
1443 1520 1618 1574 pellibus

265 1583 407 1624 haberi
432 1583 564 1636 coepti
590 1590 702 1631 sunt,
729 1583 876 1635 viaque
902 1591 941 1622 et
966 1582 1069 1622 alius
1095 1582 1279 1622 militaris
1305 1581 1420 1623 labor
1445 1582 1617 1636 excepit,

200 1659 238 1688 16
265 1645 442 1685 tironum
468 1644 588 1685 modo
614 1644 852 1698 corporibus
874 1644 1102 1697 animisque
1122 1643 1382 1684 deficiebant:
1409 1650 1448 1684 et
1473 1643 1619 1684 deinde

264 1722 336 1761 per
368 1722 486 1747 omne
519 1706 769 1746 aestivorum
800 1713 960 1759 tempus
993 1721 1144 1760 magna
1175 1720 1269 1760 pars
1303 1706 1388 1747 sine
1415 1720 1619 1746 commea-

264 1768 372 1809 tibus
405 1768 455 1809 ab
488 1768 616 1822 signis
654 1767 941 1808 dilabebantur
975 1782 1109 1821 neque
1141 1768 1243 1809 aliae
1279 1767 1459 1809 latebrae
1496 1781 1619 1820 quam

266 1829 411 1885 Capua
437 1830 714 1871 desertoribus
742 1838 867 1870 erant.

222 1906 235 1934 1
347 1892 541 1932 XVIIII.
604 1892 798 1933 Ceterum
829 1892 1067 1933 mitescente
1097 1892 1177 1932 iam
1215 1891 1348 1932 hieme
1385 1892 1532 1933 educto
1569 1907 1619 1932 ex

221 1966 238 1994 2
264 1953 443 1995 hibernis
481 1954 606 1994 milite
635 1954 865 1995 Casilinum
900 1954 1016 1995 redit.
1077 1953 1148 1994 ubi
1179 1968 1429 2007 quamquam
1460 1954 1510 1995 ab
1548 1969 1620 2008 op-

263 2016 513 2070 pugnatione
547 2024 753 2057 cessatum
784 2023 886 2064 erat,
924 2015 1083 2056 obsidio
1114 2022 1250 2056 tamen
1281 2016 1474 2056 continua
1505 2015 1620 2070 oppi-

263 2079 391 2118 danos
444 2078 776 2132 praesidiumque
830 2078 882 2118 ad
930 2077 1116 2117 ultimum
1164 2077 1325 2131 inopiae
1379 2077 1617 2117 adduxerat.

220 2152 238 2180 3
263 2140 407 2180 castris
432 2139 631 2180 Romanis
665 2139 728 2180 Ti.
758 2138 1026 2194 Sempronius
1052 2146 1236 2194 praeerat
1261 2139 1457 2180 dictatore
1483 2139 1621 2193 auspi-

218 2214 239 2243 4
264 2201 418 2242 ciorum
443 2201 758 2255 repetendorum
784 2215 908 2241 causa
932 2200 1116 2255 profecto
1136 2201 1325 2241 Romam.
1374 2200 1620 2241 Marcellum

263 2269 302 2303 et
349 2263 487 2317 ipsum
535 2263 767 2317 cupientem
814 2263 920 2304 ferre
969 2263 1167 2303 auxilium
1214 2263 1395 2304 obsessis
1445 2270 1484 2303 et
1519 2262 1620 2303 Vol-

263 2331 406 2365 turnus
443 2325 574 2365 amnis
611 2324 775 2365 inflatus
812 2325 930 2378 aquis
968 2331 1007 2365 et
1042 2339 1184 2379 preces
1209 2324 1461 2365 Nolanorum
1498 2330 1620 2377 atque

264 2385 568 2427 Acerranorum
598 2385 809 2435 tenebant,
849 2385 1086 2440 Campanos
1122 2386 1370 2434 timentium,
1410 2386 1443 2426 si
1468 2384 1621 2439 praesi-

222 2461 240 2489 5
266 2447 375 2487 dium
403 2447 637 2488 Romanum
663 2447 947 2488 abscessisset.
1005 2446 1218 2489 Gracchus
1245 2447 1437 2488 adsidens
1464 2453 1621 2487 tantum

267 2508 467 2558 Casilino,
495 2510 590 2562 quia
614 2509 871 2564 praedictum
896 2516 982 2550 erat
1006 2509 1234 2558 dictatoris,
1260 2524 1312 2549 ne
1337 2509 1434 2562 quid
1453 2508 1620 2549 absente

267 2584 314 2610 eo
351 2571 408 2611 rei
444 2579 619 2626 gereret,
668 2571 769 2611 nihil
805 2571 1015 2620 movebat,
1064 2586 1314 2624 quamquam
1355 2586 1459 2624 qnae
1501 2570 1619 2610 facile

223 2643 240 2673 6
267 2646 429 2672 omnem
453 2633 691 2686 patientiam
716 2633 925 2674 vincerent
948 2633 1241 2674 nuntiabantur
1259 2649 1283 2673 a
1298 2632 1499 2674 Casilino:
1525 2646 1619 2671 nam

268 2700 306 2732 et
342 2694 634 2747 praecipitasse
671 2709 714 2735 se
751 2695 951 2747 quosdam
983 2709 1063 2735 non
1093 2695 1310 2735 tolerantes
1342 2693 1494 2733 famem
1525 2706 1618 2732 con-
