1815 3184
493 205 645 240 LIBER
668 205 796 250 XXX,
823 205 875 240 19.
894 205 948 239 20.
977 207 1024 248 [a.
1041 202 1079 238 0.
1092 203 1174 247 203]
1418 192 1499 234 503

166 317 287 363 atque
311 309 474 350 Italiam
499 309 620 350 armis
648 308 870 350 obtineant.
923 308 1053 363 Mago
1078 323 1160 349 non
1183 306 1353 362 imperio
1379 306 1500 347 modo
1525 318 1545 347 4

167 379 332 413 senatus
367 372 628 427 periculoque
662 371 818 426 patriae
853 378 1006 419 motus,
1043 370 1116 411 sed
1150 377 1335 410 metuens
1366 369 1501 417 etiam,

165 449 217 475 ne
241 434 369 475 victor
399 434 528 475 hostis
559 433 733 474 moranti
763 433 934 473 instaret
957 432 1218 487 Liguresque
1249 431 1344 486 ipsi,
1381 431 1503 471 relin-

167 495 236 549 qui
264 495 427 536 Italiam
458 510 482 535 a
510 495 662 535 Poenis
695 500 926 543 cernentes,
963 494 1016 534 ad
1045 509 1115 534 eos
1147 508 1319 547 quorum
1342 508 1438 534 mox
1461 493 1503 533 in

165 566 367 614 potestate
392 557 517 598 futuri
541 564 679 598 essent
703 557 939 606 deficerent,
967 556 1087 597 simul
1113 571 1281 612 sperans
1307 555 1503 597 leniorem
1527 568 1546 597 5

165 621 208 662 in
238 621 498 676 navigatione
530 635 652 673 quam
681 620 723 660 in
752 620 819 660 via
847 619 1106 660 iactationem
1137 619 1315 659 vulneris
1347 619 1434 659 fore
1464 625 1504 659 et

166 683 364 724 curationi
400 682 536 724 omnia
571 682 865 731 commodiora,
902 681 1104 736 impositis
1141 681 1268 736 copiis
1304 681 1346 721 in
1376 695 1502 721 naves

165 745 392 800 profectus,
431 745 598 785 vixdum
625 752 816 799 superata
841 743 1032 785 Sardinia
1056 759 1106 785 ex
1131 744 1297 784 vulnere
1321 743 1502 783 moritur.

165 822 291 848 naves
318 821 478 860 quoque
504 807 657 860 aliquot
674 808 909 847 Poenorum
934 806 1127 847 disiectae
1151 806 1193 846 in
1219 805 1298 847 alto
1324 821 1348 846 a
1372 805 1503 846 classe

166 870 373 919 Romana,
411 884 514 923 quae
551 870 658 910 circa
695 868 928 910 Sardiniam
965 875 1068 917 erat,
1107 868 1332 922 capiuntur.
1401 866 1504 907 haec
1529 877 1546 907 6

167 941 274 972 terra
298 931 480 984 marique
504 931 546 971 in
570 939 685 986 parte
709 931 872 979 Italiae,
899 945 979 984 qua
1002 930 1107 970 iacet
1131 930 1183 970 ad
1206 929 1348 984 Alpis,
1374 936 1503 984 gesta.

251 992 409 1034 Consul
436 992 484 1034 C.
514 992 712 1033 Servilius
743 992 855 1032 nulla
879 991 1133 1033 memorabili
1162 1006 1205 1032 rc
1230 991 1271 1031 in
1295 991 1506 1046 provincia

164 1055 332 1095 Etruria
372 1062 413 1095 et
449 1054 585 1096 Gallia
608 1079 641 1082 —
665 1054 858 1106 quoniam
901 1069 948 1094 eo
991 1068 1151 1106 quoque
1192 1062 1450 1107 processerat
1473 1078 1505 1081 —

165 1125 300 1171 gesta,
336 1124 450 1171 patre
478 1115 525 1157 C.
554 1114 728 1156 Servilio
760 1122 799 1155 et
831 1114 879 1155 C.
905 1115 1076 1155 Lutatio
1107 1130 1158 1155 ex
1189 1114 1382 1155 servitute
1411 1122 1507 1169 post
1531 1126 1547 1154 7

166 1187 328 1219 sextum
354 1178 555 1218 decimum
587 1192 739 1217 annum
768 1176 962 1232 receptis,
1000 1176 1068 1229 qui
1099 1176 1152 1216 ad
1184 1176 1315 1216 vicum
1340 1176 1505 1216 Tanne-

164 1247 250 1281 tum
275 1255 298 1281 a
320 1239 435 1281 Boiis
462 1239 569 1294 capti
594 1239 773 1288 fuerant,
805 1239 900 1279 hinc
924 1246 1056 1293 patre,
1096 1237 1190 1278 hinc
1216 1236 1364 1278 Catulo
1389 1237 1505 1278 lateri
1529 1249 1548 1279 8

165 1302 425 1343 circumdatis
456 1302 615 1357 privato
645 1301 777 1355 magis
810 1316 932 1354 quam
962 1299 1125 1355 publico
1156 1300 1301 1341 decore
1330 1299 1504 1354 insignis

162 1365 340 1406 Romam
374 1365 505 1405 rediit.
576 1364 704 1404 latum
737 1364 789 1404 ad
823 1363 1019 1418 populum
1050 1369 1130 1409 est,
1169 1377 1220 1403 ne
1252 1360 1302 1403 C.
1330 1360 1504 1403 Servilio
1530 1375 1547 1404 9

164 1426 299 1467 fraudi
324 1434 450 1475 esset,
489 1426 598 1479 quod
621 1433 755 1480 patre,
793 1425 861 1478 qui
887 1425 988 1465 sella
1011 1424 1141 1465 curuli
1166 1424 1358 1473 sedisset,
1396 1424 1503 1473 vivo,

165 1503 258 1529 cum
293 1488 335 1528 id
370 1488 595 1543 ignoraret,
644 1487 829 1528 tribunus
866 1487 997 1541 plebis
1035 1493 1156 1539 atque
1194 1486 1335 1527 aedilis
1371 1485 1503 1540 plebis

164 1549 312 1591 fuisset
337 1558 477 1591 contra
501 1564 624 1603 quam
649 1556 836 1589 sanctum
860 1548 1020 1604 legibus
1047 1559 1144 1589 erat.
1193 1547 1270 1588 hac
1292 1547 1504 1602 rogatione

164 1613 321 1667 perlata
344 1612 385 1652 in
410 1612 662 1667 provinciam
685 1611 816 1652 rediit.

248 1675 319 1715 Ad
340 1673 416 1715 Cn.
435 1673 654 1715 Servilium
679 1674 901 1722 consulem,
928 1672 996 1726 qui
1020 1672 1061 1712 in
1074 1672 1246 1713 Bruttiis
1267 1679 1365 1721 erat,
1393 1670 1504 1712 Con-
1531 1684 1570 1713 10

167 1738 316 1787 sentia,
352 1738 589 1793 Aufugum,
618 1738 800 1792 Bergae,
831 1736 1043 1784 Besidiae,
1076 1734 1336 1782 Ocriculum,
1373 1735 1504 1788 Lym-

164 1801 362 1855 phaeum,
387 1801 693 1855 Argentanum,
727 1798 959 1854 Clampetia
982 1797 1180 1851 multique
1204 1797 1406 1852 ignobiles
1431 1812 1504 1852 po-

166 1862 274 1917 puli,
324 1877 538 1903 senescere
572 1862 777 1902 Punicum
818 1861 971 1901 bellum
1012 1867 1247 1908 cernentes,
1302 1859 1501 1900 defecere.

165 1924 274 1965 idem
300 1924 442 1966 consul
467 1939 560 1964 cum
573 1924 809 1965 Hannibale
834 1923 875 1963 in
901 1937 999 1978 agro
1015 1920 1276 1963 Crotoniensi
1301 1921 1386 1962 acie
1407 1935 1503 1961 con·
1531 1931 1566 1961 11

166 1986 281 2027 flixit.
341 1987 516 2027 obscura
546 1986 632 2027 eius
662 2001 825 2041 pugnae
856 1986 967 2026 fama
1003 1991 1076 2025 est..
1136 1983 1326 2026 Valerius
1352 1983 1501 2024 Antias

168 2048 346 2101 quinque
370 2048 482 2088 milia
506 2048 685 2089 hostium
711 2062 830 2088 caesa
855 2047 922 2088 ait.
982 2061 1085 2100 quae
1116 2053 1229 2086 tanta
1251 2061 1316 2086 res
1343 2052 1422 2094 est,
1459 2051 1504 2085 ut

169 2118 236 2150 aut
273 2110 530 2164 impudenter
564 2110 659 2151 ficta
700 2110 752 2150 sit
787 2117 856 2150 aut
896 2109 1162 2163 neglegenter
1201 2107 1501 2162 praetermissa.

168 2171 267 2211 nihil
293 2179 400 2212 certe
425 2172 530 2212 ultra
552 2171 611 2212 rei
635 2172 676 2211 in
700 2171 821 2212 Italia
845 2172 896 2212 ab
920 2170 1155 2211 Hannibale
1180 2176 1354 2225 gestum.
1407 2184 1502 2210 nam
1529 2180 1568 2210 12

169 2233 221 2272 ad
245 2248 338 2274 eum
363 2248 523 2286 quoque
547 2233 672 2288 legati
697 2234 747 2274 ab
763 2232 1014 2287 Carthagine
1039 2240 1232 2273 vocantes
1257 2231 1299 2272 in
1317 2231 1503 2272 Africam

169 2295 218 2335 iis
244 2296 348 2336 forte
374 2296 535 2344 diebus,
562 2296 708 2349 quibus
735 2296 786 2336 ad
809 2296 1054 2350 Magonem,
1081 2301 1292 2335 venerunt.

254 2357 360 2398 XX.
401 2358 615 2398 Frendens
635 2372 886 2413 gemensque
912 2371 959 2397 ac
978 2357 1047 2397 vix
1070 2355 1246 2397 lacrimis
1272 2362 1502 2410 temperans
1530 2369 1544 2398 1

170 2419 315 2460 dicitur
347 2419 575 2474 legatorum
610 2421 736 2461 verba
772 2419 947 2460 audisse.
1017 2425 1236 2474 postquam
1270 2417 1379 2458 edita
1410 2424 1504 2458 sunt
1528 2430 1545 2460 2

169 2482 380 2530 mandata,
408 2481 507 2522 ‘iam
525 2497 607 2523 non
626 2481 846 2536 perplexe‚’
872 2481 1003 2534 inquit
1027 2480 1119 2521 ‘sed
1142 2480 1278 2535 palam
1295 2486 1500 2529 revocant,

170 2544 239 2597 qui
274 2543 450 2585 vetando
488 2544 817 2599 supplementum
854 2550 894 2584 et
921 2542 1137 2598 pecuniam
1170 2542 1275 2583 mitti
1310 2541 1391 2582 iam
1420 2541 1502 2596 pri-

170 2607 263 2646 dem
288 2605 515 2646 trahebant.
569 2606 665 2646 vicit
689 2621 786 2661 ergo
811 2604 1090 2646 Hannibalem
1113 2620 1195 2646 non
1218 2604 1393 2659 populus
1417 2604 1501 2645 Ro·
1526 2617 1544 2647 3

169 2683 333 2718 manus,
371 2667 519 2710 totiens
550 2681 694 2710 caesus
725 2668 990 2723 fugatusque,
1029 2667 1102 2709 sed
1132 2674 1296 2708 senatus
1328 2665 1501 2708 Cartha-
