1815 3184
322 204 405 247 376
609 211 765 245 LIBER
787 210 954 254 XXVII,
979 209 1033 244 45.
1051 209 1106 243 46.
1134 211 1229 253 [a.u.
1246 209 1370 254 e.547]

278 330 296 360 9
322 330 425 369 quae
449 329 524 369 pro
547 314 597 354 iis
624 313 923 368 suscepissent,
948 320 1012 362 ut,
1037 327 1161 365 quem
1179 312 1232 353 ad
1254 312 1424 353 modum
1446 326 1556 354 nunc
1579 314 1657 355 sol-

319 377 418 417 liciti
441 382 788 431 prosequerentur
812 390 902 424 eos,
927 374 985 415 ita
1007 387 1159 429 paucos
1186 382 1281 428 post
1305 373 1392 415 dies
1416 373 1514 414 laeti
1536 389 1660 416 ovan-

257 454 297 482 10
324 439 430 479 tibus
458 437 627 479 victoria
651 437 817 478 obviam
840 437 958 478 irent..
1005 436 1179 477 invitare
1202 436 1297 477 inde
1321 451 1396 490 pro
1422 451 1466 477 se
1491 436 1661 490 quisque

255 639 291 667 ll

255 892 292 920 12

276 1264 294 1293 10

320 508 360 541 ct
384 500 531 541 offerre
557 507 597 540 et
621 499 795 554 fatigare
819 499 1030 554 precibus,
1064 506 1108 538 ut
1134 512 1238 550 quae
1262 498 1363 552 ipsis
1389 497 1662 551 iumentisque

319 563 412 603 usui
443 570 581 603 essent
612 563 664 603 ab
695 577 740 603 se
768 561 1031 617 potissimum
1062 568 1287 609 sumerent,
1324 560 1503 614 benigne
1527 560 1664 601 omnia

320 625 526 666 cumulata
556 625 671 674 dare3
708 623 913 665 modestia
942 632 1098 664 certare
1133 623 1302 671 milites,
1338 637 1390 663 ne
1426 622 1524 675 quid
1556 622 1665 662 ultra

317 703 440 728 usum
469 687 750 728 necessarium
783 695 1009 735 sumerent,
1040 685 1141 725 nihil
1165 684 1333 733 morari,
1364 698 1440 725 nec
1466 684 1664 725 absistere

319 750 370 790 ab
397 749 526 804 signis
551 763 628 790 nec
653 749 878 790 subsistere
899 748 1035 789 cibum
1055 747 1282 802 capientes,
1309 746 1418 787 diem
1438 760 1484 787 ac
1502 754 1665 788 noctem

318 813 394 861 irc,
422 813 491 853 vix
512 812 620 866 quod
640 812 738 852 satis
761 812 813 852 ad
830 811 1015 852 naturale
1037 810 1286 851 desiderium
1306 824 1523 864 corporum
1542 816 1664 857 esset,

321 875 447 928 quieti
477 875 587 915 dare.
648 884 687 914 et
719 874 771 914 ad
802 874 1004 928 collegam
1028 872 1246 928 praemissi
1271 881 1386 912 erant
1411 871 1480 924 qui
1503 870 1665 911 nuntia-

317 951 408 979 rent
433 938 657 978 adventum
675 944 1139 992 percunctarenturque,
1166 935 1272 975 clam
1291 950 1343 975 an
1360 934 1517 989 palam,
1542 933 1667 974 inter-

320 1001 389 1040 diu
420 1016 472 1040 an
496 1012 621 1041 noctu
644 999 784 1040 venire
810 1014 902 1040 sese
928 998 1071 1047 vellet,
1104 998 1236 1038 isdem
1261 1013 1314 1037 an
1338 997 1427 1037 aliis
1454 996 1666 1038 considere

320 1062 478 1103 castris.
537 1071 657 1102 nocte
684 1061 790 1101 clam
812 1060 975 1115 ingredi
999 1060 1145 1100 melius
1172 1059 1307 1100 visum
1332 1067 1406 1099 est.

404 1123 675 1165 XXXXVI.
736 1123 916 1163 Tessera
957 1138 1030 1177 per
1073 1131 1209 1162 castra
1250 1121 1302 1161 ab
1337 1120 1461 1161 Livio
1498 1119 1666 1161 consule

321 1187 416 1227 data
447 1196 551 1235 erat,
587 1195 633 1226 ut
662 1186 851 1226 tribunus
888 1186 1115 1234 tribunum,
1154 1183 1336 1224 centurio
1372 1183 1665 1230 centurionem,

321 1264 445 1301 eques
472 1248 668 1301 equitem,
698 1248 826 1303 pedes
851 1247 1033 1302 peditem
1058 1246 1280 1301 acciperet:
1312 1260 1446 1299 neque
1472 1245 1581 1286 enim
1605 1244 1667 1284 di-

319 1310 438 1351 latari
462 1318 596 1351 castra
622 1324 724 1365 opus
751 1324 861 1358 esse,
893 1324 945 1350 ne
970 1308 1100 1349 hostis
1128 1309 1351 1348 adventum
1377 1307 1542 1347 alterius
1570 1320 1667 1347 con-

321 1373 420 1413 sulis
448 1373 634 1421 sentiret3
662 1382 701 1412 et
721 1371 916 1413 coartatio
936 1371 1116 1425 plurium
1139 1370 1182 1410 in
1207 1378 1384 1424 angusto
1410 1368 1667 1409 tendentium

320 1435 478 1476 facilior
502 1435 639 1475 futura
664 1443 769 1482 erat,
802 1434 913 1486 quod
939 1432 1193 1473 Claudianus
1220 1431 1423 1472 exercitus
1447 1430 1550 1471 nihil
1581 1430 1668 1471 fere

320 1504 483 1552 praeter
509 1512 622 1537 arma
648 1511 788 1537 secum
812 1496 855 1535 in
881 1494 1185 1549 expeditionem
1210 1494 1370 1534 tulerat.
1420 1502 1602 1534 ceterum
1625 1492 1669 1532 in

319 1560 409 1613 ipso
439 1558 583 1599 itinere
615 1566 781 1598 auctum
812 1556 1052 1598 voluntariis
1086 1570 1235 1611 agmen
1261 1563 1365 1604 erat,
1399 1554 1667 1596 offerentibus

319 1621 425 1662 ultro
458 1635 548 1661 scse
579 1628 618 1661 et
644 1619 852 1660 veteribus
878 1619 1076 1659 militibus
1101 1618 1329 1673 perfunctis
1354 1617 1437 1658 iam
1459 1617 1604 1657 militia
1629 1625 1669 1657 et

319 1683 554 1731 iuvenibus,
589 1697 691 1735 quos
724 1682 909 1722 certatim
941 1681 1108 1722 nomina
1134 1680 1288 1729 dantis,
1322 1680 1356 1721 si
1381 1694 1555 1733 quorum
1580 1694 1670 1720 cor-

318 1745 430 1800 poris
463 1744 621 1800 species
652 1745 860 1797 roburque
891 1744 1039 1784 virium
1070 1753 1212 1799 aptum
1240 1742 1408 1783 militiae
1439 1742 1668 1791 videbatur,

321 1807 634 1861 conscripserat.
697 1807 749 1846 ad
775 1805 931 1847 Senam
961 1816 1097 1846 castra
1129 1804 1295 1845 alterius
1328 1804 1507 1846 consulis
1540 1811 1667 1852 erant,

320 1877 360 1910 et
391 1869 638 1923 quingentos
670 1868 798 1909 ferme
828 1868 923 1908 inde
947 1882 1098 1923 passus
1123 1867 1366 1907 Hasdrubal
1392 1866 1546 1907 aberat.
1593 1866 1670 1906 ita-

320 1946 399 1984 que
430 1946 524 1972 cum
553 1931 636 1971 iam
667 1931 1034 1986 adpropinquaret,
1071 1938 1203 1970 tectus
1240 1929 1448 1970 montibus
1487 1927 1670 1969 substitit.

319 1994 448 2042 Nero,
484 2008 536 2034 ne
569 2003 661 2034 ante
694 2002 858 2033 noctem
889 2000 1024 2033 castra
1053 1991 1348 2046 ingrederetur.
1410 1990 1571 2031 silentio
1607 1990 1669 2030 in-

319 2055 453 2110 gressi
484 2056 535 2096 ab
567 2055 630 2096 sui
660 2055 833 2108 quisque
865 2054 1019 2096 ordinis
1051 2053 1283 2094 hominibus
1314 2053 1356 2093 in
1387 2052 1561 2093 tentoria
1598 2052 1670 2092 ab-

321 2118 450 2168 ducti,
483 2132 576 2159 cum
601 2133 762 2159 summa
786 2117 970 2159 omnium
993 2116 1148 2157 laetitia
1171 2115 1429 2171 hospitaliter
1459 2114 1670 2169 excipiun-

321 2191 398 2221 tur.
457 2188 622 2236 postero
659 2180 725 2221 die
762 2180 978 2220 consilium
1008 2179 1212 2227 habitum,
1252 2177 1317 2218 cui
1348 2185 1388 2218 et
1417 2177 1471 2218 L.
1496 2176 1670 2218 Porcius

321 2243 494 2284 Licinus
530 2251 694 2299 praetor
732 2242 874 2283 adfuit.
935 2248 1069 2283 castra
1103 2241 1243 2282 iuncta
1279 2240 1494 2282 consulum
1524 2239 1669 2280 castris

322 2305 520 2354 habebat,
553 2312 592 2346 et
618 2312 712 2346 ante
737 2305 961 2345 adventum
986 2319 1128 2345 eorum
1151 2318 1225 2358 per
1249 2302 1341 2344 loca
1370 2302 1453 2343 alta
1483 2301 1670 2342 ducendo

323 2368 560 2417 exercitum,
586 2382 680 2408 cum
703 2367 827 2408 modo
852 2366 1049 2407 insideret
1074 2376 1273 2421 angustos
1301 2365 1443 2414 saltus,
1468 2373 1514 2405 ut
1538 2373 1671 2405 trans-

321 2431 424 2471 itum
454 2430 682 2478 clauderet,
725 2429 849 2470 modo
887 2430 938 2470 ab
974 2429 1101 2469 latere
1139 2436 1209 2469 aut
1245 2428 1296 2468 ab
1332 2435 1448 2482 tergo
1486 2433 1670 2481 carperet

325 2508 490 2547 agmen,
527 2492 760 2533 ludificatus
793 2492 955 2532 hostem
987 2491 1176 2532 omnibus
1210 2490 1364 2531 artibus
1395 2489 1493 2530 belli
1516 2489 1668 2535 fuerat3

323 2553 357 2593 is
384 2562 470 2594 tum
493 2553 535 2594 in
561 2554 730 2594 consilio
757 2553 910 2594 aderat.
964 2553 1187 2594 multorum
1212 2567 1260 2593 eo
1285 2551 1482 2592 inclinant
1507 2556 1670 2590 senten-

325 2615 422 2663 tiae,
464 2624 526 2663 ut,
570 2616 668 2656 dum
704 2616 862 2656 fessum
899 2616 966 2656 via
1003 2629 1050 2656 ac
1087 2614 1238 2669 vigiliis
1274 2613 1460 2653 reficeret
1499 2610 1668 2650 militem

324 2676 453 2724 Nero,
480 2677 600 2717 simul
618 2684 657 2717 et
677 2677 729 2717 ad
747 2677 1002 2718 noscendum
1022 2677 1184 2718 hostem
1207 2689 1361 2730 paucos
1387 2673 1465 2714 sibi
1490 2677 1666 2713 sumeret
