1815 3184
524 241 676 276 LIBER
700 241 828 285 xxv,
855 241 907 274 19.
937 243 984 283 [a.
1001 240 1135 284 0212]
1428 231 1509 272 237

138 345 283 386 ‘multo
308 346 443 386 minus
471 360 513 386 se
540 358 741 398 suumque
762 343 909 384 totiens
931 344 1125 384 victorem
1147 343 1369 383 exercitum
1390 343 1511 384 susti-

155 421 250 447 nere
264 407 440 447 Romani
460 413 641 461 possent.
685 413 864 446 ceterum
883 412 1102 460 postquam
1120 405 1296 460 pugnari
1321 411 1511 459 coeptum

155 475 235 517 est,
286 469 468 522 equitum
504 469 682 509 maxime
719 468 903 517 incursu,
948 482 1041 508 cum
1078 467 1220 508 iaculis
1258 467 1509 515 obrueretur,

154 529 365 571 laborabat
390 531 579 571 Romana
609 530 736 579 acies,
777 530 905 570 donee
937 530 1102 584 signum
1133 529 1339 582 equitibus
1370 529 1511 570 datum

154 599 232 640 est,
271 599 314 632 ut
344 593 383 631 in
414 592 575 632 hostem
606 592 866 632 admitterent
896 606 1036 645 equos.
1096 592 1152 631 ita
1182 598 1369 644 equestre
1394 606 1511 645 proe-

152 653 252 693 lium
279 661 383 703 erat,
416 668 509 694 cun]
534 653 675 707 procul
700 653 813 693 visus
842 652 1165 707 Sempronianus
1192 653 1413 701 exercitus,
1446 652 1511 692 cui

155 715 231 756 Cn.
274 715 488 756 Cornelius
532 722 725 768 quaestor
766 722 974 768 praeerat,
1008 715 1184 768 ‚utrique
1225 714 1330 768 parti
1372 728 1510 768 parem

153 784 307 817 metum
337 777 542 831 praebuit,
581 792 632 818 ne
664 777 804 818 hostes
836 778 931 818 novi
964 777 1242 817 adventarent.
1313 777 1426 817 velut
1461 792 1512 817 ex

154 839 381 893 composito
421 839 622 892 utrimque
659 839 823 893 signum
860 838 1042 892 receptui
1074 839 1234 887 datum,
1271 838 1510 891 reductique

152 901 192 940 in
225 908 358 941 castra
387 916 513 955 prope
544 916 675 953 aequo
700 901 836 941 Marte
868 901 1163 949 discesserunt3
1205 900 1343 954 plures
1375 908 1512 941 tamen

152 962 202 1003 ab
222 963 419 1003 Romanis
445 962 578 1016 primo
603 963 771 1002 incursu
797 962 979 1014 equitum
1006 962 1250 1002 ceciderunt.
1295 963 1388 1002 inde
1415 977 1509 1002 con-

152 1024 280 1072 sules,
318 1031 362 1064 ut
393 1030 623 1064 averterent
655 1022 801 1076 Capua
831 1022 1128 1071 Hannibalem,
1166 1030 1284 1063 nocte
1316 1038 1420 1075 quae
1447 1038 1511 1063 se-

151 1093 245 1125 cuta
276 1092 338 1125 est
362 1084 529 1133 diversi,
567 1084 741 1124 Fulvius
772 1084 814 1123 in
844 1099 989 1138 agrum
1017 1083 1269 1131 Cumanum,
1310 1083 1510 1124 Claudius

149 1147 190 1187 in
215 1148 412 1187 Lucanos
445 1145 540 1186 abit.
600 1152 765 1199 postero
797 1145 880 1194 die,
919 1160 1012 1186 cum
1038 1160 1169 1186 vacua
1200 1152 1333 1186 eastra
1357 1146 1511 1186 Roma-

149 1224 292 1250 norum
320 1223 411 1249 esse
436 1208 669 1249 nuntiatum
695 1208 921 1249 Hannibali
947 1214 1056 1249 esset
1082 1214 1121 1248 et
1146 1207 1308 1248 duobus
1335 1207 1509 1262 agmini-

149 1271 225 1312 bus
262 1271 446 1312 diversos
484 1270 652 1319 abiisse,
690 1271 868 1311 incertus
900 1270 1051 1324 primo,
1088 1276 1225 1310 utrum
1257 1277 1507 1322 sequeretur,

148 1332 334 1387 Appium
359 1333 503 1374 institit
530 1333 657 1386 sequi.
702 1332 786 1381 ille,
814 1333 1093 1373 circumducto
1119 1331 1236 1373 hoste
1262 1346 1343 1385 qua
1367 1331 1508 1379 voluit,

150 1395 228 1435 alio
254 1395 396 1435 itinere
423 1395 475 1435 ad
502 1393 691 1449 Capuam
716 1395 832 1435 redit.

234 1455 461 1496 Hannibali
487 1456 566 1496 alia,
594 1456 638 1495 in
669 1455 732 1497 his
764 1456 864 1496 locis
896 1456 1001 1497 bene
1032 1457 1237 1511 gerendae
1261 1456 1320 1496 rei
1345 1455 1511 1497 fortuna

150 1517 287 1558 oblata
323 1524 396 1557 est.
463 1516 523 1557 M.
558 1516 783 1558 Centenius
820 1517 898 1558 fuit
934 1518 1178 1573 cognomine
1208 1517 1411 1567 Paenula,
1449 1518 1511 1558 in-

151 1579 278 1633 signis
304 1578 409 1619 inter
433 1579 553 1632 primi
577 1578 649 1632 pili
674 1579 932 1620 centuriones
959 1588 999 1620 et
1022 1580 1306 1633 magnitudine
1327 1580 1508 1633 corporis

150 1648 189 1681 et
214 1640 362 1681 animo.
416 1640 451 1681 is
476 1640 716 1694 perfunctus
742 1640 886 1680 militia
910 1655 982 1694 per
1006 1640 1054 1681 P.
1083 1641 1322 1682 Cornelium
1350 1639 1509 1682 Sullam

149 1713 376 1756 praetorem
413 1702 454 1742 in
492 1709 678 1742 senatum
714 1702 969 1743 introductus
1006 1703 1106 1757 petit
1143 1718 1167 1743 a
1202 1701 1406 1756 patribus,
1448 1703 1509 1742 uti

150 1764 229 1805 sibi
254 1764 434 1817 quinque
463 1764 575 1804 milia
599 1764 773 1804 militum
799 1764 1007 1805 darentur:
1046 1779 1089 1805 se
1114 1764 1291 1818 peritum
1316 1771 1355 1804 et
1379 1764 1509 1805 hostis

152 1833 192 1867 et
216 1826 430 1880 regionum
456 1826 571 1866 brevi
596 1840 743 1880 operae
768 1826 944 1880 pretium
969 1826 1173 1867 facturum
1193 1832 1243 1875 et,
1270 1826 1419 1879 quibus
1446 1841 1509 1867 ar-

149 1888 257 1929 tibus
295 1889 347 1929 ad
382 1889 424 1928 id
459 1888 642 1929 locorum
678 1889 806 1929 nostri
848 1894 888 1929 et
923 1888 1048 1929 duces
1086 1894 1125 1929 et
1161 1888 1363 1929 exercitus
1400 1888 1509 1942 capti

150 1950 302 1999 forent,
341 1950 389 1991 iis
416 1950 613 1991 adversus
639 1950 894 1991 inventorem
919 1965 1101 1991 usurum.
1162 1950 1204 1991 id
1229 1965 1309 1991 non
1334 1950 1508 2004 promis-

151 2027 242 2052 sum
267 2012 399 2066 magis
426 2011 572 2052 stolide
597 2026 721 2065 quam
747 2013 892 2053 stolide
923 2012 1140 2061 creditum,
1178 2018 1388 2065 tamquam
1419 2026 1511 2052 eae-

149 2074 242 2113 dem
268 2073 461 2114 militares
488 2080 526 2114 et
550 2074 835 2128 imperatoriae
861 2080 968 2115 artes
995 2081 1144 2115 essent.
1183 2074 1278 2114 data
1296 2089 1370 2128 pro
1390 2074 1508 2127 quin-

149 2149 228 2188 que
255 2141 345 2175 octo
371 2135 482 2176 milia
506 2136 698 2185 militum,
725 2151 819 2190 pars
846 2136 1014 2176 dimidia
1039 2136 1169 2185 cives,
1195 2151 1289 2190 pars
1318 2136 1430 2177 socii.
1469 2147 1508 2176 et

150 2197 238 2251 ipse
264 2196 518 2249 aliquantum
541 2199 863 2240 voluntariorum
887 2199 1030 2240 itinere
1055 2199 1097 2239 in
1127 2199 1236 2254 agris
1263 2199 1438 2239 concivit
1463 2213 1510 2239 ac

148 2273 275 2312 prope
301 2258 506 2312 duplicato
533 2260 713 2301 exercitu
736 2261 779 2301 in
797 2261 993 2302 Lucanos
1019 2260 1222 2314 pervenit,
1254 2259 1325 2300 ubi
1348 2260 1510 2300 Hanni-

150 2319 217 2361 bal
241 2320 490 2374 nequiquam
516 2328 680 2362 secutus
702 2321 924 2363 Claudium
950 2323 1201 2364 substiterat.
1250 2322 1361 2363 haud
1386 2322 1510 2363 dubia

148 2396 212 2423 res
239 2389 319 2431 est,
356 2383 508 2437 quippe
540 2384 644 2424 inter
668 2384 947 2426 Hannibalem
979 2386 1126 2426 ducem
1159 2392 1199 2426 et
1229 2385 1508 2426 centurionem

149 2445 433 2499 exercitusque
459 2446 630 2486 alterum
656 2447 857 2488 vincendo
883 2454 1135 2496 veteranum,
1162 2447 1335 2488 alterum
1354 2462 1508 2488 novum

149 2513 297 2555 totum,
325 2522 476 2561 magna
502 2522 552 2547 ex
577 2514 691 2562 parte
712 2508 832 2549 etiam
854 2509 1163 2549 tumultuarium
1183 2523 1231 2549 ao
1251 2524 1506 2550 semermem.

147 2575 192 2608 ut
216 2575 435 2623 conspecta
461 2569 565 2609 inter
590 2584 632 2610 se
659 2570 825 2624 agmina
850 2576 944 2610 sunt
970 2577 1008 2611 et
1033 2577 1176 2611 neutra
1194 2585 1289 2624 pars
1310 2571 1509 2611 detrecta-

148 2630 206 2670 vit
230 2645 432 2685 pugnam,
461 2630 666 2685 extemplo
691 2631 912 2672 instructae
938 2632 1059 2672 acies.
1102 2640 1331 2687 pugnatum
1357 2639 1505 2680 tamen,

148 2699 192 2732 ut
227 2692 269 2732 in
306 2692 417 2732 nulla
452 2693 539 2746 pari
575 2707 636 2741 re,
680 2692 783 2733 duas
821 2693 996 2747 amplius
1033 2694 1173 2742 horas,
1216 2694 1417 2735 concitata
1453 2701 1504 2742 et,

1538 1158 1553 1185 *J

1538 1655 1578 1683 10

1538 1779 1575 1807 11

1537 1964 1574 1993 1‘)

1557 1985 1574 1993 u

1537 2088 1576 2117 13

1538 2337 1576 2365 14

1536 2583 1575 2611 15
