1815 3184
490 224 645 259 LIBER
669 224 820 268 xxm,
846 225 900 259 48.
918 225 973 259 49.
1002 223 1201 268 [a.c.215]
1446 215 1525 258 163

169 335 276 376 tum3
313 328 383 380 qui
409 336 671 382 superessent
695 328 833 382 pauci,
862 328 896 369 si
921 327 1135 382 multiplici
1159 334 1429 382 gravarentur
1460 328 1530 369 sti—

169 390 336 444 pendio,
370 389 449 430 alia
474 390 674 443 perituros
700 397 828 445 peste.
888 390 1026 443 itaque
1050 389 1130 430 nisi
1155 390 1235 431 fide
1262 397 1404 439 staret,
1443 405 1529 431 rem
1556 404 1573 433 9

169 453 377 507 publicam
402 453 549 506 opibus
575 467 657 493 non
683 459 892 494 staturam.
930 452 1217 506 prodeundum
1236 453 1279 493 in
1299 453 1529 494 contionem
1558 465 1597 494 10

167 515 315 560 Fulvio
340 515 516 568 praetori
543 529 651 564 esse,
689 515 928 556 indicandas
959 514 1113 569 populo
1137 514 1324 569 publicas
1350 515 1530 556 necessi-

168 585 272 619 tates
310 578 683 630 cohortandosque,
733 578 803 631 qui
844 577 1116 632 redempturis
1159 577 1371 618 auxissent
1406 577 1531 631 patri-

169 640 324 689 monia,
363 647 407 680 ut
430 640 488 680 rei
512 639 719 694 publicae,
758 654 809 680 ex
837 654 918 694 qua
943 639 1186 688 crevissent,
1224 645 1386 694 tempus
1419 654 1530 680 com-

170 703 383 743 modarent
432 697 788 755 conducerentque
831 716 879 742 ea
920 701 1012 756 lege
1053 701 1289 755 praebenda
1329 715 1435 754 quae
1477 702 1530 742 ad
1557 713 1594 741 11

169 764 392 805 exercitum
418 764 740 818 Hispaniensem
766 778 869 817 opus
896 770 1050 811 essent,
1077 770 1139 811 ut,
1173 777 1265 803 011111
1290 763 1465 817 pecunia
1488 763 1531 803 in

168 826 324 867 aerario
350 833 476 875 esset,
513 827 562 866 iis
588 825 729 880 primis
757 825 994 866 solveretur.
1055 825 1156 866 haec
1180 832 1344 878 praetor
1367 825 1409 865 in
1434 839 1530 866 con·
1558 835 1595 864 12

169 888 276 929 tione
303 888 446 936 edixit,
483 886 668 942 quo[que
693 885 778 941 die]
808 887 1067 935 vestimenta,
1094 887 1346 927 frumentum
1373 887 1529 941 Hispa-

167 950 299 990 niensi
324 949 519 990 exercitui
544 948 779 1002 praebenda
803 962 991 1001 quaeque
1017 949 1097 988 alia
1122 963 1226 1002 opus
1247 955 1386 989 essent
1404 963 1529 989 nava-

167 1010 274 1051 libus
302 1011 423 1050 sociis
450 1017 559 1050 esset
583 1010 805 1050 locaturus.

250 1072 592 1112 XXXXVIIH.
654 1071 741 1112 Ubi
772 1086 820 1112 ca
850 1071 937 1111 dics
964 1071 1092 1119 venit,
1131 1071 1184 1111 ad
1215 1071 1528 1111 conducendum
1556 1084 1570 1111 1

167 1135 248 1168 tres
276 1128 490 1168 societates
517 1128 687 1167 aderant
711 1127 925 1168 hominum
949 1127 1220 1181 undeviginti,
1247 1141 1421 1180 quorum
1447 1127 1529 1167 duo

166 1189 371 1243 postulata
407 1188 540 1229 fuere:
577 1203 724 1238 unum,
763 1196 807 1229 ut
838 1189 982 1229 militia
1012 1194 1223 1237 vacarent,
1273 1188 1371 1228 dum
1400 1189 1442 1228 in
1479 1203 1526 1229 eo
1554 1201 1571 1230 2

164 1251 329 1306 publico
366 1256 521 1299 essent,
560 1250 750 1299 alterum,
789 1256 833 1290 111
864 1264 969 1303 quae
1001 1250 1044 1290 in
1074 1265 1201 1291 naves
1232 1250 1525 1304 inposuissent,

165 1312 217 1353 ab
259 1312 439 1353 hostium
481 1312 820 1366 tempestatisque
863 1312 904 1351 vi
938 1311 1105 1366 publico
1146 1311 1328 1366 periculo
1376 1319 1527 1353 essent.

165 1380 339 1427 utroque
374 1374 576 1428 inpetrato
613 1374 920 1423 conduxerunt,
970 1374 1210 1428 privataque
1252 1373 1428 1427 pecunia
1463 1388 1528 1414 res
1555 1386 1573 1415 3

166 1435 331 1490 publica
367 1435 702 1476 administratast.
775 1435 818 1475 hi
852 1450 987 1476 mores
1027 1450 1156 1488 eaque
1194 1435 1341 1476 caritas
1373 1435 1528 1489 patriae

165 1512 239 1552 per
263 1511 405 1538 omnes
431 1497 594 1538 ordines
620 1497 731 1537 velut
757 1504 896 1538 tenore
921 1512 1003 1538 uno
1028 1497 1271 1551 pertinebat.
1327 1511 1451 1550 quem
1476 1497 1528 1538 ad
1554 1511 1573 1539 4

166 1559 334 1600 modum
366 1560 569 1600 conducta
599 1560 736 1600 omnia
766 1575 918 1615 magno
950 1560 1086 1600 animo
1120 1566 1232 1608 sunt,
1278 1560 1337 1601 sic
1368 1575 1529 1601 summa

167 1621 247 1661 fide
278 1620 479 1674 praebita,
517 1634 592 1661 nec
623 1621 843 1674 quicquam
877 1620 1069 1675 [sequius
1101 1620 1251 1675 quam]
1287 1621 1321 1661 si
1352 1635 1403 1661 ex
1428 1636 1529 1675 opu-

167 1682 276 1723 lento
302 1682 474 1731 aerario,
501 1688 546 1722 ut
571 1682 800 1734 quondam,
828 1682 1043 1723 alerentur.
1276 1681 1279 1684 ’

254 1743 364 1784 Cum
399 1743 441 1783 hi
478 1750 731 1784 commeatus
768 1750 992 1792 venerunt,
1042 1743 1205 1797 Iliturgi
1242 1743 1439 1798 oppidum
1476 1743 1527 1784 ab
1554 1762 1573 1791 5

167 1804 432 1846 Hasdrubale
464 1819 513 1846 ac
537 1805 721 1860 Magone
747 1811 786 1846 et
817 1804 1053 1846 Hannibale
1083 1804 1328 1846 Bomilcaris
1361 1804 1444 1845 filio
1475 1805 1527 1846 ob

167 1867 440 1908 defectionem
466 1867 518 1908 ad
542 1867 753 1908 Romanos
779 1867 1106 1922 oppugnabatur.
1162 1867 1268 1907 inter
1297 1867 1399 1907 haec
1424 1867 1528 1907 trina
1555 1886 1572 1916 6

168 1936 301 1970 castra
325 1929 506 1970 hostium
533 1928 749 1983 Scipiones
782 1944 876 1970 cum
900 1929 940 1969 in
966 1928 1110 1979 urbem
1143 1929 1346 1969 sociorum
1376 1943 1528 1983 magno

168 1992 387 2032 certamine
407 2006 454 2032 ac
475 1998 611 2046 strage
630 1991 918 2032 obsistentium
937 1991 1234 2044 pervenissent,
1260 1990 1525 2039 frumentum,

168 2053 284 2093 cuius
309 2053 447 2106 inopia
471 2060 574 2102 erat,
612 2054 867 2094 advexerunt
892 2053 1172 2105 cohortatique
1198 2052 1445 2106 oppidanos,
1483 2058 1528 2091 ut
1555 2074 1571 2101 7

169 2114 312 2154 eodem
338 2115 473 2155 animo
505 2116 667 2155 moenia
698 2121 943 2163 tutarentur,
982 2129 1063 2167 quo
1093 2129 1167 2168 pro
1201 2128 1244 2154 se
1274 2120 1528 2168 pugnantem

169 2176 402 2216 Romanum
434 2177 658 2216 exercitum
689 2176 907 2225 vidissent,
946 2176 998 2216 ad
1029 2182 1163 2216 castra
1192 2176 1373 2216 maxima
1398 2189 1528 2229 oppu-

168 2237 352 2291 gnanda,
390 2237 539 2292 quibus
566 2237 807 2279 Hasdrubal
836 2244 1039 2291 praeerat,
1078 2238 1246 2278 ducunt.
1312 2237 1456 2278 eodem
1488 2244 1527 2277 et
1552 2252 1572 2282 8

169 2300 250 2340 duo
287 2299 412 2340 duces
450 2306 490 2340 et
525 2300 606 2341 duo
644 2300 845 2341 exercitus
874 2300 1299 2355 Carthaginiensium,
1348 2299 1406 2340 i'bi
1441 2313 1527 2340 rem

170 2376 374 2401 summam
399 2361 467 2418 agi
492 2368 722 2410 cernentes,
756 2368 1045 2402 convenerunt.
1105 2362 1242 2414 itaque
1269 2360 1480 2414 eruptione
1506 2375 1527 2401 e
1554 2376 1571 2406 9

170 2423 314 2463 castris
339 2429 568 2477 pugnatum
594 2430 667 2464 est.
729 2424 944 2479 sexaginta
974 2423 1155 2464 hostium
1186 2423 1298 2464 milia
1323 2438 1370 2464 eo
1396 2423 1461 2463 die
1485 2423 1528 2463 in

169 2499 310 2538 pugna
334 2485 516 2534 fuerunt,
545 2486 724 2526 sedecim
750 2486 857 2526 circa
874 2486 1087 2526 Romanis.
1137 2492 1274 2526 tamen
1300 2485 1402 2525 adeo
1427 2484 1527 2525 haut
1555 2499 1595 2529 10

169 2546 294 2586 dubia
318 2546 489 2587 victoria
513 2546 608 2596 fuit,
635 2554 680 2587 ut
704 2547 842 2601 plures
867 2562 1037 2588 numero
1063 2562 1187 2600 quam
1212 2547 1291 2601 ipsi
1317 2553 1431 2587 erant
1444 2546 1528 2587 Ro-

170 2608 279 2648 mani
304 2608 484 2649 hostium
510 2609 754 2658 occiderint,
794 2610 975 2664 ceperint
1005 2609 1181 2664 amplius
1213 2609 1290 2650 tria
1319 2609 1431 2650 milia
1454 2609 1528 2649 ho-
1555 2623 1590 2652 11

170 2670 343 2720 11111111111,
376 2671 498 2725 paulo
523 2672 658 2713 minus
685 2671 794 2713 mille
821 2687 1038 2726 equorum,
1071 2672 1398 2727 undesexaginta
1423 2671 1528 2712 miii-

1229 2738 1295 2770 11*
