1815 3184
312 206 362 253 ‘16
625 218 779 253 LIBER
804 217 917 260 XXI,
945 217 1073 250 15120.
1103 218 1201 259 [a.u.
1218 217 1343 259 e.536]

306 330 471 364 cautum
496 328 582 362 erat
607 319 849 375 Saguntinis
877 319 998 360 sociis
1026 326 1289 370 utrorumque
1315 318 1510 371 exceptis.
1564 334 1659 359 nam

306 399 438 437 neque
475 383 660 423 additum
698 388 784 421 erat
828 381 896 421 ‘iis
935 381 1006 433 qui
1041 387 1138 420 tunc
1175 379 1332 419 essent'
1374 393 1451 419 nec
1488 384 1557 420 ‘ne
1592 380 1663 432 qui

263 463 280 490 5
306 454 450 500 postea
486 442 829 491 adsumerentur,'
878 449 917 483 et
959 456 1052 482 eum
1096 441 1311 481 adsumere
1353 455 1483 481 novos
1526 440 1663 481 liceret

307 507 459 555 socios,
503 505 595 558 quis
633 519 811 557 aequum
847 510 1032 544 censeret
1067 510 1137 543 aut
1173 502 1225 543 ob
1264 502 1376 543 nulla
1413 517 1662 556 quemquam

307 568 449 608 merita
479 567 522 607 in
553 566 773 606 amicitiam
804 565 930 619 recipi
961 572 1030 605 aut
1061 571 1245 619 receptos
1272 564 1314 604 in
1338 564 1462 604 fidem
1487 578 1569 604 non
1595 564 1664 603 de-

307 629 444 670 fendi?
480 636 640 668 tantum
667 642 717 667 ne
745 627 1151 681 Carthaginiensium
1179 626 1279 666 socii
1305 633 1374 666 aut
1400 625 1664 666 sollicitaren—

307 704 372 732 tur
408 691 460 732 ad
496 690 769 731 defectionem
805 700 874 730 aut
913 704 987 729 sua
1024 696 1169 743 sponte
1201 688 1477 729 desciscentes
1510 688 1663 741 recipe-

306 760 458 794 rentur.

263 829 280 858 6
391 814 544 868 Legati
574 814 753 854 Romani
786 813 837 854 ab
871 813 1143 868 Carthagine,
1182 813 1287 853 sieut
1316 812 1366 853 iis
1397 812 1556 853 Romae
1591 812 1666 851 im-

306 887 494 931 peratum
525 884 628 924 erat,
668 875 710 914 i'n
735 875 1003 929 Hispaniam,
1042 885 1088 915 ut
1120 874 1277 915 adirent
1307 874 1512 922 civitates,
1549 880 1595 913 ut
1624 874 1667 913 in

310 939 545 979 societatem
566 937 807 992 perlicerent
828 944 897 977 aut
917 944 1145 977 averterent
1167 952 1189 976 a
1209 936 1381 985 Poenis,
1408 936 1664 976 traiecerunt.

266 1015 280 1042 ῖ
309 1001 361 1041 ad
381 1001 608 1055 Bargusios
628 1000 805 1054 primum
827 1008 1044 1047 venerunt,
1071 1015 1093 1039 a
1114 998 1263 1051 quibus
1290 998 1466 1052 benigne
1492 998 1664 1051 excepti,

309 1062 404 1115 quia
430 1061 620 1102 taedebat
640 1061 799 1114 imperii
818 1061 983 1109 Punici,
1012 1060 1161 1100 multos
1182 1068 1292 1100 trans
1313 1060 1517 1100 Hiberum
1537 1074 1668 1113 popu-

265 1135 284 1164 S
310 1123 371 1164 los
398 1123 450 1163 ad
475 1123 708 1177 cupidinem
734 1138 814 1162 nox
818 1137 864 1162 ae
886 1122 1074 1162 fortunae
1094 1129 1321 1162 ewexemnt
1372 1122 1424 1161 ad
1444 1120 1665 1161 Volcianos

308 1185 403 1225 inde
429 1192 491 1225 est
517 1192 703 1233 tentum,
737 1198 910 1236 quorum
937 1183 1096 1224 celebre
1121 1198 1194 1237 per
1218 1182 1466 1236 Hispaniam
1498 1196 1667 1235 respon-
1710 1177 1714 1181 ⁴

267 1258 283 1286 9
312 1261 404 1286 sum
441 1254 597 1286 ceteros
634 1246 808 1300 populos
847 1245 898 1286 ab
938 1246 1131 1286 societate
1168 1245 1358 1285 Romana
1394 1244 1556 1284 axeitit.
1611 1243 1666 1283 ita

311 1309 418 1348 enim
457 1308 660 1348 maximus
698 1320 797 1347 natu
833 1322 883 1347 ex
914 1307 963 1348 iis
996 1307 1038 1347 in
1071 1307 1241 1347 concilio
1274 1306 1502 1359 respondit:
1544 1309 1666 1357 ‘quae

308 1370 558 1410 verecundia
583 1377 662 1418 est,
689 1370 885 1417 Romani,
918 1369 1125 1423 postulare
1151 1384 1244 1417 vos,
1277 1368 1337 1408 uti
1361 1375 1539 1408 vestram
1567 1366 1668 1407 Car-

309 1431 631 1485 thaginiensium
651 1431 851 1471 amicitiae
871 1445 1193 1484 praeponamus,
1220 1444 1314 1470 cum
1333 1429 1402 1482 qui
1421 1429 1463 1468 id
1485 1429 1667 1468 fecerunt

311 1492 532 1547 Saguntini
552 1493 757 1533 crudelius
780 1507 903 1545 quam
923 1492 1091 1533 Poenus
1113 1491 1242 1532 hostis
1268 1490 1445 1545 perdidit
1469 1505 1542 1530 vos
1570 1489 1668 1530 socii

248 1567 285 1595 1¹)
310 1554 596 1608 prodideritis?
642 1553 701 1595 ibi
731 1556 936 1607 quaeratis
970 1553 1103 1594 socios
1138 1567 1304 1600 censeo,
1342 1551 1412 1592 ubi
1439 1549 1667 1606 Saguntina

310 1616 446 1656 clades
472 1617 613 1670 ignota
639 1624 718 1665 est,
753 1616 954 1669 Hispanis
981 1614 1143 1669 populis
1171 1615 1275 1655 sicut
1300 1612 1494 1668 lugubre,
1527 1613 1585 1652 ita
1608 1613 1669 1652 in-

311 1678 429 1732 signe
467 1679 759 1719 documentum
792 1676 969 1731 Sagunti
1006 1677 1146 1717 ruinae
1183 1684 1320 1724 erunt,
1358 1689 1410 1716 ne
1447 1675 1537 1728 quis
1574 1674 1668 1714 fidei

248 1747 282 1775 11
330 1740 524 1780 ‘Romanae
549 1748 619 1780 ant
645 1739 828 1780 societati
855 1739 1057 1779 confidat.>
1098 1738 1192 1778 inde
1219 1737 1423 1791 extemplo
1449 1736 1560 1777 abire
1580 1736 1669 1775 fini-

311 1801 389 1842 bus
410 1801 705 1842 Volcianorum
730 1801 833 1841 iussi
860 1800 910 1840 ab
936 1801 1048 1841 nullo
1074 1800 1220 1840 deinde
1247 1799 1418 1840 concilio
1439 1798 1669 1852 Hispaniae

311 1863 552 1917 benigniora
578 1863 703 1904 verba
728 1863 868 1903 tulere.
918 1863 973 1902 ita
998 1862 1247 1914 nequiquam
1272 1866 1490 1915 peragrata
1514 1859 1669 1913 Hispa-

312 1925 379 1964 nia
403 1925 445 1964 in
472 1923 651 1965 Galliam
677 1932 900 1964 transeunt.

270 2000 283 2027 1
396 1985 504 2026 XX.
553 1986 604 2026 In
634 1986 684 2026 iis
716 2000 823 2026 nova
850 1984 1121 2037 terribilisque
1148 1984 1305 2038 species
1331 1983 1419 2023 visa
1446 1990 1526 2031 est,
1559 1982 1669 2035 quod

313 2048 457 2087 armati
484 2071 538 2076 ——
568 2048 624 2087 ita
656 2062 744 2087 mos
776 2047 911 2101 gentis
945 2053 1030 2086 erat
1056 2071 1109 2075 —
1135 2046 1178 2085 in
1209 2045 1426 2085 concilium
1458 2051 1667 2084 venerunt.

269 2123 286 2151 ⁴2
314 2124 407 2149 cum
428 2109 563 2150 verbis
586 2109 826 2149 extollentes
846 2108 1017 2163 gloriam
1041 2107 1311 2160 virtutemque
1331 2106 1474 2160 populi
1494 2105 1670 2146 Romani

314 2186 360 2211 ac
386 2171 712 2226 magnitudinem
738 2170 898 2224 imperii
924 2170 1141 2224 petissent,
1167 2183 1217 2209 ne
1242 2168 1385 2208 Poeno
1410 2167 1563 2208 bellum
1588 2167 1681 2215 Ita-¹

313 2232 390 2272 liae
422 2233 613 2272 inferenti
642 2247 715 2285 per
745 2247 865 2286 agros
900 2231 1103 2283 urbesque
1137 2246 1244 2271 suas·
1263 2230 1478 2270 transitum
1514 2229 1668 2276 darent,

271 2308 288 2334 3
315 2302 450 2334 tantus
483 2309 576 2334 cum
601 2293 766 2334 fremitu
792 2294 899 2334 risus
926 2293 1229 2341 dieitur-ortus,
1255 2300 1300 2332 ut
1319 2292 1389 2331 vix
1408 2306 1432 2331 a
1456 2290 1672 2345 magistra-

271 2371 291 2399 4
316 2356 424 2396 tibus
451 2355 756 2408 maioribusque
782 2362 881 2395 natu
906 2355 1096 2395 iuventus
1125 2354 1346 2395 sedaretur.
1396 2353 1498 2393 adeo
1525 2351 1672 2392 stolida

315 2418 601 2470 inpudensque
637 2417 858 2470 postulatio
895 2417 984 2457 visa
1020 2424 1100 2465 est,
1138 2430 1323 2464 censere,
1361 2429 1412 2455 ne
1444 2414 1486 2454 in
1510 2413 1671 2453 Italiam

316 2479 593 2518 transmittant
620 2477 730 2519 Galli
755 2478 928 2527 bellum,
955 2478 1067 2532 ipsos
1092 2478 1135 2517 id
1159 2478 1370 2517 advertere
1395 2477 1438 2517 in
1463 2490 1507 2516 se
1532 2489 1672 2529 agros-

273 2555 290 2582 5
318 2554 396 2592 que
423 2555 518 2580 suos
545 2555 619 2594 pro
646 2540 788 2580 alienis
814 2540 1072 2594 populandos
1105 2539 1278 2580 obicere.
1335 2539 1476 2579 sedato
1507 2537 1670 2577 tandem

317 2601 482 2640 fremitu
512 2616 758 2655 responsum
788 2601 934 2655 legatis
968 2608 1048 2649 est,
1086 2615 1218 2653 neque
1243 2600 1525 2641 Romanorum
1555 2599 1597 2638 in
1628 2611 1670 2637 se

318 2663 507 2702 meritum
533 2677 623 2703 esse
648 2678 782 2716 neque
809 2663 1214 2717 Carthaginiensium
1239 2662 1453 2710 iniuriam,
1485 2660 1536 2701 ob
1567 2673 1670 2711 quae
