1815 3184
485 228 639 263 LIBER
663 228 870 272 XXVIIII,
895 228 927 262 5.
946 228 977 262 6.
1007 230 1054 270 [a.
1069 226 1205 270 0205]
1439 218 1520 258 447

171 346 360 373 cursuros
369 348 380 382 ;
407 346 455 372 ea
473 331 524 372 ab
541 329 672 372 Gallis
693 330 959 379 desideraret,
986 329 1135 383 quibus
1157 329 1314 370 occulte
1339 329 1522 370 adiuvari

170 400 321 449 posset.
381 392 629 447 Liguribus,
667 393 778 445 quod
807 392 950 446 procul
980 404 1080 447 agro
1106 391 1357 444 urbibusque
1382 406 1523 432 eorum
1549 405 1565 433 7

171 463 303 496 castra
328 455 518 496 Romana
543 455 640 503 sint,
671 454 799 494 libera
824 454 993 494 consilia
1018 468 1127 502 esse3
1165 453 1256 493 illos
1282 468 1438 493 armare
1462 453 1533 492 iu-.

171 523 379 557 ventutem
422 523 461 556 et
503 530 716 569 capessere
757 530 830 569 pro
867 523 979 569 parte
1017 515 1169 556 bellum
1205 529 1381 567 aequum
1418 529 1522 555 esse.
1571 551 1575 554 .

169 578 349 633 Ligures
386 577 497 618 haud
533 577 729 625 abnuere,
768 584 928 630 tempus
965 577 1088 617 modo
1124 577 1298 632 duorum
1334 591 1523 616 mensum

170 651 307 694 petere
333 640 385 680 ad
409 640 582 679 dilectus
607 639 831 679 habendos.
880 639 1041 678 interim
1066 638 1196 692 Mago
1222 638 1369 678 milites
1391 636 1522 679 Gallis

171 701 350 742 dimissis
377 701 481 741 clam
506 715 579 754 per
603 715 723 754 agros
750 715 890 740 eorum
915 700 1102 740 mercede
1128 700 1377 748 conducere3
1415 714 1526 739 com-

171 769 328 803 meatus
366 776 529 815 quoque
566 762 698 802 omnis
735 762 896 815 generis
935 761 1091 802 occulte
1128 761 1180 801 ad
1213 776 1305 801 eum
1338 776 1361 801 a
1393 759 1524 801 Gallis

171 824 333 878 populis
370 823 646 864 mittebantur.
706 822 767 862 ’Μ.
799 823 948 863 Livius
985 822 1207 862 exercitum
1244 822 1438 862 volonum
1475 836 1525 861 ex

170 885 335 925 Etruria
372 885 413 924 in
447 883 624 926 Galliam
661 885 837 924 traducit
873 885 1118 936 iunctusque
1149 884 1365 932 Lucretio,
1411 884 1445 924 si
1481 898 1524 923 se

172 945 301 1001 Mago
338 961 389 986 ex
419 945 647 1000 Liguribus
679 946 847 998 propius
879 945 1023 985 urbem
1054 952 1234 993 moveat,
1273 944 1437 985 obviam
1467 944 1525 984 ire

170 1015 304 1060 parat,
333 1008 366 1048 si
386 1007 551 1047 Poenus
579 1006 655 1046 sub
682 1006 832 1060 angulo
853 1006 1024 1059 Alpium
1050 1006 1210 1058 quietus
1238 1020 1281 1046 se
1307 1006 1523 1053 contineat,

170 1077 209 1109 et
233 1069 321 1122 ipse
347 1069 388 1108 in
413 1069 557 1109 eadem
581 1069 746 1121 regione
773 1068 879 1108 circa
898 1068 1134 1107 Ariminum
1152 1067 1295 1107 Italiae
1321 1068 1524 1121 praesidio

170 1130 345 1170 futurus.

254 1190 328 1231 VI.
389 1190 492 1230 Post
527 1190 702 1230 reditum
740 1204 791 1229 ex
827 1188 973 1230 Africa
1011 1188 1059 1229 C.
1092 1189 1212 1229 Laeli
1250 1196 1289 1229 et
1329 1187 1522 1242 Scipione

170 1252 377 1293 stimulato
408 1251 676 1301 Masinissae,
696 1250 1049 1292 adhortationibus
1087 1257 1126 1291 et
1157 1250 1372 1299 militibus,
1408 1265 1526 1304 prac-

169 1314 264 1354 dam
290 1328 341 1354 ex
365 1313 546 1354 hostium
571 1320 679 1365 terra
704 1312 964 1354 cernentibus
990 1319 1074 1352 tota
1106 1312 1236 1352 classe
1269 1312 1421 1360 efferri,
1460 1326 1527 1352 ac-

170 1375 302 1417 censis
339 1375 391 1416 ad
428 1375 696 1416 traiciendum
732 1389 856 1428 quam
891 1375 1086 1429 primum,
1128 1374 1346 1414 intervenit
1383 1374 1526 1414 maiori

170 1437 302 1477 minor
337 1437 529 1491 cogitatio
561 1437 719 1477 Locros
756 1436 900 1477 urbem
931 1436 1172 1490 recipiendi,
1210 1450 1315 1488 quae
1347 1435 1424 1476 sub
1455 1435 1525 1476 de-

171 1498 389 1538 fectionem
409 1497 553 1538 Italiae
573 1498 801 1538 desciverat
820 1505 858 1538 et
877 1498 966 1551 ipsa
987 1498 1039 1538 ad
1057 1497 1234 1537 Poenos.
1274 1503 1525 1550 spesautem

171 1558 440 1599 adfectandae
477 1559 563 1599 eius
599 1559 658 1599 rei
693 1573 744 1599 ex
779 1559 947 1598 minima
983 1573 1025 1599 re
1062 1558 1242 1598 adfulsit.
1302 1558 1525 1598 latrociniis

172 1620 304 1674 magis
335 1634 460 1672 quam
490 1620 598 1660 iusto
630 1619 736 1660 bello
766 1620 808 1660 in
833 1620 1005 1660 Bruttiis
1031 1619 1278 1674 gerebantur
1301 1634 1384 1667 res,
1417 1619 1527 1672 prin-

172 1681 277 1736 cipio
315 1681 366 1722 ab
396 1681 586 1722 Numidis
623 1681 733 1722 facto
771 1688 810 1722 et
840 1681 1013 1721 Bruttiis
1050 1696 1133 1721 non
1169 1680 1362 1721 societate
1393 1680 1525 1734 magis

170 1743 330 1783 Punica
361 1758 485 1796 quam
516 1750 660 1797 suopte
690 1743 855 1797 ingenio
887 1742 1206 1797 congruentibus
1237 1742 1278 1782 in
1310 1757 1404 1782 eum
1439 1756 1526 1782 mo-

170 1820 269 1845 rem.
328 1812 536 1859 postremo
561 1805 738 1845 Romani
769 1819 931 1858 quoque
962 1805 1042 1844 iam
1075 1803 1317 1858 contagione
1347 1804 1526 1856 quadam

170 1874 286 1921 rapto
311 1867 558 1921 gaudentes,
592 1874 790 1919 quantum
815 1881 888 1920 per
913 1867 1037 1906 duces
1063 1865 1229 1915 licebat,
1262 1865 1524 1906 excursiones

170 1928 211 1967 in
242 1928 422 1969 hostium
454 1943 573 1983 agros
605 1929 755 1981 facere,
814 1927 864 1968 ab
901 1928 949 1968 iis
987 1928 1143 1982 egressi
1179 1927 1346 1980 quidam
1381 1926 1526 1967 urbem

170 1991 403 2031 Locrenses
436 1990 704 2030 circumventi
734 1990 994 2044 Regiumque
1026 1989 1220 2030 abstracti
1250 1989 1422 2029 fuerant.
1483 1989 1525 2028 in

172 2066 220 2091 eo
246 2052 501 2105 captivorum
532 2066 702 2092 numero
728 2051 838 2092 fabri
869 2051 1036 2104 quidam
1066 2051 1200 2099 fuere,
1238 2051 1399 2091 adsueti
1429 2057 1528 2104 aput

171 2112 335 2153 Poenos
361 2113 548 2154 mercede
575 2128 677 2167 opus
703 2113 744 2152 in
769 2127 861 2153 arce
878 2113 1109 2153 Locrorum
1127 2112 1275 2152 facere.
1314 2111 1353 2151 hi
1374 2111 1526 2165 cogniti

173 2173 224 2214 ab
244 2174 517 2214 Locrensium
536 2174 808 2228 principibus,
835 2174 905 2227 qui
928 2174 1036 2228 pulsi
1061 2168 1112 2214 ab
1138 2174 1310 2214 adversa
1335 2173 1524 2222 factione,

173 2250 278 2287 quae
297 2235 523 2277 Hannibali
543 2237 702 2277 Locros
724 2237 962 2284 tradiderat,
988 2236 1167 2290 Regium
1189 2250 1232 2276 se
1259 2235 1524 2283 contulerant,

174 2311 267 2337 cum
293 2304 426 2338 cetera
451 2297 811 2351 percunctantibus
827 2305 915 2338 —ut
940 2312 1029 2338 mos
1055 2304 1117 2337 est
1141 2297 1211 2350 qui
1236 2297 1305 2336 diu
1330 2296 1526 2337 absunt—

173 2373 278 2411 quae
311 2359 420 2399 domi
446 2352 664 2414 agerentur
688 2360 993 2414 exposuissent,
1027 2373 1143 2413 spem
1168 2358 1370 2407 fecerunt,
1404 2358 1439 2399 si
1463 2372 1526 2398 re-

174 2421 329 2475 dempti
354 2436 401 2461 ac
425 2422 586 2463 remissi
611 2422 761 2471 forent,
799 2436 934 2462 arcem
966 2436 1010 2462 se
1039 2421 1088 2461 iis
1121 2421 1358 2460 tradituros:
1394 2419 1451 2460 ibi
1482 2434 1526 2460 se

173 2482 375 2531 habitare,
403 2483 608 2536 fidemque
635 2483 713 2524 sibi
736 2498 873 2523 rerum
892 2483 1075 2524 omnium
1093 2483 1198 2523 inter
1213 2482 1527 2536 Carthaginien-

175 2559 239 2584 ses
271 2559 375 2585 esse.
435 2545 571 2598 itaque
602 2552 647 2586 ut
676 2546 746 2598 qui
778 2545 899 2586 simul
924 2544 1125 2585 desiderio
1150 2544 1303 2598 patriae
1329 2558 1526 2598 angeren-

173 2613 248 2654 tur,
277 2606 397 2646 simul
423 2607 644 2661 cupiditate
668 2607 855 2648 inimicos
882 2607 1105 2648 ulciscendi
1130 2607 1334 2655 arderent,
1367 2606 1526 2646 redem-

1552 1509 1569 1536 [ὗ

1554 2557 1568 2584 7

172 2668 252 2721 ptis
279 2668 484 2722 extemplo
508 2669 557 2709 iis
589 2669 872 2722 remissisque,
911 2683 1005 2709 cum
1036 2668 1219 2709 ordinem
1252 2668 1436 2722 agendae
1466 2667 1524 2708 rei
1550 2680 1569 2708 ὅ
