1815 3184
259 498 274 525 7

256 682 274 711 8

256 930 274 958 9

301 251 384 291 450
601 256 754 290 LIBER
778 255 981 298 XXVHH,
1008 256 1039 288 8.
1059 256 1091 288 9.
1120 257 1169 297 [a.
1183 267 1216 288 u.
1233 267 1261 289 e.
1275 255 1357 299 549]

301 359 557 415 giniensibus
583 364 676 412 post
702 357 975 397 defectionem
1000 357 1051 398 ab
1070 356 1270 398 Romanis
1296 357 1477 407 fuerant,
1503 367 1548 400 ut
1571 376 1657 402 mo-

302 422 414 461 dicas
440 420 607 460 iniurias
633 433 716 459 non
741 433 871 472 aequo
897 419 1019 458 modo
1046 419 1182 459 animo
1206 420 1309 473 pati,
1348 420 1421 460 sed
1444 434 1571 474 prope
1596 422 1657 461 lu-

302 482 412 523 benti
437 488 604 535 possent
614 497 623 530 3
655 495 797 521 verum
824 481 932 521 enim
956 495 1053 521 vero
1079 488 1236 520 tantum
1256 480 1482 522 Pleminius
1496 481 1658 522 Hamil-

301 558 435 583 carem
470 542 664 596 praesidii
700 541 979 596 praefectum,
1028 548 1185 582 tantum
1227 543 1467 596 praesidiari
1509 543 1657 584 milites

300 606 477 646 Romani
504 605 666 645 Poenos
705 604 857 645 seelere
893 611 1014 657 atque
1052 604 1222 644 avaritia
1257 612 1570 658 superaverunt,
1614 613 1659 645 ut

300 684 381 708 non
418 667 560 716 armis,
600 667 672 708 sed
708 667 817 706 vitiis
854 666 1062 706 videretur
1098 666 1254 706 certari.
1326 667 1425 706 nihil
1462 668 1656 716 omnium,

300 744 404 783 quae
430 730 541 783 inopi
566 729 720 769 invisas
740 743 839 782 opes
865 728 1104 782 potentioris
1124 728 1296 776 faciunt,
1323 729 1658 782 praetermissum

299 792 340 831 in
378 791 604 845 oppidanos
649 796 711 831 est
752 790 803 830 ab
841 790 943 831 duce
986 797 1057 830 aut
1093 805 1115 830 a
1151 789 1367 831 militibus:
1416 791 1458 830 in
1490 805 1660 844 corpora

299 854 501 907 ipsorum,
551 853 593 892 in
629 852 798 901 liberos,
848 852 890 891 in
926 852 1122 906 coniuges
1158 851 1350 892 infandae
1388 852 1659 893 contumeliae

301 915 445 955 editae.
491 930 585 954 nam
612 914 781 955 avaritia
806 928 857 954 ne
883 928 1091 953 sacrorum
1113 913 1277 965 quidem
1299 913 1540 967 spoliatione
1566 913 1660 954 abs-

300 977 436 1024 tinuit,
487 991 561 1016 nec
599 976 677 1016 alia
713 976 835 1016 modo
873 975 1025 1029 templa
1062 975 1230 1023 violata,
1282 976 1355 1015 sed
1384 974 1658 1029 Proserpinae

301 1040 423 1079 etiam
448 1039 589 1079 intacti
621 1039 731 1079 omni
762 1044 892 1078 aetate
924 1037 1152 1086 thensauri,
1191 1045 1476 1091 praeterquam
1502 1038 1612 1090 quod
1637 1053 1660 1077 a

299 1100 480 1154 Pyrrho,
519 1101 588 1154 qui
620 1115 713 1140 eum
744 1114 895 1153 magno
926 1099 1088 1153 piaculo
1121 1099 1325 1153 sacrilegii
1356 1099 1419 1140 sui
1444 1099 1658 1140 manubias

237 1176 276 1204 10
300 1162 478 1210 rettulit,
540 1162 702 1215 spoliati
750 1161 1002 1201 dicebantur.
1081 1175 1179 1214 ergo
1229 1161 1334 1200 sieut
1382 1167 1475 1200 ante
1522 1161 1659 1215 regiae

239 1361 273 1389 11

256 1730 274 1759 [Ο

259 2594 276 2621 6

302 1238 428 1263 naves
454 1223 654 1263 laceratae
685 1222 912 1276 naufragiis
944 1222 1042 1261 nihil
1074 1222 1117 1261 in
1142 1230 1291 1261 terram
1316 1221 1463 1276 integri
1500 1229 1660 1275 praeter

303 1299 460 1326 sacram
496 1285 713 1338 pecuniam
750 1284 869 1332 deae,
919 1298 1041 1336 quam
1080 1282 1367 1337 asportabant,
1418 1284 1658 1331 extulerant,

303 1354 388 1387 tum
415 1361 577 1399 quoque
608 1346 687 1386 alio
719 1360 867 1400 genere
899 1345 1026 1385 eladis
1053 1346 1195 1385 eadem
1228 1345 1295 1384 illa
1327 1345 1499 1398 pecunia
1530 1345 1660 1384 omni-

303 1409 380 1449 bus
412 1408 609 1449 contactis
642 1423 689 1448 ea
719 1407 938 1447 violatione
970 1407 1111 1460 templi
1142 1407 1321 1446 furorem
1359 1406 1507 1447 obiecit
1538 1415 1659 1460 atque

301 1471 405 1510 inter
431 1485 473 1510 se
499 1470 645 1510 ducem
671 1470 712 1509 in
738 1470 902 1517 ducem,
930 1469 1099 1508 militem
1124 1468 1165 1508 in
1191 1468 1360 1508 militem
1385 1468 1497 1509 rabie
1522 1468 1659 1510 hostili

302 1533 433 1572 vertit.

386 1593 531 1633 VIIII.
582 1592 779 1633 Summae
805 1593 863 1632 rei
882 1591 1110 1632 Pleminius
1136 1597 1338 1645 praeerat3
1366 1591 1540 1632 militum
1565 1607 1659 1646 pars

302 1655 378 1695 sub
405 1669 470 1703 eo,
498 1669 621 1707 quam
647 1655 734 1708 ipse
761 1654 811 1694 ab
832 1654 964 1707 Regio
991 1653 1233 1702 abduxerat,
1260 1669 1355 1708 pars
1383 1653 1459 1694 sub
1485 1654 1658 1695 tribunis

302 1723 398 1756 erat.
465 1724 582 1769 rapto
613 1716 761 1770 poculo
792 1722 986 1770 argenteo
1019 1730 1069 1755 ex
1100 1715 1294 1769 oppidani
1330 1716 1451 1756 domo
1483 1715 1660 1756 Plemini

300 1778 417 1818 miles
454 1778 643 1832 fugiens,
693 1777 959 1830 sequentibus
997 1792 1171 1830 quorum
1208 1783 1316 1826 erat,
1367 1777 1513 1817 obvius
1555 1777 1661 1818 forte

304 1840 449 1895 Sergio
481 1848 519 1880 et
549 1839 736 1880 Matieno
768 1839 940 1880 tribunis
972 1839 1147 1879 militum
1179 1839 1275 1888 fuit;
1313 1839 1378 1879 eui
1414 1853 1507 1879 eum
1545 1839 1661 1880 iussu

301 1902 555 1942 tribunorum
594 1902 831 1956 ademptum
867 1901 1061 1955 poculum
1098 1907 1226 1949 esset,
1276 1901 1454 1955 iurgium
1490 1900 1584 1941 inde
1623 1908 1661 1941 et

302 1964 472 2012 elamor,
521 1978 662 2018 pugna
698 1970 905 2017 postremo
943 1970 1030 2003 orta
1065 1963 1170 2003 inter
1199 1962 1377 2003 Plemini
1412 1962 1560 2003 milites
1593 1963 1662 2002 tri-

303 2025 606 2078 bunorumque,
633 2032 678 2065 ut
705 2025 788 2066 suis
816 2025 989 2078 quisque
1016 2032 1270 2079 opportunus
1291 2025 1530 2073 advenerat,
1556 2024 1661 2064 mul-

301 2087 473 2127 titudine
500 2087 621 2127 simul
648 2102 694 2128 ae
725 2087 903 2127 tumultu
929 2095 1150 2128 crescente.
1199 2086 1296 2126 vieti
1309 2086 1486 2126 Plemini
1511 2086 1660 2126 milites

302 2164 395 2189 eum
421 2149 472 2189 ad
498 2148 767 2197 Pleminium,
795 2164 979 2189 eruorem
1005 2164 1053 2189 ae
1077 2149 1247 2189 vulnera
1272 2155 1543 2197 ostentantes,
1580 2163 1662 2189 non

302 2211 388 2250 sine
414 2210 704 2251 vociferatione
725 2218 847 2264 atque
866 2211 1146 2265 indignatione
1167 2210 1487 2259 eoneurrissent,
1514 2209 1663 2263 probra

300 2272 342 2311 in
373 2287 466 2312 eum
498 2273 634 2326 ipsum
666 2273 815 2313 iactata
844 2273 885 2313 in
916 2273 1059 2327 iurgiis
1090 2273 1333 2321 referentes,
1372 2287 1570 2312 aecensus
1602 2272 1662 2312 ira

302 2335 423 2375 domo
450 2350 540 2376 sese
566 2336 776 2390 proripuit.
814 2342 1065 2388 vocatosque
1085 2335 1270 2375 tribunos
1289 2335 1436 2375 nudari
1455 2349 1502 2375 ae
1523 2334 1660 2389 virgas

303 2397 484 2450 expediri
520 2397 645 2438 iubet.
706 2398 803 2438 dum
843 2397 1066 2452 spoliandis
1103 2397 1152 2437 iis
1178 2422 1211 2425 —
1235 2396 1520 2451 repugnabant
1552 2396 1660 2436 enim

302 2458 553 2512 militemque
578 2459 853 2513 implorabant
876 2484 909 2488 —
934 2468 1096 2513 tempus
1123 2459 1285 2507 teritur,
1319 2465 1486 2512 repente
1512 2458 1661 2498 milites

302 2519 459 2561 feroces
484 2522 637 2561 recenti
662 2522 832 2562 victoria
863 2537 914 2562 ex
945 2520 1136 2562 omnibus
1161 2521 1280 2569 loeis,
1322 2521 1432 2560 velut
1463 2520 1661 2560 adversus

302 2581 431 2622 hostis
458 2583 509 2622 ad
535 2599 647 2624 arma
668 2584 969 2624 conclamatum
994 2590 1121 2632 esset,
1149 2589 1451 2623 concurrerunt.
1502 2589 1541 2622 et
1566 2596 1659 2622 eum

303 2643 453 2682 violata
478 2644 559 2683 iam
584 2646 710 2699 virgis
737 2660 908 2699 corpora
933 2645 1189 2686 tribunorum
1214 2645 1426 2693 vidissent,
1453 2650 1540 2683 tum
1564 2656 1660 2682 vero

304 2703 345 2742 in
381 2705 509 2744 multo
545 2706 858 2758 inpotentiorem
896 2707 1032 2748 subito
1071 2706 1226 2746 rabiem
1258 2706 1439 2753 accensi,
1477 2705 1563 2743 sine
1598 2716 1659 2742 re-
