1815 3184
532 217 683 251 LIBER
707 216 891 260 XXVIII,
917 215 971 249 46.
988 218 1047 258 [a.
1063 215 1102 250 c,
1117 214 1198 258 205]
1463 204 1546 246 439

192 320 359 374 appulit.
431 319 607 374 Ingauni
632 344 664 347 —
694 319 899 373 Ligurum
937 333 985 359 ea
1019 332 1122 372 gens
1162 323 1224 358 est
1248 342 1281 346 —
1310 316 1464 359 bellum
1500 331 1549 358 ea

192 388 434 435 tempestate
476 381 674 435 gerebant
716 396 810 421 cum
852 380 1087 434 Epanteriis
1135 380 1352 420 montanis.
1424 379 1549 434 igitur

191 441 357 483 Poenus
375 442 557 490 Savone,
584 443 734 496 oppido
754 442 925 496 Alpino,
952 441 1104 495 praeda
1128 441 1315 495 deposita
1339 447 1379 481 et
1403 441 1546 482 decem

191 504 323 558 longis
350 504 523 545 navibus
554 504 597 543 in
629 504 800 544 statione
833 504 885 544 ad
914 503 1164 557 praesidium
1194 503 1364 552 relictis,
1402 503 1546 544 ceteris

193 565 488 620 Carthaginem
515 565 652 605 missis
685 565 736 605 ad
767 565 961 605 tuendam
992 564 1251 604 maritumam
1283 579 1414 612 oram,
1452 565 1548 617 quia

191 626 303 666 fama
328 634 412 667 erat
439 626 674 680 Scipionem
700 627 980 674 traiecturum,
1017 626 1105 679 ipse
1137 626 1329 666 societate
1361 641 1453 665 cum
1477 625 1548 666 In-

190 688 356 741 gaunis,
401 702 574 740 quorum
610 688 783 742 gratiam
821 687 1016 735 malebat,
1061 687 1288 740 composita
1322 686 1545 728 Montanos

190 749 363 789 instituit
399 764 650 804 oppugnare.
712 757 751 789 et
787 749 997 790 crescebat
1033 750 1235 789 exercitus
1272 748 1314 788 in
1349 749 1454 798 dies,
1493 749 1545 789 ad

190 812 343 851 samam
381 812 557 851 nominis
600 812 687 851 eius
726 809 857 852 Gallis
896 811 1076 863 undique
1115 810 1426 851 confluentibus.
1498 825 1546 851 ea

193 871 354 927 [causa]
383 873 525 913 litteris
553 873 717 926 cognita
739 871 812 926 Sp.
827 865 1012 920 Lucreti,
1039 887 1089 912 ne
1116 872 1267 912 frustra
1281 870 1546 912 Hasdrubale

191 948 283 973 cum
321 935 501 974 exercitu
536 935 669 974 deleto
706 933 869 974 biennio
906 941 999 974 ante
1035 933 1167 973 forent
1203 933 1359 982 laetati,
1404 933 1438 974 si
1474 948 1548 987 par

190 995 300 1034 aliud
325 996 418 1035 inde
444 995 616 1043 bellum,
654 996 758 1035 duce
784 1001 941 1034 tantum
967 1002 1141 1043 mutato,
1181 995 1368 1043 oriretur,
1407 1009 1545 1034 curam

188 1057 397 1110 ingentem
434 1057 620 1096 accendit
655 1056 853 1110 patribus.
914 1056 1052 1107 itaque
1084 1063 1123 1095 et
1152 1056 1213 1096 M.
1246 1056 1416 1095 Livium
1453 1071 1546 1109 pro-

190 1117 399 1157 consulem
437 1132 488 1156 ex
511 1117 679 1156 Etruria
715 1117 910 1156 volonum
947 1116 1171 1156 exercitum
1207 1117 1426 1156 admovere
1450 1116 1547 1156 Ari-

188 1177 344 1217 minum
369 1178 594 1225 iusserunt,
623 1185 661 1217 ct
677 1177 752 1219 Cn.
772 1176 946 1218 Servilio
964 1177 1142 1231 praetori
1159 1177 1371 1231 negotium
1391 1178 1544 1226 datum,

188 1246 233 1278 ut
258 1238 292 1278 si
317 1253 338 1278 e
363 1253 405 1278 re
431 1238 595 1292 publica
621 1245 805 1279 censeret
830 1253 940 1287 esse,
972 1238 1151 1278 urbanas
1178 1238 1379 1293 legiones,
1418 1239 1546 1292 impe-

186 1299 247 1340 rio
272 1300 338 1339 cui
363 1300 566 1340 videretur
591 1301 704 1349 dato,
732 1315 782 1340 ex
808 1300 908 1340 urbe
934 1300 1029 1340 duci
1054 1300 1224 1341 iuberet.
1273 1299 1334 1340 M.
1355 1299 1546 1341 Valerius

187 1361 400 1402 Laevinus
426 1362 638 1402 Arretium
664 1377 733 1402 eas
759 1362 943 1416 legiones
970 1362 1098 1402 duxit.

272 1423 445 1463 Eisdem
481 1424 626 1464 diebus
664 1439 790 1464 naves
829 1424 1036 1464 onerariae
1073 1424 1309 1464 Poenorum
1347 1424 1399 1464 ad
1436 1431 1547 1465 octo-

189 1485 302 1538 ginta
338 1484 445 1524 circa
483 1483 715 1525 Sardiniam
759 1485 809 1525 ab
850 1484 926 1525 Cn.
961 1484 1157 1534 Octavio,
1206 1486 1277 1538 qui
1310 1486 1546 1539 provinciae

188 1551 391 1599 praeerat,
441 1553 597 1599 captae.
669 1552 809 1599 captas
848 1545 1017 1586 Coelius
1065 1546 1271 1587 frumento
1319 1547 1446 1587 misso
1494 1548 1546 1587 ad

190 1607 467 1647 Hannibalem
515 1614 828 1660 commeatuque
875 1616 1063 1656 onustas,
1112 1607 1303 1648 Valerius
1350 1609 1546 1662 praedam

188 1668 410 1708 Etruscam
446 1668 737 1722 Ligurumque
786 1675 825 1708 et
871 1668 1166 1708 Montanorum
1215 1669 1399 1723 captivos
1443 1668 1546 1710 Car-

190 1730 399 1784 thaginem
437 1730 636 1783 portantis
674 1730 807 1770 tradit.
868 1730 909 1769 in
934 1730 1106 1770 Bruttiis
1143 1730 1243 1770 nihil
1279 1731 1407 1771 ferme
1439 1746 1545 1771 anno

190 1806 237 1832 eo
268 1792 531 1832 memorabile
563 1798 739 1846 gestum.
799 1792 1030 1845 pestilentia
1061 1792 1283 1832 incesserat
1311 1793 1400 1846 pari
1431 1793 1546 1833 clade

189 1854 231 1893 in
266 1854 476 1894 Romanos
512 1854 777 1906 Poenosque,
820 1854 899 1894 nisi
936 1854 1046 1906 quod
1081 1853 1286 1894 Punicum
1321 1854 1544 1894 exercitum

191 1930 314 1969 super
338 1915 526 1955 morbum
553 1916 675 1956 ctiam
699 1916 830 1955 fames
857 1916 1019 1955 adfecit.
1075 1923 1240 1969 propter
1263 1916 1434 1956 Iunonis
1459 1916 1545 1956 La-

191 1977 320 2017 ciniae
345 1977 543 2030 templum
569 1984 764 2017 aestatem
786 1977 998 2017 Hannibal
1023 1978 1123 2032 egit,
1149 1977 1288 2030 ibique
1313 1994 1425 2018 aram
1451 1993 1546 2019 con-

191 2039 293 2078 didit
329 2039 613 2092 dedicavitque
656 2053 750 2079 cum
790 2039 947 2093 ingenti
988 2054 1125 2080 rerum
1167 2047 1377 2094 gestarum
1414 2039 1542 2088 titulo,

191 2100 360 2142 Punicis
388 2100 641 2154 Graecisque
666 2101 809 2141 litteris
835 2100 1052 2155 insculpto.

1574 331 1591 361 9

1575 395 1614 423 10

1574 641 1610 668 11

1573 825 1611 854 12

1574 1070 1612 1100 13

1574 1438 1611 1466 14

1574 1744 1612 1772 152

1574 1931 1612 1959 10·
