<?xml version="1.0" encoding="UTF-8"?>
<!DOCTYPE html PUBLIC "-//W3C//DTD XHTML 1.0 Transitional//EN"
    "http://www.w3.org/TR/xhtml1/DTD/xhtml1-transitional.dtd">
<html xmlns="http://www.w3.org/1999/xhtml" xml:lang="en" lang="en">
 <head>
  <title>
</title>
<meta http-equiv="Content-Type" content="text/html;charset=utf-8" />
  <meta name='ocr-system' content='tesseract 3.04.00' />
  <meta name='ocr-capabilities' content='ocr_page ocr_carea ocr_par ocr_line ocrx_word'/>
</head>
<body>
  <div class='ocr_page' id='page_1' title='image "./aburbeconditalib02livyuoft_0124.png"; bbox 0 0 1815 3184; ppageno 0'>
   <div class='ocr_carea' id='block_1_1' title="bbox 293 238 1322 289">
    <p class='ocr_par' dir='ltr' id='par_1_1' title="bbox 293 238 1322 289">
     <span class='ocr_line' id='line_1_1' title="bbox 293 238 1322 289; baseline 0 -11"><span class='ocrx_word' id='word_1_1' title='bbox 293 238 348 278; x_wconf 79' lang='lat'>20</span> <span class='ocrx_word' id='word_1_2' title='bbox 614 245 767 279; x_wconf 81' lang='lat' dir='ltr'>LIBER</span> <span class='ocrx_word' id='word_1_3' title='bbox 793 245 904 289; x_wconf 75' lang='lat' dir='ltr'>xxi,</span> <span class='ocrx_word' id='word_1_4' title='bbox 930 246 984 279; x_wconf 67' lang='lat'>⁶24.</span> <span class='ocrx_word' id='word_1_5' title='bbox 1003 245 1057 279; x_wconf 74' lang='lat'>25.</span> <span class='ocrx_word' id='word_1_6' title='bbox 1084 245 1322 288; x_wconf 74' lang='lat' dir='ltr'>[a.u.e.53‹5]</span> 
     </span>
    </p>
   </div>
   <div class='ocr_carea' id='block_1_2' title="bbox 230 346 1652 2755">
    <p class='ocr_par' dir='ltr' id='par_1_2' title="bbox 289 346 1641 404">
     <span class='ocr_line' id='line_1_2' title="bbox 289 346 1641 404; baseline -0.001 -14"><span class='ocrx_word' id='word_1_7' title='bbox 289 363 595 404; x_wconf 88' lang='lat' dir='ltr'>processurum,</span> <span class='ocrx_word' id='word_1_8' title='bbox 633 355 678 387; x_wconf 86' lang='lat' dir='ltr'>ut</span> <span class='ocrx_word' id='word_1_9' title='bbox 708 362 759 387; x_wconf 85' lang='lat' dir='ltr'>ex</span> <span class='ocrx_word' id='word_1_10' title='bbox 787 347 1017 402; x_wconf 82' lang='lat' dir='ltr'>propinquo</span> <span class='ocrx_word' id='word_1_11' title='bbox 1049 361 1296 402; x_wconf 86' lang='lat' dir='ltr'>congressus</span> <span class='ocrx_word' id='word_1_12' title='bbox 1327 346 1486 387; x_wconf 83' lang='lat' dir='ltr'>facilior</span> <span class='ocrx_word' id='word_1_13' title='bbox 1516 356 1641 389; x_wconf 83' lang='lat' dir='ltr'>esset:</span> 
     </span>
    </p>

    <p class='ocr_par' dir='ltr' id='par_1_3' title="bbox 246 409 1645 587">
     <span class='ocr_line' id='line_1_3' title="bbox 246 409 1643 463; baseline -0.002 -10"><span class='ocrx_word' id='word_1_14' title='bbox 246 426 265 454; x_wconf 89' lang='grc'>4</span> <span class='ocrx_word' id='word_1_15' title='bbox 291 426 385 451; x_wconf 87' lang='lat' dir='ltr'>nam</span> <span class='ocrx_word' id='word_1_16' title='bbox 410 417 448 450; x_wconf 93' lang='lat' dir='ltr'>et</span> <span class='ocrx_word' id='word_1_17' title='bbox 474 416 736 463; x_wconf 85' lang='lat' dir='ltr'>accepturum</span> <span class='ocrx_word' id='word_1_18' title='bbox 763 424 833 450; x_wconf 90' lang='lat' dir='ltr'>eos</span> <span class='ocrx_word' id='word_1_19' title='bbox 858 409 900 449; x_wconf 89' lang='lat' dir='ltr'>in</span> <span class='ocrx_word' id='word_1_20' title='bbox 920 416 1054 449; x_wconf 86' lang='lat' dir='ltr'>castra</span> <span class='ocrx_word' id='word_1_21' title='bbox 1075 424 1150 449; x_wconf 88' lang='lat' dir='ltr'>sua</span> <span class='ocrx_word' id='word_1_22' title='bbox 1170 424 1213 450; x_wconf 89' lang='lat' dir='ltr'>se</span> <span class='ocrx_word' id='word_1_23' title='bbox 1232 409 1401 458; x_wconf 85' lang='lat' dir='ltr'>laetum,</span> <span class='ocrx_word' id='word_1_24' title='bbox 1428 424 1503 449; x_wconf 89' lang='lat' dir='ltr'>nee</span> <span class='ocrx_word' id='word_1_25' title='bbox 1524 424 1643 450; x_wconf 87' lang='lat' dir='ltr'>cunc-</span> 
     </span>
     <span class='ocr_line' id='line_1_4' title="bbox 290 470 1644 524; baseline -0.001 -13"><span class='ocrx_word' id='word_1_26' title='bbox 290 480 423 511; x_wconf 86' lang='lat' dir='ltr'>tanter</span> <span class='ocrx_word' id='word_1_27' title='bbox 458 485 502 511; x_wconf 90' lang='lat' dir='ltr'>se</span> <span class='ocrx_word' id='word_1_28' title='bbox 538 471 675 524; x_wconf 86' lang='lat' dir='ltr'>ipsum</span> <span class='ocrx_word' id='word_1_29' title='bbox 712 471 764 511; x_wconf 86' lang='lat' dir='ltr'>ad</span> <span class='ocrx_word' id='word_1_30' title='bbox 801 485 871 511; x_wconf 86' lang='lat' dir='ltr'>eos</span> <span class='ocrx_word' id='word_1_31' title='bbox 914 478 1144 510; x_wconf 84' lang='lat' dir='ltr'>venturum.</span> <span class='ocrx_word' id='word_1_32' title='bbox 1204 470 1409 524; x_wconf 82' lang='lat' dir='ltr'>hospitem</span> <span class='ocrx_word' id='word_1_33' title='bbox 1452 471 1560 511; x_wconf 89' lang='lat' dir='ltr'>enim</span> <span class='ocrx_word' id='word_1_34' title='bbox 1602 485 1644 511; x_wconf 85' lang='lat' dir='ltr'>se</span> 
     </span>
     <span class='ocr_line' id='line_1_5' title="bbox 291 532 1645 587; baseline -0.001 -13"><span class='ocrx_word' id='word_1_35' title='bbox 291 532 470 580; x_wconf 87' lang='lat' dir='ltr'>Galliae,</span> <span class='ocrx_word' id='word_1_36' title='bbox 508 547 590 572; x_wconf 92' lang='lat' dir='ltr'>non</span> <span class='ocrx_word' id='word_1_37' title='bbox 620 532 781 573; x_wconf 90' lang='lat' dir='ltr'>hostem</span> <span class='ocrx_word' id='word_1_38' title='bbox 811 532 1047 581; x_wconf 84' lang='lat' dir='ltr'>advenisse,</span> <span class='ocrx_word' id='word_1_39' title='bbox 1079 546 1155 572; x_wconf 86' lang='lat' dir='ltr'>nee</span> <span class='ocrx_word' id='word_1_40' title='bbox 1181 532 1416 572; x_wconf 86' lang='lat' dir='ltr'>stricturum</span> <span class='ocrx_word' id='word_1_41' title='bbox 1441 539 1534 572; x_wconf 88' lang='lat' dir='ltr'>ante</span> <span class='ocrx_word' id='word_1_42' title='bbox 1559 532 1645 587; x_wconf 84' lang='lat' dir='ltr'>gla-</span> 
     </span>
    </p>

    <p class='ocr_par' dir='ltr' id='par_1_4' title="bbox 246 592 1646 648">
     <span class='ocr_line' id='line_1_6' title="bbox 246 592 1646 648; baseline -0.001 -12"><span class='ocrx_word' id='word_1_43' title='bbox 246 609 264 638; x_wconf 88' lang='lat'>5</span> <span class='ocrx_word' id='word_1_44' title='bbox 290 595 420 642; x_wconf 89' lang='lat' dir='ltr'>dium,</span> <span class='ocrx_word' id='word_1_45' title='bbox 455 594 489 634; x_wconf 90' lang='lat' dir='ltr'>si</span> <span class='ocrx_word' id='word_1_46' title='bbox 513 608 586 648; x_wconf 86' lang='lat' dir='ltr'>per</span> <span class='ocrx_word' id='word_1_47' title='bbox 614 592 757 635; x_wconf 79' lang='lat' dir='ltr'>Gallos</span> <span class='ocrx_word' id='word_1_48' title='bbox 783 595 922 643; x_wconf 85' lang='lat' dir='ltr'>liceat,</span> <span class='ocrx_word' id='word_1_49' title='bbox 955 609 1080 647; x_wconf 85' lang='lat' dir='ltr'>quam</span> <span class='ocrx_word' id='word_1_50' title='bbox 1104 594 1146 634; x_wconf 88' lang='lat' dir='ltr'>in</span> <span class='ocrx_word' id='word_1_51' title='bbox 1171 593 1334 634; x_wconf 86' lang='lat' dir='ltr'>Italiam</span> <span class='ocrx_word' id='word_1_52' title='bbox 1360 595 1552 634; x_wconf 87' lang='lat' dir='ltr'>venisset.</span> <span class='ocrx_word' id='word_1_53' title='bbox 1608 601 1646 635; x_wconf 93' lang='lat' dir='ltr'>et</span> 
     </span>
    </p>

    <p class='ocr_par' dir='ltr' id='par_1_5' title="bbox 288 653 1647 896">
     <span class='ocr_line' id='line_1_7' title="bbox 288 653 1646 710; baseline 0.001 -15"><span class='ocrx_word' id='word_1_54' title='bbox 288 671 362 710; x_wconf 87' lang='lat' dir='ltr'>per</span> <span class='ocrx_word' id='word_1_55' title='bbox 385 656 549 696; x_wconf 87' lang='lat' dir='ltr'>nuntios</span> <span class='ocrx_word' id='word_1_56' title='bbox 575 656 742 709; x_wconf 88' lang='lat' dir='ltr'>quidem</span> <span class='ocrx_word' id='word_1_57' title='bbox 767 656 881 697; x_wconf 87' lang='lat' dir='ltr'>haec.</span> <span class='ocrx_word' id='word_1_58' title='bbox 919 663 964 696; x_wconf 85' lang='lat' dir='ltr'>ut</span> <span class='ocrx_word' id='word_1_59' title='bbox 988 670 1085 696; x_wconf 86' lang='lat' dir='ltr'>vero</span> <span class='ocrx_word' id='word_1_60' title='bbox 1110 655 1241 710; x_wconf 88' lang='lat' dir='ltr'>reguli</span> <span class='ocrx_word' id='word_1_61' title='bbox 1262 653 1476 696; x_wconf 81' lang='lat' dir='ltr'>Gallorum</span> <span class='ocrx_word' id='word_1_62' title='bbox 1503 656 1646 696; x_wconf 86' lang='lat' dir='ltr'>eastris</span> 
     </span>
     <span class='ocr_line' id='line_1_8' title="bbox 290 717 1644 773; baseline -0.001 -15"><span class='ocrx_word' id='word_1_63' title='bbox 290 719 342 758; x_wconf 87' lang='lat' dir='ltr'>ad</span> <span class='ocrx_word' id='word_1_64' title='bbox 366 717 570 758; x_wconf 81' lang='lat' dir='ltr'>Iliberrim</span> <span class='ocrx_word' id='word_1_65' title='bbox 602 718 808 772; x_wconf 85' lang='lat' dir='ltr'>extemplo</span> <span class='ocrx_word' id='word_1_66' title='bbox 839 718 959 758; x_wconf 86' lang='lat' dir='ltr'>motis</span> <span class='ocrx_word' id='word_1_67' title='bbox 993 717 1102 758; x_wconf 87' lang='lat' dir='ltr'>haud</span> <span class='ocrx_word' id='word_1_68' title='bbox 1133 724 1352 773; x_wconf 84' lang='lat' dir='ltr'>gravanter</span> <span class='ocrx_word' id='word_1_69' title='bbox 1383 718 1434 757; x_wconf 88' lang='lat' dir='ltr'>ad</span> <span class='ocrx_word' id='word_1_70' title='bbox 1458 717 1644 758; x_wconf 88' lang='lat' dir='ltr'>Poenum</span> 
     </span>
     <span class='ocr_line' id='line_1_9' title="bbox 288 779 1647 834; baseline 0.001 -15"><span class='ocrx_word' id='word_1_71' title='bbox 288 786 507 828; x_wconf 74' lang='lat' dir='ltr'>venerunt,</span> <span class='ocrx_word' id='word_1_72' title='bbox 541 779 649 833; x_wconf 90' lang='lat' dir='ltr'>capti</span> <span class='ocrx_word' id='word_1_73' title='bbox 674 780 792 820; x_wconf 86' lang='lat' dir='ltr'>donis</span> <span class='ocrx_word' id='word_1_74' title='bbox 819 794 912 819; x_wconf 87' lang='lat' dir='ltr'>eum</span> <span class='ocrx_word' id='word_1_75' title='bbox 938 779 1046 820; x_wconf 86' lang='lat' dir='ltr'>bona</span> <span class='ocrx_word' id='word_1_76' title='bbox 1071 793 1171 834; x_wconf 89' lang='lat' dir='ltr'>pace</span> <span class='ocrx_word' id='word_1_77' title='bbox 1198 780 1422 819; x_wconf 78' lang='lat' dir='ltr'>exercitum</span> <span class='ocrx_word' id='word_1_78' title='bbox 1452 794 1526 834; x_wconf 91' lang='lat' dir='ltr'>per</span> <span class='ocrx_word' id='word_1_79' title='bbox 1555 780 1647 820; x_wconf 89' lang='lat' dir='ltr'>finis</span> 
     </span>
     <span class='ocr_line' id='line_1_10' title="bbox 291 842 1452 896; baseline 0 -14"><span class='ocrx_word' id='word_1_80' title='bbox 291 857 388 882; x_wconf 87' lang='lat' dir='ltr'>suos</span> <span class='ocrx_word' id='word_1_81' title='bbox 413 848 574 896; x_wconf 85' lang='lat' dir='ltr'>praeter</span> <span class='ocrx_word' id='word_1_82' title='bbox 597 842 877 882; x_wconf 70' lang='lat' dir='ltr'>Ruscinonem</span> <span class='ocrx_word' id='word_1_83' title='bbox 905 842 1101 896; x_wconf 86' lang='lat' dir='ltr'>oppidum</span> <span class='ocrx_word' id='word_1_84' title='bbox 1128 842 1452 882; x_wconf 86' lang='lat' dir='ltr'>transmiserunt.</span> 
     </span>
    </p>

    <p class='ocr_par' dir='ltr' id='par_1_6' title="bbox 247 903 1647 956">
     <span class='ocr_line' id='line_1_11' title="bbox 247 903 1647 956; baseline -0.001 -11"><span class='ocrx_word' id='word_1_85' title='bbox 247 918 261 946; x_wconf 88' lang='lat'>1</span> <span class='ocrx_word' id='word_1_86' title='bbox 375 903 526 944; x_wconf 84' lang='lat' dir='ltr'><strong>XXV.</strong></span> <span class='ocrx_word' id='word_1_87' title='bbox 587 903 637 943; x_wconf 89' lang='lat' dir='ltr'>In</span> <span class='ocrx_word' id='word_1_88' title='bbox 662 904 823 944; x_wconf 85' lang='lat' dir='ltr'>Italiam</span> <span class='ocrx_word' id='word_1_89' title='bbox 854 904 1014 943; x_wconf 87' lang='lat' dir='ltr'>interim</span> <span class='ocrx_word' id='word_1_90' title='bbox 1040 903 1141 943; x_wconf 86' lang='lat' dir='ltr'>nihil</span> <span class='ocrx_word' id='word_1_91' title='bbox 1166 903 1271 943; x_wconf 87' lang='lat' dir='ltr'>ultra</span> <span class='ocrx_word' id='word_1_92' title='bbox 1295 918 1419 956; x_wconf 86' lang='lat' dir='ltr'>quam</span> <span class='ocrx_word' id='word_1_93' title='bbox 1444 903 1647 944; x_wconf 88' lang='lat' dir='ltr'>Hiberum</span> 
     </span>
    </p>

    <p class='ocr_par' dir='ltr' id='par_1_7' title="bbox 290 965 1648 1020">
     <span class='ocr_line' id='line_1_12' title="bbox 290 965 1648 1020; baseline 0.001 -15"><span class='ocrx_word' id='word_1_94' title='bbox 290 966 486 1006; x_wconf 77' lang='lat' dir='ltr'>transisse</span> <span class='ocrx_word' id='word_1_95' title='bbox 506 965 784 1007; x_wconf 85' lang='lat' dir='ltr'>Hannibalem</span> <span class='ocrx_word' id='word_1_96' title='bbox 806 982 830 1006; x_wconf 90' lang='lat' dir='ltr'>a</span> <span class='ocrx_word' id='word_1_97' title='bbox 849 966 1175 1006; x_wconf 82' lang='lat' dir='ltr'>Massiliensium</span> <span class='ocrx_word' id='word_1_98' title='bbox 1195 966 1341 1020; x_wconf 85' lang='lat' dir='ltr'>legatis</span> <span class='ocrx_word' id='word_1_99' title='bbox 1362 966 1539 1006; x_wconf 84' lang='lat' dir='ltr'>Romam</span> <span class='ocrx_word' id='word_1_100' title='bbox 1558 981 1648 1020; x_wconf 87' lang='lat' dir='ltr'>per-</span> 
     </span>
    </p>

    <p class='ocr_par' dir='ltr' id='par_1_8' title="bbox 289 1028 1648 1206">
     <span class='ocr_line' id='line_1_13' title="bbox 290 1028 1648 1082; baseline 0 -14"><span class='ocrx_word' id='word_1_101' title='bbox 290 1028 418 1068; x_wconf 88' lang='lat' dir='ltr'>latum</span> <span class='ocrx_word' id='word_1_102' title='bbox 446 1035 548 1077; x_wconf 83' lang='lat' dir='ltr'>erat,</span> <span class='ocrx_word' id='word_1_103' title='bbox 583 1043 675 1068; x_wconf 80' lang='lat' dir='ltr'>cuni</span> <span class='ocrx_word' id='word_1_104' title='bbox 703 1029 869 1082; x_wconf 82' lang='lat' dir='ltr'>perinde</span> <span class='ocrx_word' id='word_1_105' title='bbox 896 1044 943 1069; x_wconf 89' lang='lat' dir='ltr'>ae</span> <span class='ocrx_word' id='word_1_106' title='bbox 970 1028 1004 1068; x_wconf 88' lang='lat' dir='ltr'>si</span> <span class='ocrx_word' id='word_1_107' title='bbox 1028 1028 1150 1082; x_wconf 88' lang='lat' dir='ltr'>Alpis</span> <span class='ocrx_word' id='word_1_108' title='bbox 1177 1028 1258 1068; x_wconf 87' lang='lat' dir='ltr'>iam</span> <span class='ocrx_word' id='word_1_109' title='bbox 1291 1029 1522 1077; x_wconf 76' lang='lat' dir='ltr'>transisset,</span> <span class='ocrx_word' id='word_1_110' title='bbox 1556 1028 1648 1068; x_wconf 87' lang='lat' dir='ltr'>Boii</span> 
     </span>
     <span class='ocr_line' id='line_1_14' title="bbox 292 1089 1648 1139; baseline -0.001 -9"><span class='ocrx_word' id='word_1_111' title='bbox 292 1090 517 1130; x_wconf 88' lang='lat' dir='ltr'>sollicitatis</span> <span class='ocrx_word' id='word_1_112' title='bbox 543 1090 789 1131; x_wconf 82' lang='lat' dir='ltr'>Insubribus</span> <span class='ocrx_word' id='word_1_113' title='bbox 821 1090 1076 1139; x_wconf 85' lang='lat' dir='ltr'>defecerunt,</span> <span class='ocrx_word' id='word_1_114' title='bbox 1114 1104 1188 1130; x_wconf 87' lang='lat' dir='ltr'>nec</span> <span class='ocrx_word' id='word_1_115' title='bbox 1220 1099 1302 1130; x_wconf 87' lang='lat' dir='ltr'>tam</span> <span class='ocrx_word' id='word_1_116' title='bbox 1334 1089 1386 1130; x_wconf 92' lang='lat' dir='ltr'>ob</span> <span class='ocrx_word' id='word_1_117' title='bbox 1418 1097 1576 1131; x_wconf 79' lang='lat' dir='ltr'>veteres</span> <span class='ocrx_word' id='word_1_118' title='bbox 1608 1091 1648 1130; x_wconf 88' lang='lat' dir='ltr'>in</span> 
     </span>
     <span class='ocr_line' id='line_1_15' title="bbox 289 1151 1646 1206; baseline 0 -15"><span class='ocrx_word' id='word_1_119' title='bbox 289 1151 488 1206; x_wconf 89' lang='lat' dir='ltr'>populum</span> <span class='ocrx_word' id='word_1_120' title='bbox 514 1151 748 1192; x_wconf 86' lang='lat' dir='ltr'>Romanum</span> <span class='ocrx_word' id='word_1_121' title='bbox 781 1152 861 1192; x_wconf 88' lang='lat' dir='ltr'>iras</span> <span class='ocrx_word' id='word_1_122' title='bbox 894 1166 1016 1205; x_wconf 87' lang='lat' dir='ltr'>quam</span> <span class='ocrx_word' id='word_1_123' title='bbox 1049 1152 1159 1205; x_wconf 87' lang='lat' dir='ltr'>quod</span> <span class='ocrx_word' id='word_1_124' title='bbox 1190 1167 1319 1206; x_wconf 88' lang='lat' dir='ltr'>nuper</span> <span class='ocrx_word' id='word_1_125' title='bbox 1350 1152 1455 1192; x_wconf 84' lang='lat' dir='ltr'>circa</span> <span class='ocrx_word' id='word_1_126' title='bbox 1486 1151 1646 1192; x_wconf 85' lang='lat' dir='ltr'>Padum</span> 
     </span>
    </p>

    <p class='ocr_par' dir='ltr' id='par_1_9' title="bbox 289 1212 1648 1268">
     <span class='ocr_line' id='line_1_16' title="bbox 289 1212 1648 1268; baseline 0 -15"><span class='ocrx_word' id='word_1_127' title='bbox 289 1213 545 1253; x_wconf 83' lang='lat' dir='ltr'>Placentiam</span> <span class='ocrx_word' id='word_1_128' title='bbox 583 1212 915 1267; x_wconf 83' lang='lat' dir='ltr'>Cremonamque</span> <span class='ocrx_word' id='word_1_129' title='bbox 959 1214 1139 1254; x_wconf 87' lang='lat' dir='ltr'>colonias</span> <span class='ocrx_word' id='word_1_130' title='bbox 1181 1214 1223 1253; x_wconf 92' lang='lat' dir='ltr'>in</span> <span class='ocrx_word' id='word_1_131' title='bbox 1260 1229 1404 1268; x_wconf 88' lang='lat' dir='ltr'>agrum</span> <span class='ocrx_word' id='word_1_132' title='bbox 1443 1212 1648 1254; x_wconf 86' lang='lat' dir='ltr'>Gallicum</span> 
     </span>
    </p>

    <p class='ocr_par' dir='ltr' id='par_1_10' title="bbox 246 1275 1650 1577">
     <span class='ocr_line' id='line_1_17' title="bbox 246 1275 1647 1329; baseline 0.001 -15"><span class='ocrx_word' id='word_1_133' title='bbox 246 1289 264 1318; x_wconf 88' lang='lat'>3</span> <span class='ocrx_word' id='word_1_134' title='bbox 291 1275 486 1315; x_wconf 87' lang='lat' dir='ltr'>deductas</span> <span class='ocrx_word' id='word_1_135' title='bbox 513 1290 634 1329; x_wconf 83' lang='lat' dir='ltr'>aegre</span> <span class='ocrx_word' id='word_1_136' title='bbox 660 1275 930 1329; x_wconf 81' lang='lat' dir='ltr'>patiebantur.</span> <span class='ocrx_word' id='word_1_137' title='bbox 973 1275 1110 1328; x_wconf 85' lang='lat' dir='ltr'>itaque</span> <span class='ocrx_word' id='word_1_138' title='bbox 1136 1275 1259 1315; x_wconf 84' lang='lat' dir='ltr'>armis</span> <span class='ocrx_word' id='word_1_139' title='bbox 1285 1281 1450 1329; x_wconf 84' lang='lat' dir='ltr'>repente</span> <span class='ocrx_word' id='word_1_140' title='bbox 1477 1275 1647 1329; x_wconf 88' lang='lat' dir='ltr'>arreptis</span> 
     </span>
     <span class='ocr_line' id='line_1_18' title="bbox 290 1337 1649 1391; baseline 0 -15"><span class='ocrx_word' id='word_1_141' title='bbox 290 1337 331 1376; x_wconf 90' lang='lat' dir='ltr'>in</span> <span class='ocrx_word' id='word_1_142' title='bbox 362 1338 455 1376; x_wconf 87' lang='lat' dir='ltr'>eum</span> <span class='ocrx_word' id='word_1_143' title='bbox 486 1337 622 1390; x_wconf 87' lang='lat' dir='ltr'>ipsum</span> <span class='ocrx_word' id='word_1_144' title='bbox 654 1353 798 1391; x_wconf 84' lang='lat' dir='ltr'>agrum</span> <span class='ocrx_word' id='word_1_145' title='bbox 824 1337 981 1391; x_wconf 88' lang='lat' dir='ltr'>impetu</span> <span class='ocrx_word' id='word_1_146' title='bbox 1008 1337 1115 1377; x_wconf 88' lang='lat' dir='ltr'>facto</span> <span class='ocrx_word' id='word_1_147' title='bbox 1141 1343 1299 1376; x_wconf 84' lang='lat' dir='ltr'>tantum</span> <span class='ocrx_word' id='word_1_148' title='bbox 1325 1337 1487 1377; x_wconf 86' lang='lat' dir='ltr'>terroris</span> <span class='ocrx_word' id='word_1_149' title='bbox 1514 1351 1561 1377; x_wconf 88' lang='lat' dir='ltr'>ac</span> <span class='ocrx_word' id='word_1_150' title='bbox 1587 1343 1649 1376; x_wconf 89' lang='lat' dir='ltr'>tu-</span> 
     </span>
     <span class='ocr_line' id='line_1_19' title="bbox 290 1398 1648 1453; baseline 0.001 -16"><span class='ocrx_word' id='word_1_151' title='bbox 290 1398 442 1438; x_wconf 86' lang='lat' dir='ltr'>multus</span> <span class='ocrx_word' id='word_1_152' title='bbox 469 1399 671 1447; x_wconf 85' lang='lat' dir='ltr'>fecerunt,</span> <span class='ocrx_word' id='word_1_153' title='bbox 698 1406 742 1439; x_wconf 88' lang='lat' dir='ltr'>ut</span> <span class='ocrx_word' id='word_1_154' title='bbox 769 1414 848 1439; x_wconf 94' lang='lat' dir='ltr'>non</span> <span class='ocrx_word' id='word_1_155' title='bbox 874 1399 1046 1453; x_wconf 84' lang='lat' dir='ltr'>agrestis</span> <span class='ocrx_word' id='word_1_156' title='bbox 1073 1399 1194 1438; x_wconf 79' lang='lat' dir='ltr'>niodo</span> <span class='ocrx_word' id='word_1_157' title='bbox 1216 1398 1451 1446; x_wconf 85' lang='lat' dir='ltr'>multitudo,</span> <span class='ocrx_word' id='word_1_158' title='bbox 1480 1399 1552 1438; x_wconf 88' lang='lat' dir='ltr'>sed</span> <span class='ocrx_word' id='word_1_159' title='bbox 1571 1398 1648 1452; x_wconf 89' lang='lat' dir='ltr'>ipsi</span> 
     </span>
     <span class='ocr_line' id='line_1_20' title="bbox 290 1460 1647 1515; baseline -0.001 -15"><span class='ocrx_word' id='word_1_160' title='bbox 290 1460 490 1500; x_wconf 77' lang='lat' dir='ltr'>triumviri</span> <span class='ocrx_word' id='word_1_161' title='bbox 514 1460 713 1509; x_wconf 86' lang='lat' dir='ltr'>Romani,</span> <span class='ocrx_word' id='word_1_162' title='bbox 752 1461 821 1513; x_wconf 87' lang='lat' dir='ltr'>qui</span> <span class='ocrx_word' id='word_1_163' title='bbox 853 1461 905 1501; x_wconf 90' lang='lat' dir='ltr'>ad</span> <span class='ocrx_word' id='word_1_164' title='bbox 935 1476 1080 1515; x_wconf 84' lang='lat' dir='ltr'>agrum</span> <span class='ocrx_word' id='word_1_165' title='bbox 1113 1467 1309 1500; x_wconf 81' lang='lat' dir='ltr'>venerant</span> <span class='ocrx_word' id='word_1_166' title='bbox 1334 1460 1647 1514; x_wconf 85' lang='lat' dir='ltr'>adsignandum,</span> 
     </span>
     <span class='ocr_line' id='line_1_21' title="bbox 289 1521 1650 1577; baseline 0 -15"><span class='ocrx_word' id='word_1_167' title='bbox 289 1522 416 1563; x_wconf 87' lang='lat' dir='ltr'>diffisi</span> <span class='ocrx_word' id='word_1_168' title='bbox 442 1522 676 1563; x_wconf 85' lang='lat' dir='ltr'>Placentiae</span> <span class='ocrx_word' id='word_1_169' title='bbox 708 1523 924 1563; x_wconf 84' lang='lat' dir='ltr'>moenibus</span> <span class='ocrx_word' id='word_1_170' title='bbox 956 1522 1163 1562; x_wconf 85' lang='lat' dir='ltr'>Mutinam</span> <span class='ocrx_word' id='word_1_171' title='bbox 1195 1522 1454 1577; x_wconf 80' lang='lat' dir='ltr'>confugerint</span> <span class='ocrx_word' id='word_1_172' title='bbox 1487 1521 1535 1562; x_wconf 79' lang='lat' dir='ltr'>C.</span> <span class='ocrx_word' id='word_1_173' title='bbox 1561 1523 1650 1563; x_wconf 91' lang='lat' dir='ltr'>Lu-</span> 
     </span>
    </p>

    <p class='ocr_par' dir='ltr' id='par_1_11' title="bbox 245 1584 1650 1762">
     <span class='ocr_line' id='line_1_22' title="bbox 245 1584 1649 1634; baseline -0.003 -7"><span class='ocrx_word' id='word_1_174' title='bbox 245 1600 264 1627; x_wconf 86' lang='grc'>4</span> <span class='ocrx_word' id='word_1_175' title='bbox 291 1585 432 1633; x_wconf 83' lang='lat' dir='ltr'>tatius,</span> <span class='ocrx_word' id='word_1_176' title='bbox 461 1584 509 1626; x_wconf 82' lang='lat' dir='ltr'>C.</span> <span class='ocrx_word' id='word_1_177' title='bbox 539 1584 759 1634; x_wconf 83' lang='lat' dir='ltr'>Servilius,</span> <span class='ocrx_word' id='word_1_178' title='bbox 786 1585 846 1625; x_wconf 85' lang='lat' dir='ltr'>M.</span> <span class='ocrx_word' id='word_1_179' title='bbox 868 1585 1046 1625; x_wconf 83' lang='lat' dir='ltr'>Annius,</span> <span class='ocrx_word' id='word_1_180' title='bbox 1098 1585 1242 1624; x_wconf 86' lang='lat' dir='ltr'>Lutati</span> <span class='ocrx_word' id='word_1_181' title='bbox 1267 1600 1416 1624; x_wconf 84' lang='lat' dir='ltr'>nomen</span> <span class='ocrx_word' id='word_1_182' title='bbox 1440 1584 1551 1624; x_wconf 82' lang='lat' dir='ltr'>haud</span> <span class='ocrx_word' id='word_1_183' title='bbox 1576 1584 1649 1624; x_wconf 91' lang='lat' dir='ltr'>du-</span> 
     </span>
     <span class='ocr_line' id='line_1_23' title="bbox 292 1646 1650 1701; baseline -0.001 -14"><span class='ocrx_word' id='word_1_184' title='bbox 292 1647 403 1687; x_wconf 86' lang='lat' dir='ltr'>bium</span> <span class='ocrx_word' id='word_1_185' title='bbox 430 1654 509 1696; x_wconf 76' lang='lat' dir='ltr'>cst,</span> <span class='ocrx_word' id='word_1_186' title='bbox 536 1662 609 1701; x_wconf 88' lang='lat' dir='ltr'>pro</span> <span class='ocrx_word' id='word_1_187' title='bbox 628 1646 768 1688; x_wconf 80' lang='lat' dir='ltr'>Annio</span> <span class='ocrx_word' id='word_1_188' title='bbox 792 1646 1050 1700; x_wconf 67' lang='lat' dir='ltr'>Servilioque</span> <span class='ocrx_word' id='word_1_189' title='bbox 1070 1647 1130 1687; x_wconf 86' lang='lat' dir='ltr'>M.</span> <span class='ocrx_word' id='word_1_190' title='bbox 1148 1647 1331 1687; x_wconf 88' lang='lat' dir='ltr'>Acilium</span> <span class='ocrx_word' id='word_1_191' title='bbox 1358 1655 1396 1687; x_wconf 86' lang='lat' dir='ltr'>et</span> <span class='ocrx_word' id='word_1_192' title='bbox 1417 1647 1465 1688; x_wconf 87' lang='lat' dir='ltr'>C.</span> <span class='ocrx_word' id='word_1_193' title='bbox 1490 1647 1650 1687; x_wconf 86' lang='lat' dir='ltr'>Heren-</span> 
     </span>
     <span class='ocr_line' id='line_1_24' title="bbox 290 1708 1648 1762; baseline -0.001 -13"><span class='ocrx_word' id='word_1_194' title='bbox 290 1709 403 1749; x_wconf 89' lang='lat' dir='ltr'>nium</span> <span class='ocrx_word' id='word_1_195' title='bbox 434 1708 585 1749; x_wconf 83' lang='lat' dir='ltr'>habcnt</span> <span class='ocrx_word' id='word_1_196' title='bbox 616 1709 783 1762; x_wconf 83' lang='lat' dir='ltr'>quidam</span> <span class='ocrx_word' id='word_1_197' title='bbox 816 1708 1002 1758; x_wconf 84' lang='lat' dir='ltr'>annales,</span> <span class='ocrx_word' id='word_1_198' title='bbox 1041 1709 1109 1749; x_wconf 88' lang='lat' dir='ltr'>alii</span> <span class='ocrx_word' id='word_1_199' title='bbox 1134 1708 1182 1749; x_wconf 87' lang='lat' dir='ltr'>P.</span> <span class='ocrx_word' id='word_1_200' title='bbox 1211 1708 1449 1749; x_wconf 82' lang='lat' dir='ltr'>Cornelium</span> <span class='ocrx_word' id='word_1_201' title='bbox 1475 1708 1648 1748; x_wconf 84' lang='lat' dir='ltr'>Asinam</span> 
     </span>
    </p>

    <p class='ocr_par' dir='ltr' id='par_1_12' title="bbox 246 1769 1650 1949">
     <span class='ocr_line' id='line_1_25' title="bbox 246 1769 1650 1825; baseline -0.003 -12"><span class='ocrx_word' id='word_1_202' title='bbox 246 1786 265 1813; x_wconf 81' lang='lat'>5</span> <span class='ocrx_word' id='word_1_203' title='bbox 292 1778 330 1811; x_wconf 88' lang='lat' dir='ltr'>et</span> <span class='ocrx_word' id='word_1_204' title='bbox 357 1770 405 1812; x_wconf 83' lang='lat' dir='ltr'>C.</span> <span class='ocrx_word' id='word_1_205' title='bbox 433 1770 645 1825; x_wconf 88' lang='lat' dir='ltr'>Papirium</span> <span class='ocrx_word' id='word_1_206' title='bbox 671 1771 904 1812; x_wconf 86' lang='lat' dir='ltr'>Masonem.</span> <span class='ocrx_word' id='word_1_207' title='bbox 959 1771 1000 1811; x_wconf 83' lang='lat' dir='ltr'>id</span> <span class='ocrx_word' id='word_1_208' title='bbox 1026 1785 1189 1824; x_wconf 86' lang='lat' dir='ltr'>quoque</span> <span class='ocrx_word' id='word_1_209' title='bbox 1215 1770 1385 1810; x_wconf 84' lang='lat' dir='ltr'>dubium</span> <span class='ocrx_word' id='word_1_210' title='bbox 1412 1777 1493 1819; x_wconf 87' lang='lat' dir='ltr'>est,</span> <span class='ocrx_word' id='word_1_211' title='bbox 1526 1769 1650 1824; x_wconf 83' lang='lat' dir='ltr'>legati</span> 
     </span>
     <span class='ocr_line' id='line_1_26' title="bbox 291 1831 1650 1887; baseline 0 -15"><span class='ocrx_word' id='word_1_212' title='bbox 291 1833 343 1873; x_wconf 89' lang='lat' dir='ltr'>ad</span> <span class='ocrx_word' id='word_1_213' title='bbox 368 1833 713 1887; x_wconf 78' lang='lat' dir='ltr'>expostulandum</span> <span class='ocrx_word' id='word_1_214' title='bbox 739 1833 854 1873; x_wconf 89' lang='lat' dir='ltr'>missi</span> <span class='ocrx_word' id='word_1_215' title='bbox 881 1833 932 1873; x_wconf 88' lang='lat' dir='ltr'>ad</span> <span class='ocrx_word' id='word_1_216' title='bbox 952 1833 1079 1873; x_wconf 85' lang='lat' dir='ltr'>Boios</span> <span class='ocrx_word' id='word_1_217' title='bbox 1101 1832 1240 1872; x_wconf 70' lang='lat' dir='ltr'>violati</span> <span class='ocrx_word' id='word_1_218' title='bbox 1266 1831 1346 1872; x_wconf 87' lang='lat' dir='ltr'>sint</span> <span class='ocrx_word' id='word_1_219' title='bbox 1372 1848 1422 1872; x_wconf 93' lang='lat' dir='ltr'>an</span> <span class='ocrx_word' id='word_1_220' title='bbox 1448 1832 1488 1872; x_wconf 88' lang='lat' dir='ltr'>in</span> <span class='ocrx_word' id='word_1_221' title='bbox 1510 1833 1650 1872; x_wconf 87' lang='lat' dir='ltr'>trium-</span> 
     </span>
     <span class='ocr_line' id='line_1_27' title="bbox 290 1894 1242 1949; baseline 0 -15"><span class='ocrx_word' id='word_1_222' title='bbox 290 1895 400 1935; x_wconf 70' lang='lat' dir='ltr'>viros</span> <span class='ocrx_word' id='word_1_223' title='bbox 427 1910 571 1949; x_wconf 86' lang='lat' dir='ltr'>agrum</span> <span class='ocrx_word' id='word_1_224' title='bbox 597 1894 786 1935; x_wconf 87' lang='lat' dir='ltr'>metantis</span> <span class='ocrx_word' id='word_1_225' title='bbox 813 1894 989 1948; x_wconf 86' lang='lat' dir='ltr'>impetus</span> <span class='ocrx_word' id='word_1_226' title='bbox 1018 1895 1069 1934; x_wconf 86' lang='lat' dir='ltr'>sit</span> <span class='ocrx_word' id='word_1_227' title='bbox 1095 1894 1242 1934; x_wconf 84' lang='lat' dir='ltr'>factus.</span> 
     </span>
    </p>

    <p class='ocr_par' dir='ltr' id='par_1_13' title="bbox 247 1955 1650 2136">
     <span class='ocr_line' id='line_1_28' title="bbox 247 1955 1647 2012; baseline -0.004 -12"><span class='ocrx_word' id='word_1_228' title='bbox 247 1971 265 2000; x_wconf 87' lang='grc'><strong>6</strong></span> <span class='ocrx_word' id='word_1_229' title='bbox 375 1957 563 1997; x_wconf 87' lang='lat' dir='ltr'>Mutinae</span> <span class='ocrx_word' id='word_1_230' title='bbox 589 1972 682 1997; x_wconf 89' lang='lat' dir='ltr'>cum</span> <span class='ocrx_word' id='word_1_231' title='bbox 708 1956 993 1998; x_wconf 84' lang='lat' dir='ltr'>obsiderentur</span> <span class='ocrx_word' id='word_1_232' title='bbox 1018 1964 1057 1997; x_wconf 90' lang='lat' dir='ltr'>et</span> <span class='ocrx_word' id='word_1_233' title='bbox 1082 1972 1184 2012; x_wconf 86' lang='lat' dir='ltr'>gens</span> <span class='ocrx_word' id='word_1_234' title='bbox 1207 1957 1259 1998; x_wconf 86' lang='lat' dir='ltr'>ad</span> <span class='ocrx_word' id='word_1_235' title='bbox 1279 1955 1647 2011; x_wconf 78' lang='lat' dir='ltr'>oppugnandarum</span> 
     </span>
     <span class='ocr_line' id='line_1_29' title="bbox 290 2018 1648 2074; baseline -0.001 -15"><span class='ocrx_word' id='word_1_236' title='bbox 290 2019 453 2060; x_wconf 88' lang='lat' dir='ltr'>urbium</span> <span class='ocrx_word' id='word_1_237' title='bbox 487 2026 593 2060; x_wconf 85' lang='lat' dir='ltr'>artes</span> <span class='ocrx_word' id='word_1_238' title='bbox 624 2019 757 2068; x_wconf 89' lang='lat' dir='ltr'>rudis,</span> <span class='ocrx_word' id='word_1_239' title='bbox 794 2019 1016 2074; x_wconf 86' lang='lat' dir='ltr'>pigerrima</span> <span class='ocrx_word' id='word_1_240' title='bbox 1047 2019 1191 2059; x_wconf 86' lang='lat' dir='ltr'>eadem</span> <span class='ocrx_word' id='word_1_241' title='bbox 1222 2019 1274 2059; x_wconf 86' lang='lat' dir='ltr'>ad</span> <span class='ocrx_word' id='word_1_242' title='bbox 1299 2018 1489 2058; x_wconf 83' lang='lat' dir='ltr'>militaria</span> <span class='ocrx_word' id='word_1_243' title='bbox 1514 2032 1648 2071; x_wconf 85' lang='lat' dir='ltr'>opera,</span> 
     </span>
     <span class='ocr_line' id='line_1_30' title="bbox 292 2079 1650 2136; baseline -0.001 -15"><span class='ocrx_word' id='word_1_244' title='bbox 292 2082 429 2136; x_wconf 86' lang='lat' dir='ltr'>segnis</span> <span class='ocrx_word' id='word_1_245' title='bbox 455 2081 617 2121; x_wconf 82' lang='lat' dir='ltr'>intactis</span> <span class='ocrx_word' id='word_1_246' title='bbox 644 2081 851 2121; x_wconf 84' lang='lat' dir='ltr'>adsideret</span> <span class='ocrx_word' id='word_1_247' title='bbox 876 2080 1022 2129; x_wconf 88' lang='lat' dir='ltr'>muris,</span> <span class='ocrx_word' id='word_1_248' title='bbox 1050 2080 1232 2122; x_wconf 87' lang='lat' dir='ltr'>simulari</span> <span class='ocrx_word' id='word_1_249' title='bbox 1258 2087 1448 2134; x_wconf 90' lang='lat' dir='ltr'>coeptum</span> <span class='ocrx_word' id='word_1_250' title='bbox 1474 2079 1524 2120; x_wconf 89' lang='lat' dir='ltr'>de</span> <span class='ocrx_word' id='word_1_251' title='bbox 1549 2094 1650 2133; x_wconf 85' lang='lat' dir='ltr'>pace</span> 
     </span>
    </p>

    <p class='ocr_par' dir='ltr' id='par_1_14' title="bbox 247 2141 1652 2383">
     <span class='ocr_line' id='line_1_31' title="bbox 247 2141 1650 2198; baseline -0.002 -14"><span class='ocrx_word' id='word_1_252' title='bbox 247 2156 263 2184; x_wconf 88' lang='lat'>7</span> <span class='ocrx_word' id='word_1_253' title='bbox 291 2143 378 2198; x_wconf 87' lang='lat' dir='ltr'>agi,</span> <span class='ocrx_word' id='word_1_254' title='bbox 411 2143 650 2196; x_wconf 76' lang='lat' dir='ltr'>evocatique</span> <span class='ocrx_word' id='word_1_255' title='bbox 683 2142 734 2183; x_wconf 90' lang='lat' dir='ltr'>ab</span> <span class='ocrx_word' id='word_1_256' title='bbox 763 2141 979 2184; x_wconf 89' lang='lat' dir='ltr'>Gallorum</span> <span class='ocrx_word' id='word_1_257' title='bbox 1005 2142 1258 2197; x_wconf 85' lang='lat' dir='ltr'>principibus</span> <span class='ocrx_word' id='word_1_258' title='bbox 1285 2142 1410 2196; x_wconf 84' lang='lat' dir='ltr'>legati</span> <span class='ocrx_word' id='word_1_259' title='bbox 1435 2141 1487 2181; x_wconf 85' lang='lat' dir='ltr'>ad</span> <span class='ocrx_word' id='word_1_260' title='bbox 1512 2141 1650 2182; x_wconf 89' lang='lat' dir='ltr'>conlo-</span> 
     </span>
     <span class='ocr_line' id='line_1_32' title="bbox 291 2203 1649 2259; baseline -0.002 -14"><span class='ocrx_word' id='word_1_261' title='bbox 291 2206 431 2258; x_wconf 89' lang='lat' dir='ltr'>quium</span> <span class='ocrx_word' id='word_1_262' title='bbox 462 2220 542 2245; x_wconf 92' lang='lat' dir='ltr'>non</span> <span class='ocrx_word' id='word_1_263' title='bbox 575 2213 714 2245; x_wconf 86' lang='lat' dir='ltr'>contra</span> <span class='ocrx_word' id='word_1_264' title='bbox 744 2205 809 2245; x_wconf 92' lang='lat' dir='ltr'>ius</span> <span class='ocrx_word' id='word_1_265' title='bbox 843 2205 964 2245; x_wconf 90' lang='lat' dir='ltr'>modo</span> <span class='ocrx_word' id='word_1_266' title='bbox 996 2205 1200 2259; x_wconf 86' lang='lat' dir='ltr'>gentium,</span> <span class='ocrx_word' id='word_1_267' title='bbox 1241 2204 1314 2244; x_wconf 88' lang='lat' dir='ltr'>sed</span> <span class='ocrx_word' id='word_1_268' title='bbox 1338 2203 1488 2245; x_wconf 71' lang='lat' dir='ltr'>violata</span> <span class='ocrx_word' id='word_1_269' title='bbox 1514 2203 1649 2251; x_wconf 87' lang='lat' dir='ltr'>etiam,</span> 
     </span>
     <span class='ocr_line' id='line_1_33' title="bbox 290 2265 1652 2321; baseline -0.002 -14"><span class='ocrx_word' id='word_1_270' title='bbox 290 2282 395 2320; x_wconf 84' lang='lat' dir='ltr'>quae</span> <span class='ocrx_word' id='word_1_271' title='bbox 427 2267 522 2307; x_wconf 87' lang='lat' dir='ltr'>data</span> <span class='ocrx_word' id='word_1_272' title='bbox 551 2267 593 2306; x_wconf 90' lang='lat' dir='ltr'>in</span> <span class='ocrx_word' id='word_1_273' title='bbox 624 2267 665 2307; x_wconf 91' lang='lat' dir='ltr'>id</span> <span class='ocrx_word' id='word_1_274' title='bbox 697 2274 859 2321; x_wconf 86' lang='lat' dir='ltr'>tempus</span> <span class='ocrx_word' id='word_1_275' title='bbox 891 2274 994 2315; x_wconf 87' lang='lat' dir='ltr'>erat,</span> <span class='ocrx_word' id='word_1_276' title='bbox 1032 2267 1112 2306; x_wconf 86' lang='lat' dir='ltr'>fide</span> <span class='ocrx_word' id='word_1_277' title='bbox 1144 2265 1543 2320; x_wconf 77' lang='lat' dir='ltr'>comprehenduntur,</span> <span class='ocrx_word' id='word_1_278' title='bbox 1580 2278 1652 2304; x_wconf 89' lang='lat' dir='ltr'>ne-</span> 
     </span>
     <span class='ocr_line' id='line_1_34' title="bbox 291 2325 1652 2383; baseline -0.003 -14"><span class='ocrx_word' id='word_1_279' title='bbox 291 2328 483 2383; x_wconf 85' lang='lat' dir='ltr'>gantibus</span> <span class='ocrx_word' id='word_1_280' title='bbox 512 2327 662 2377; x_wconf 85' lang='lat' dir='ltr'>Gallis,</span> <span class='ocrx_word' id='word_1_281' title='bbox 695 2329 774 2369; x_wconf 88' lang='lat' dir='ltr'>nisi</span> <span class='ocrx_word' id='word_1_282' title='bbox 807 2328 972 2369; x_wconf 87' lang='lat' dir='ltr'>obsides</span> <span class='ocrx_word' id='word_1_283' title='bbox 1001 2327 1079 2368; x_wconf 90' lang='lat' dir='ltr'>sibi</span> <span class='ocrx_word' id='word_1_284' title='bbox 1103 2328 1381 2376; x_wconf 79' lang='lat' dir='ltr'>redderentur,</span> <span class='ocrx_word' id='word_1_285' title='bbox 1414 2342 1484 2367; x_wconf 89' lang='lat' dir='ltr'>eos</span> <span class='ocrx_word' id='word_1_286' title='bbox 1511 2325 1652 2366; x_wconf 90' lang='lat' dir='ltr'>dimis-</span> 
     </span>
    </p>

    <p class='ocr_par' dir='ltr' id='par_1_15' title="bbox 247 2388 1652 2507">
     <span class='ocr_line' id='line_1_35' title="bbox 247 2388 1652 2445; baseline -0.003 -14"><span class='ocrx_word' id='word_1_287' title='bbox 247 2403 266 2433; x_wconf 80' lang='lat' dir='ltr'>s</span> <span class='ocrx_word' id='word_1_288' title='bbox 294 2406 423 2431; x_wconf 90' lang='lat' dir='ltr'>suros.</span> <span class='ocrx_word' id='word_1_289' title='bbox 479 2406 571 2431; x_wconf 91' lang='lat' dir='ltr'>cum</span> <span class='ocrx_word' id='word_1_290' title='bbox 608 2390 710 2431; x_wconf 88' lang='lat' dir='ltr'>haec</span> <span class='ocrx_word' id='word_1_291' title='bbox 747 2391 797 2431; x_wconf 90' lang='lat' dir='ltr'>de</span> <span class='ocrx_word' id='word_1_292' title='bbox 833 2390 979 2445; x_wconf 87' lang='lat' dir='ltr'>legatis</span> <span class='ocrx_word' id='word_1_293' title='bbox 1017 2390 1201 2430; x_wconf 87' lang='lat' dir='ltr'>nuntiata</span> <span class='ocrx_word' id='word_1_294' title='bbox 1238 2397 1376 2429; x_wconf 83' lang='lat' dir='ltr'>essent</span> <span class='ocrx_word' id='word_1_295' title='bbox 1412 2395 1450 2429; x_wconf 90' lang='lat' dir='ltr'>et</span> <span class='ocrx_word' id='word_1_296' title='bbox 1487 2388 1652 2428; x_wconf 86' lang='lat' dir='ltr'>Mutina</span> 
     </span>
     <span class='ocr_line' id='line_1_36' title="bbox 292 2449 1651 2507; baseline -0.002 -15"><span class='ocrx_word' id='word_1_297' title='bbox 292 2454 622 2507; x_wconf 83' lang='lat' dir='ltr'>praesidiumque</span> <span class='ocrx_word' id='word_1_298' title='bbox 652 2453 694 2493; x_wconf 87' lang='lat' dir='ltr'>in</span> <span class='ocrx_word' id='word_1_299' title='bbox 725 2452 906 2507; x_wconf 89' lang='lat' dir='ltr'>periculo</span> <span class='ocrx_word' id='word_1_300' title='bbox 939 2458 1066 2501; x_wconf 85' lang='lat' dir='ltr'>esset,</span> <span class='ocrx_word' id='word_1_301' title='bbox 1102 2452 1156 2492; x_wconf 91' lang='lat' dir='ltr'>L.</span> <span class='ocrx_word' id='word_1_302' title='bbox 1183 2451 1367 2492; x_wconf 85' lang='lat' dir='ltr'>Manlius</span> <span class='ocrx_word' id='word_1_303' title='bbox 1398 2457 1562 2505; x_wconf 85' lang='lat' dir='ltr'>praetor</span> <span class='ocrx_word' id='word_1_304' title='bbox 1592 2449 1651 2489; x_wconf 89' lang='lat' dir='ltr'>ira</span> 
     </span>
    </p>

    <p class='ocr_par' dir='ltr' id='par_1_16' title="bbox 249 2513 1650 2693">
     <span class='ocr_line' id='line_1_37' title="bbox 249 2513 1650 2570; baseline -0.004 -14"><span class='ocrx_word' id='word_1_305' title='bbox 249 2529 267 2558; x_wconf 87' lang='lat'>9</span> <span class='ocrx_word' id='word_1_306' title='bbox 294 2531 491 2556; x_wconf 87' lang='lat' dir='ltr'>accensus</span> <span class='ocrx_word' id='word_1_307' title='bbox 518 2516 695 2556; x_wconf 82' lang='lat' dir='ltr'>effusum</span> <span class='ocrx_word' id='word_1_308' title='bbox 721 2530 871 2570; x_wconf 81' lang='lat' dir='ltr'>agmen</span> <span class='ocrx_word' id='word_1_309' title='bbox 897 2515 949 2555; x_wconf 84' lang='lat' dir='ltr'>ad</span> <span class='ocrx_word' id='word_1_310' title='bbox 973 2514 1180 2554; x_wconf 83' lang='lat' dir='ltr'>Mutinam</span> <span class='ocrx_word' id='word_1_311' title='bbox 1212 2513 1335 2554; x_wconf 87' lang='lat' dir='ltr'>ducit.</span> <span class='ocrx_word' id='word_1_312' title='bbox 1398 2513 1523 2553; x_wconf 80' lang='lat' dir='ltr'>silvae</span> <span class='ocrx_word' id='word_1_313' title='bbox 1555 2518 1650 2552; x_wconf 87' lang='lat' dir='ltr'>tunc</span> 
     </span>
     <span class='ocr_line' id='line_1_38' title="bbox 293 2574 1650 2631; baseline -0.004 -14"><span class='ocrx_word' id='word_1_314' title='bbox 293 2578 399 2618; x_wconf 84' lang='lat' dir='ltr'>circa</span> <span class='ocrx_word' id='word_1_315' title='bbox 429 2578 536 2618; x_wconf 81' lang='lat' dir='ltr'>viam</span> <span class='ocrx_word' id='word_1_316' title='bbox 569 2585 682 2618; x_wconf 85' lang='lat' dir='ltr'>erant</span> <span class='ocrx_word' id='word_1_317' title='bbox 712 2577 918 2631; x_wconf 88' lang='lat' dir='ltr'>plerisque</span> <span class='ocrx_word' id='word_1_318' title='bbox 953 2576 1131 2617; x_wconf 88' lang='lat' dir='ltr'>incultis.</span> <span class='ocrx_word' id='word_1_319' title='bbox 1186 2576 1243 2617; x_wconf 91' lang='lat' dir='ltr'>ibi</span> <span class='ocrx_word' id='word_1_320' title='bbox 1275 2574 1532 2628; x_wconf 80' lang='lat' dir='ltr'>inexplorato</span> <span class='ocrx_word' id='word_1_321' title='bbox 1557 2588 1650 2627; x_wconf 86' lang='lat' dir='ltr'>pro-</span> 
     </span>
     <span class='ocr_line' id='line_1_39' title="bbox 293 2636 1647 2693; baseline -0.004 -14"><span class='ocrx_word' id='word_1_322' title='bbox 293 2639 424 2679; x_wconf 82' lang='lat' dir='ltr'>fectus</span> <span class='ocrx_word' id='word_1_323' title='bbox 450 2640 492 2679; x_wconf 88' lang='lat' dir='ltr'>in</span> <span class='ocrx_word' id='word_1_324' title='bbox 516 2640 684 2681; x_wconf 87' lang='lat' dir='ltr'>insidias</span> <span class='ocrx_word' id='word_1_325' title='bbox 710 2639 1020 2693; x_wconf 84' lang='lat' dir='ltr'>praecipitatus,</span> <span class='ocrx_word' id='word_1_326' title='bbox 1053 2638 1262 2691; x_wconf 89' lang='lat' dir='ltr'>multaque</span> <span class='ocrx_word' id='word_1_327' title='bbox 1288 2651 1381 2677; x_wconf 92' lang='lat' dir='ltr'>cum</span> <span class='ocrx_word' id='word_1_328' title='bbox 1407 2636 1530 2676; x_wconf 82' lang='lat' dir='ltr'>caede</span> <span class='ocrx_word' id='word_1_329' title='bbox 1556 2648 1647 2674; x_wconf 83' lang='lat' dir='ltr'>suo—</span> 
     </span>
    </p>

    <p class='ocr_par' dir='ltr' id='par_1_17' title="bbox 230 2698 1647 2755">
     <span class='ocr_line' id='line_1_40' title="bbox 230 2698 1647 2755; baseline -0.005 -14"><span class='ocrx_word' id='word_1_330' title='bbox 230 2713 270 2743; x_wconf 88' lang='lat'>10</span> <span class='ocrx_word' id='word_1_331' title='bbox 294 2715 384 2741; x_wconf 89' lang='lat' dir='ltr'>rum</span> <span class='ocrx_word' id='word_1_332' title='bbox 408 2715 529 2755; x_wconf 82' lang='lat' dir='ltr'>aegre</span> <span class='ocrx_word' id='word_1_333' title='bbox 556 2701 595 2741; x_wconf 89' lang='lat' dir='ltr'>in</span> <span class='ocrx_word' id='word_1_334' title='bbox 622 2709 785 2755; x_wconf 87' lang='lat' dir='ltr'>apertos</span> <span class='ocrx_word' id='word_1_335' title='bbox 812 2715 980 2754; x_wconf 84' lang='lat' dir='ltr'>campos</span> <span class='ocrx_word' id='word_1_336' title='bbox 1007 2700 1184 2739; x_wconf 71' lang='lat' dir='ltr'>emersit.</span> <span class='ocrx_word' id='word_1_337' title='bbox 1227 2698 1283 2738; x_wconf 92' lang='lat' dir='ltr'>ibi</span> <span class='ocrx_word' id='word_1_338' title='bbox 1310 2705 1442 2738; x_wconf 87' lang='lat' dir='ltr'>castra</span> <span class='ocrx_word' id='word_1_339' title='bbox 1467 2710 1647 2737; x_wconf 79' lang='lat' dir='ltr'>commu-</span> 
     </span>
    </p>
   </div>
   <div class='ocr_carea' id='block_1_3' title="bbox 246 1040 264 1069">
    <p class='ocr_par' dir='ltr' id='par_1_18' title="bbox 246 1040 264 1069">
     <span class='ocr_line' id='line_1_41' title="bbox 246 1040 264 1069; textangle 90"><span class='ocrx_word' id='word_1_340' title='bbox 246 1040 264 1069; x_wconf 67' lang='lat'>10</span> 
     </span>
    </p>
   </div>
  </div>
 </body>
</html>
