1815 3184
460 249 612 284 LIBER
636 249 841 293 XXVIHI,
869 249 919 282 15.
942 249 994 282 16.
1023 247 1222 292 [a.C.204]
1435 237 1517 278 457

167 353 209 392 in
234 353 353 392 Italia
378 358 532 399 essent,
565 352 817 406 duplicatum
842 352 928 392 eius
955 365 1138 392 summae
1163 364 1379 391 numerum
1405 349 1517 403 pedi-

170 422 256 454 tum
282 414 396 454 daret
427 420 466 454 et
498 413 655 466 equites
687 420 878 454 centenos
910 413 1094 453 vicenos:
1144 412 1178 452 si
1208 426 1289 465 qua
1320 426 1413 452 eum
1443 426 1518 451 nu-

169 490 325 515 merum
351 475 534 527 equitum
565 474 728 528 explere
759 489 839 514 non
869 480 1024 528 posset,
1062 488 1135 528 pro
1167 473 1302 526 equite
1333 488 1415 513 uno
1448 473 1519 512 tris

170 536 329 589 pedites
355 535 494 575 liceret
525 536 632 575 dare.
692 536 849 589 pedites
876 535 1113 588 equitesque
1138 549 1261 587 quam
1286 534 1521 588 locupletis-

171 597 261 636 simi
292 597 524 651 legerentur
553 597 904 649 mitterenturque,
942 596 1189 649 ubicumque
1220 603 1334 636 extra
1358 595 1521 635 Italiam

171 658 455 712 supplemento
481 673 584 712 opus
611 665 731 698 esset.
770 659 804 698 si
824 658 893 711 qui
919 673 970 698 ex
992 658 1042 698 iis
1068 664 1320 706 recusarent,
1346 657 1518 698 retinere

171 721 258 760 eius
296 719 477 760 coloniae
514 719 776 774 magistratus
808 720 1047 774 legatosque
1078 719 1257 772 placere,
1295 732 1445 771 neque,
1484 717 1519 758 si

169 779 440 830 postularent,
473 788 659 820 senatum
684 781 789 829 dari,
821 781 1061 834 priusquam
1085 780 1283 834 imperata
1313 779 1519 820 fecissent.

170 840 418 894 stipendium
450 848 663 894 praeterea
692 842 741 882 iis
774 841 942 882 coloniis
967 841 1010 881 in
1034 841 1145 881 milia
1170 841 1273 881 aeris
1299 856 1413 882 asses
1440 841 1522 881 sin-

169 902 288 955 gulos
318 903 508 957 imperari
538 903 729 957 exigique
765 903 1002 955 quotannis,
1036 917 1287 955 censumque
1313 903 1354 942 in
1378 903 1428 943 iis
1454 917 1523 944 co-

168 963 288 1003 loniis
321 965 387 1018 agi
420 979 470 1004 ex
500 964 676 1004 formula
705 963 756 1004 ab
782 964 981 1004 Romanis
1013 964 1252 1004 censoribus
1283 964 1396 1013 data3
1433 965 1520 1004 dari

171 1032 307 1064 autem
344 1026 503 1078 placere
535 1025 705 1065 eandem
737 1039 858 1077 quam
889 1025 1040 1078 populo
1070 1025 1258 1066 Romano
1290 1025 1521 1078 deferrique

171 1085 346 1126 Romam
395 1086 446 1126 ab
493 1086 634 1126 iuratis
684 1085 920 1125 censoribus
963 1086 1232 1134 coloniarum,
1281 1087 1520 1139 priusquam

169 1147 410 1201 magistratu
441 1147 610 1187 abirent.
671 1161 721 1187 ex
751 1147 829 1187 hoc
860 1154 1026 1187 senatus
1058 1148 1245 1188 consulto
1270 1148 1410 1188 accitis
1436 1148 1520 1189 Ro-

169 1223 278 1248 mam
297 1208 605 1262 magistratibus
629 1208 959 1262 primoribusque
984 1223 1124 1249 earum
1150 1208 1400 1249 coloniarum
1426 1223 1523 1249 con-

170 1269 278 1310 sules
316 1284 410 1309 cum
446 1270 615 1310 militem
653 1270 983 1324 stipendiumque
1018 1270 1307 1324 imperassent,
1346 1270 1413 1310 alii
1448 1271 1521 1311 alis

169 1331 301 1385 magis
326 1345 515 1372 recusare
541 1346 588 1372 ac
607 1331 845 1380 reclamare,
872 1346 1023 1386 negare
1044 1339 1202 1372 tantum
1222 1332 1394 1372 militum
1415 1332 1522 1373 effici

171 1407 311 1446 posse:
348 1393 434 1441 vix,
474 1393 508 1433 si
540 1393 732 1447 simplum
763 1408 814 1434 ex
844 1393 1022 1433 formula
1052 1394 1286 1448 imperetur,
1324 1393 1521 1434 enisuros.

170 1468 284 1494 orare
310 1460 430 1506 atque
456 1454 689 1503 obsecrare,
720 1466 765 1495 ut
790 1455 867 1496 sibi
894 1462 1080 1495 senatum
1106 1456 1217 1495 adire
1242 1470 1290 1496 ac
1314 1455 1523 1509 deprecari

170 1516 319 1555 liceret.
358 1516 457 1555 nihil
483 1531 543 1565 se,
570 1531 694 1569 quare
720 1517 850 1570 perire
876 1517 1019 1558 merito
1045 1517 1259 1565 deberent,
1286 1518 1501 1558 admisisse
1511 1534 1520 1566 3

173 1578 245 1617 sed
271 1577 304 1617 si
328 1578 582 1630 pereundum
608 1579 730 1618 etiam
755 1578 879 1627 foret,
916 1593 1048 1631 neque
1081 1594 1200 1619 suum
1232 1579 1423 1619 delictum
1454 1593 1524 1619 ne-

172 1653 249 1691 que
276 1639 375 1679 iram
402 1640 542 1693 populi
566 1640 762 1689 Romani,
799 1649 844 1680 ut
873 1640 964 1694 plus
996 1641 1171 1680 militum
1202 1641 1362 1689 darent,
1400 1655 1523 1693 quam

172 1700 386 1749 haberent,
424 1716 547 1755 posse
579 1702 753 1742 efficere.
813 1702 1002 1743 consules
1034 1702 1226 1743 obstinati
1255 1702 1412 1756 legatos
1438 1718 1523 1743 ma-

171 1777 267 1802 nere
298 1763 454 1803 Romae
486 1763 643 1812 iubent,
681 1764 945 1818 niag1stratus
976 1764 1033 1804 ire
1064 1764 1232 1804 domum
1263 1765 1315 1804 ad
1351 1764 1522 1805 dilectus

173 1824 402 1864 habendos:
435 1825 514 1864 nisi
541 1840 702 1865 summa
727 1825 918 1873 militum,
945 1840 1049 1878 quae
1074 1825 1272 1879 imperata
1292 1832 1412 1874 esset,
1437 1825 1522 1866 Ro-

172 1901 281 1926 mam
307 1886 502 1934 adducta,
535 1887 740 1927 neminem
766 1887 815 1927 iis
843 1894 1029 1927 senatum
1060 1887 1261 1926 daturum.
1321 1887 1378 1927 ita
1406 1902 1523 1941 prae-

173 1948 258 1987 cisa
294 1962 366 2001 spe
403 1955 589 1988 senatum
626 1948 803 1988 adeundi
839 1948 1165 2002 deprecandique
1199 1948 1369 1989 dilectus
1402 1949 1444 1988 in
1473 1949 1523 1989 iis

174 2009 390 2049 duodecim
417 2010 606 2058 coloniis,
633 2024 705 2063 per
728 2010 894 2064 longam
919 2010 1174 2050 vacationem
1198 2024 1368 2051 numero
1392 2010 1524 2051 iunio—

172 2085 263 2110 rum
289 2078 425 2119 aueto,
451 2071 562 2111 haud
587 2071 806 2111 difficulter
831 2078 893 2112 est
916 2072 1136 2125 perfectus.

260 2131 383 2171 XVI.
444 2132 589 2173 Altera
619 2133 716 2172 item
746 2147 831 2181 res,
868 2148 994 2187 prope
1025 2147 1153 2185 aeque
1183 2133 1307 2187 longo
1337 2133 1525 2187 neglecta

176 2193 352 2242 silentio,
389 2193 517 2233 relata
553 2210 576 2234 a
612 2194 672 2234 M.
706 2194 871 2235 Valerio
902 2195 1089 2235 Laevino
1126 2201 1206 2242 est,
1249 2194 1319 2247 qui
1355 2194 1523 2247 privatis

176 2255 356 2295 conlatas
383 2255 578 2308 pecunias
606 2271 648 2296 se
675 2271 722 2296 ac
746 2255 807 2296 M.
836 2255 1011 2297 Claudio
1037 2255 1273 2296 consulibus
1298 2255 1413 2296 reddi
1438 2262 1526 2296 tan-

175 2317 269 2356 dem
301 2330 477 2368 aequum
509 2331 599 2357 esse
630 2317 750 2358 dixit:
798 2332 875 2358 nee
911 2318 1047 2358 mirari
1078 2331 1326 2370 quemquam
1362 2316 1522 2366 debere,

175 2378 216 2418 in
251 2377 415 2431 publica
451 2378 631 2433 obligata
666 2379 746 2420 fide
783 2395 900 2420 suam
935 2380 1196 2434 praecipuam
1233 2394 1373 2420 curam
1414 2394 1524 2428 esse3

175 2455 269 2479 nam
300 2446 584 2493 praeterquam
615 2441 725 2493 quod
756 2441 909 2494 aliquid
938 2441 1099 2495 proprie
1124 2441 1176 2481 ad
1201 2441 1411 2482 consulem
1436 2441 1524 2482 eius

176 2501 289 2549 anni,
327 2516 408 2554 quo
441 2502 625 2542 conlatae
655 2503 853 2556 pecuniae
879 2510 1033 2551 essent,
1064 2503 1300 2556 pertineret,
1333 2503 1455 2544 etiam
1481 2518 1525 2544 se

175 2569 382 2603 auctorem
412 2563 469 2603 ita
500 2564 735 2605 conferendi
760 2564 890 2604 fuisse
914 2564 1052 2618 inopia
1076 2564 1204 2604 aerari
1228 2579 1304 2605 nee
1328 2564 1447 2618 plebe
1473 2565 1526 2605 ad

175 2623 371 2665 tributum
414 2625 655 2667 sufficiente.
716 2632 833 2681 grata
869 2640 916 2666 ea
951 2625 1135 2680 patribus
1173 2626 1396 2667 admonitio
1433 2626 1522 2675 fuit,

174 2686 380 2739 iussisque
415 2686 567 2727 referre
597 2687 835 2728 consulibus
867 2687 1152 2737 decreverunt,
1189 2694 1234 2728 ut
1265 2687 1393 2729 tribus
1424 2703 1524 2743 pen-

1546 424 1561 452 7

1547 852 1565 882 9

1548 974 1587 1002 10

1549 1158 1585 1186 11

1550 1527 1589 1555 13

1552 1711 1590 1739 14

1552 1897 1590 1924 15

1552 2143 1566 2171 1

1550 2328 1568 2346 c)

1550 2632 1568 2662 3
