1815 3184
302 232 384 272 488
613 235 766 269 LIBER
791 234 919 277 XXX,
944 234 1056 267 5-7.
1085 235 1180 277 [a.u.
1197 234 1320 276 c.551]

257 357 275 386 8
302 340 516 396 dissipavit
539 338 697 379 castris.
757 344 797 377 et
822 335 1037 390 trepidatio
1069 335 1252 388 quidem,
1291 343 1444 388 quanta,
1472 351 1642 378 necesse

301 411 404 451 erat,
429 402 471 441 in
495 407 694 441 nocturno
720 399 852 439 effuso
878 406 961 438 tam
984 398 1066 438 late
1090 397 1279 437 incendio
1304 404 1393 438 orta
1417 404 1497 438 est:
1535 405 1643 438 cete-

299 480 390 505 rum
415 462 646 510 fortuitum,
671 475 754 501 non
778 459 970 501 hostilem
995 473 1042 500 ac
1065 459 1258 500 bellicum
1276 459 1414 514 ignem
1433 459 1511 499 rati
1536 473 1640 508 esse,

301 526 387 566 sine
413 524 535 565 armis
562 524 614 564 ad
636 521 977 576 restinguendum
1000 521 1234 561 incendium
1259 520 1380 561 effusi
1403 521 1445 561 in
1466 528 1642 562 armatos

257 604 273 633 9
300 587 478 627 incidere
514 585 664 634 hostis,
702 584 880 624 maxime
914 583 1114 624 Numidas
1151 584 1202 623 ab
1238 582 1466 624 Masinissa
1500 582 1644 624 notitia

299 649 505 704 regiorum
529 654 757 688 castrorum
782 646 835 686 ad
864 645 996 685 exitus
1027 645 1218 685 itinerum
1248 645 1405 686 idoneis
1435 645 1536 686 locis
1562 644 1644 685 dis-

237 727 276 756 10
299 711 470 766 positos.
529 709 572 749 in
606 708 707 763 ipsis
746 707 949 748 cubilibus
988 706 1258 748 semisomnos
1295 706 1431 748 hausit
1459 707 1642 756 flamma3

299 772 416 813 multi
440 772 483 812 111
506 769 720 827 praecipiti
744 770 845 824 suga
862 776 1029 810 ruentes
1050 783 1172 824 super
1192 768 1292 810 alios
1313 769 1380 809 alii
1398 768 1439 809 in
1458 770 1644 824 angustis

299 843 510 890 portarum
535 833 673 875 obtriti
698 840 806 873 sunt.

258 913 272 941 1
382 897 460 940 VI.
502 896 774 937 Relucentem
793 894 1002 935 flammam
1019 894 1151 949 primo
1168 893 1313 948 vigiles
1330 892 1646 946 Carthaginien-

303 960 427 1009 sium,
465 959 612 1000 deinde
639 957 804 999 excitati
835 957 901 997 alii
932 964 1131 997 nocturno
1156 956 1333 997 tumultu
1357 970 1450 996 cum
1475 969 1647 1009 conspe-

300 1023 477 1071 xissent,
516 1022 567 1062 ab
597 1021 743 1061 eodem
774 1034 909 1060 errore
941 1019 1106 1059 credere
1138 1026 1178 1059 et
1207 1018 1287 1073 ipsi
1317 1033 1391 1058 sua
1416 1024 1561 1072 sponte
1585 1017 1647 1056 in-

256 1100 274 1128 2
302 1084 492 1126 cendium
517 1090 667 1131 ortum,
707 1090 747 1122 et
777 1082 930 1122 clamor
959 1081 1064 1121 inter
1094 1080 1262 1121 caedem
1293 1087 1333 1121 et
1356 1080 1526 1120 vulnera
1551 1079 1646 1119 sub-

302 1148 408 1188 latus
434 1162 486 1186 an
511 1161 563 1186 ex
587 1144 857 1199 trepidatione
882 1150 1082 1184 nocturna
1107 1150 1217 1183 esset
1245 1142 1454 1190 confusus,
1482 1155 1647 1181 sensum

258 1223 275 1251 3
302 1209 387 1250 veri
413 1207 631 1248 adimebat.
691 1205 815 1260 igitur
838 1220 912 1260 pro
940 1220 982 1245 se
1009 1204 1182 1257 quisque
1205 1203 1401 1252 inermes,
1430 1209 1475 1242 ut
1499 1202 1646 1255 quibus

300 1270 401 1311 nihil
426 1269 573 1310 hostile
600 1275 838 1322 suspectum
857 1274 985 1315 esset,
1012 1265 1200 1306 omnibus
1220 1265 1367 1319 portis,
1397 1278 1478 1316 qua
1502 1263 1647 1316 cuique

302 1332 536 1387 proximum
572 1338 676 1378 erat,
714 1344 763 1370 ea
791 1329 913 1370 modo
945 1342 1049 1381 quae
1078 1327 1372 1381 restinguendo
1397 1325 1483 1380 igni
1513 1326 1648 1366 forent

258 1410 277 1438 4
302 1400 532 1450 portantes,
569 1392 611 1432 in
642 1406 790 1446 agmen
814 1391 1048 1431 Romanum
1077 1390 1263 1429 ruebant.
1336 1388 1484 1440 quibus
1516 1387 1647 1427 caesis

304 1456 494 1497 omnibus
520 1462 808 1509 praeterquam
832 1452 971 1493 hostili
995 1451 1109 1499 odio,
1142 1451 1264 1491 etiam
1287 1465 1339 1490 ne
1365 1449 1454 1502 quis
1480 1449 1646 1489 nuntius

303 1518 523 1571 effugeret,
561 1515 767 1570 extemplo
801 1513 940 1568 Scipio
976 1512 1186 1567 neglectas
1222 1519 1268 1552 ut
1302 1511 1344 1550 in
1374 1510 1445 1550 tali
1475 1510 1649 1550 tumultu

260 1595 278 1623 5
303 1587 442 1634 portas
480 1577 659 1625 invadit3
708 1576 954 1630 ignibusque
996 1575 1038 1613 in
1078 1573 1266 1628 proxima
1306 1582 1414 1613 tecta
1455 1572 1648 1613 coniectis

304 1642 436 1681 effusa
465 1640 631 1680 flamma
659 1638 792 1693 primo
824 1637 935 1677 velut
966 1651 1109 1690 sparsa
1139 1635 1324 1690 pluribus
1354 1634 1455 1675 locis
1486 1634 1648 1683 reluxit,

303 1703 397 1742 dein
434 1716 506 1756 per
544 1700 737 1741 continua
774 1714 942 1754 serpens
980 1713 1061 1738 uno
1096 1705 1264 1752 repente
1295 1696 1432 1737 omnia
1461 1695 1649 1736 incendio

260 1782 276 1810 6
304 1764 451 1805 hausit.
491 1762 670 1803 ambusti
690 1761 876 1802 homines
902 1760 1164 1813 iumentaque
1190 1758 1312 1800 foeda
1335 1758 1512 1813 primum
1536 1758 1649 1812 fuga,

304 1826 398 1866 dein
435 1835 572 1879 strage
609 1824 838 1865 obruebant
872 1822 1018 1862 itinera
1054 1831 1282 1876 portarum:
1322 1835 1423 1873 quos
1460 1835 1543 1860 non
1579 1834 1652 1873 op-

303 1896 510 1943 presserat
534 1886 655 1940 ignis‚
682 1886 790 1926 ferro
816 1883 1042 1939 absumpti,
1068 1883 1245 1936 binaque
1270 1889 1405 1922 castra
1430 1881 1544 1921 clade
1569 1896 1651 1921 una

261 1968 276 1995 7
305 1951 450 1991 deleta.
524 1949 648 1989 duces
685 1956 823 1988 tamen
860 1947 1000 1995 ambo,
1038 1961 1088 1986 ex
1118 1954 1178 1986 tot
1208 1945 1371 1986 milibus
1403 1950 1650 1984 armatorum

304 2013 385 2054 duo
410 2012 522 2052 milia
545 2011 730 2065 peditum
755 2019 794 2050 et
821 2008 1034 2063 quingenti
1055 2008 1211 2060 equites
1234 2021 1474 2054 semermes,
1499 2020 1652 2059 magna

260 2089 278 2118 8
305 2091 400 2130 pars
445 2074 572 2116 saucii
613 2073 833 2125 adflatique
877 2071 1066 2113 incendio
1109 2071 1354 2124 effugerunt.
1426 2082 1548 2109 caesa
1583 2074 1653 2123 aut

304 2138 452 2178 hausta
483 2136 656 2177 flammis
689 2134 962 2189 quadraginta
991 2133 1104 2175 milia
1133 2132 1345 2173 hominum
1376 2138 1488 2178 sunt,
1534 2136 1653 2184 capta

306 2215 429 2255 supra
476 2199 654 2252 quinque
701 2197 830 2245 milia3
879 2195 997 2237 multi
1033 2192 1439 2248 Carthaginiensium
1479 2191 1651 2239 nobiles,

262 2276 279 2306 9
305 2261 496 2302 undecim
532 2268 742 2301 senatores
753 2275 763 2308 3
813 2258 932 2313 signa
966 2256 1157 2297 militaria
1192 2262 1356 2296 centum
1393 2252 1654 2308 septuaginta

306 2330 513 2377 quattuor,
540 2321 633 2375 equi
651 2320 857 2362 Numidici
883 2334 1007 2374 supra
1031 2319 1112 2359 duo
1135 2317 1248 2358 milia
1273 2315 1520 2372 septingenti
1529 2332 1540 2364 3
1572 2314 1654 2355 ele-

305 2385 448 2441 phanti
474 2400 547 2426 sex
572 2384 697 2439 capti,
724 2390 816 2424 octo
843 2382 951 2423 ferro
975 2381 1221 2433 flammaque
1247 2378 1471 2433 absumpti;
1501 2391 1654 2432 magna

307 2448 368 2489 vis
395 2462 600 2488 armorum
625 2453 763 2500 capta:
795 2459 844 2486 ea
874 2443 1012 2485 omnia
1035 2443 1256 2498 imperator
1279 2441 1468 2484 Vulcano
1495 2445 1654 2480 sacrata

308 2509 499 2552 incendit.

268 2583 281 2612 1
390 2571 490 2614 VII.
538 2569 780 2611 Hasdrubal
805 2584 857 2609 ex
881 2569 982 2623 fuga
1007 2582 1099 2608 cum
1124 2566 1266 2622 paucis
1286 2565 1487 2606 Afrorum
1510 2563 1653 2603 urbem

309 2633 538 2687 proximam
561 2632 752 2687 petierat,
790 2645 920 2684 eoque
946 2646 1089 2672 omnes
1121 2629 1190 2683 qui
1215 2633 1456 2683 supererant
1479 2623 1652 2678 vestigia

311 2693 424 2736 ducis
451 2701 668 2747 sequentes
695 2708 738 2734 se
764 2693 1036 2743 contulerant3
1075 2699 1187 2732 metu
1211 2689 1377 2738 deinde,
1407 2702 1459 2729 ne
1485 2685 1651 2727 dedere-
