1815 3184
269 922 288 952 8

270 1048 288 1078 9

252 1234 291 1263 10

272 1666 290 1695 {0

277 2534 294 2563 <3

279 2656 293 2684 7

316 242 398 284 512
621 247 774 281 LIBER
797 246 927 289 XXX,
953 246 1006 280 29.
1020 245 1073 279 30.
1103 248 1152 289 [a.
1169 245 1342 288 u.e.552]

314 367 435 405 quam
466 363 505 391 et
534 350 622 405 ipse
654 364 780 390 causa
803 348 899 389 belli
930 355 1016 389 erat
1046 355 1086 389 et
1110 348 1289 389 adventu
1314 363 1387 388 suo
1419 348 1651 389 turbaverat

314 422 353 454 et
381 419 523 468 pactas
554 411 732 452 indutias
764 418 804 451 et
834 425 951 465 spem
980 411 1209 459 foederum,
1252 417 1388 450 tamen
1426 410 1459 450 si
1495 410 1651 464 integer

313 490 436 528 quam
472 474 506 514 si
541 473 672 514 victus
709 479 867 527 peteret
895 486 1040 526 pacem
1073 471 1265 525 aequiora
1293 470 1501 526 impetrari
1529 485 1652 525 posse

312 544 443 585 ratus,
469 535 657 576 nuntium
677 535 729 575 ad
745 533 982 589 Scipionem
1000 534 1128 582 misit,
1154 541 1199 574 ut
1217 533 1489 586 conloquendi
1515 547 1652 573 secum

312 604 559 653 potestatem
588 597 753 637 faceret.
812 596 854 636 id
883 604 1020 637 utrum
1051 610 1125 636 sua
1156 602 1300 650 sponte
1331 594 1472 635 fecerit
1503 610 1555 634 an
1578 608 1654 648 pu-

312 661 419 702 blico
458 659 647 708 consilio,
683 665 873 699 neutrum
909 672 980 698 cur
1016 658 1228 698 adfirmem
1258 657 1403 698 habeo.
1461 656 1652 698 Valerius

314 723 463 763 Antias
493 722 624 776 primo
655 720 810 775 proelio
840 719 994 760 victum
1024 734 1118 760 eum
1149 734 1173 759 a
1198 717 1409 773 Scipione,
1448 732 1528 771 quo
1553 717 1654 757 duo-

315 785 447 826 decim
472 784 584 824 milia
614 790 864 824 armatorum
891 782 934 822 in
964 782 1049 823 acie
1082 782 1163 823 sint
1187 795 1325 830 caesa,
1361 780 1471 820 mille
1497 787 1538 820 et
1562 794 1654 834 sep-

314 846 487 901 tingenti
512 845 637 900 capti,
673 845 856 900 legatum
886 858 979 884 cum
1009 843 1096 885 aliis
1124 844 1264 884 decem
1294 842 1441 898 legatis
1467 841 1590 882 tradit
1612 841 1655 880 in

314 917 448 950 castra
478 909 530 949 ad
555 907 793 962 Scipionem
823 907 999 948 venisse.
1060 914 1240 947 ceterum
1265 904 1404 960 Scipio
1436 918 1529 945 cum
1559 918 1656 944 con-

312 972 494 1025 loquium
520 970 629 1010 haud
655 969 884 1018 abnuisset,
911 969 1030 1010 ambo
1057 983 1108 1009 ex
1132 967 1358 1023 composito
1379 967 1502 1007 duces
1522 973 1656 1006 castra

312 1035 587 1090 protulerunt,
612 1039 658 1072 ut
682 1031 789 1073 coire
814 1046 866 1072 ex
888 1031 1118 1086 propinquo
1142 1038 1324 1085 possent.
1381 1028 1520 1084 Scipio
1545 1027 1656 1069 haud

314 1097 456 1152 procul
486 1096 729 1149 Naraggara
762 1094 863 1134 urbe
900 1108 992 1133 cum
1028 1093 1080 1133 ad
1117 1100 1252 1134 cetera
1286 1093 1376 1133 1000
1412 1098 1654 1146 opportuno,

315 1167 401 1198 tum
436 1157 545 1210 quos]
581 1155 743 1208 aquatio
778 1155 885 1195 intra
919 1155 989 1195 teli
1030 1154 1259 1195 coniectum
1299 1160 1408 1202 erat,
1456 1151 1653 1193 consedit.

316 1219 528 1260 Hannibal
553 1217 754 1258 tumulum
779 1232 802 1257 a
826 1223 1016 1269 quattuor
1039 1215 1203 1255 milibus
1234 1215 1347 1263 inde,
1388 1221 1520 1254 tutum
1545 1227 1654 1254 com-

315 1282 564 1333 modumque
590 1279 757 1332 alioqui,
793 1278 872 1319 nisi
896 1278 1006 1331 quod
1028 1278 1275 1332 longinquae
1301 1276 1528 1330 aquationis
1554 1284 1652 1323 erat,

317 1343 435 1398 cepit.
494 1342 550 1383 ibi
584 1341 626 1381 in
655 1340 790 1381 medio
821 1340 935 1381 100115
966 1346 1208 1394 conspectus
1239 1339 1437 1391 undique,
1475 1352 1526 1378 ne
1557 1337 1654 1390 quid

316 1405 557 1446 insidiarum
582 1410 709 1451 esset,
736 1401 931 1442 delectus.

400 1465 555 1506 XXX.
617 1462 843 1505 Summotis
875 1463 963 1517 pari
994 1462 1125 1517 spatio
1156 1461 1320 1502 armatis
1359 1475 1452 1501 cum
1482 1460 1653 1514 singulis

316 1527 604 1582 interpretibus
631 1525 843 1579 congressi
869 1532 980 1573 sunt,
1016 1539 1099 1565 non
1125 1538 1222 1563 suae
1248 1523 1370 1563 modo
1402 1522 1544 1562 aetatis
1569 1537 1656 1562 ma-

315 1589 415 1629 ximi
441 1589 585 1636 duces,
624 1587 697 1627 sed
722 1586 853 1627 omnis
881 1593 973 1626 ante
999 1600 1043 1625 se
1072 1584 1312 1633 memoriae,
1351 1583 1533 1624 omnium
1557 1597 1656 1638 gen-

316 1652 417 1692 tium
464 1650 629 1691 cuilibet
674 1663 819 1703 regum
864 1648 1207 1701 imperatorumve
1248 1660 1380 1700 pareS.
1450 1644 1656 1700 paulisper

317 1714 416 1755 alter
442 1713 606 1753 alterius
633 1718 874 1766 conspectu,
901 1709 1167 1750 admiratione
1191 1716 1333 1748 mutua
1351 1723 1478 1762 prope
1499 1706 1657 1748 attoniti

317 1775 559 1817 conticuere.
619 1781 705 1814 tum
736 1772 947 1813 Hannibal
977 1771 1103 1826 prior:
1148 1771 1201 1812 ‘si
1225 1770 1302 1811 hoc
1326 1770 1383 1810 ita
1406 1770 1490 1810 fato
1516 1769 1657 1810 datum

317 1846 421 1887 erat,
458 1844 502 1878 ut
526 1836 595 1890 qui
618 1836 773 1891 primus
799 1834 952 1875 bellum
976 1834 1093 1873 intuli
1118 1832 1269 1888 populo
1293 1832 1481 1873 Romano
1507 1831 1656 1884 quique

316 1901 464 1941 totiens
501 1914 628 1954 prope
664 1899 706 1938 in
741 1897 931 1938 manibus
968 1895 1178 1936 victoriam
1214 1894 1356 1942 habui,
1397 1894 1431 1934 is
1462 1893 1568 1933 ultro
1605 1893 1657 1933 ad

316 1977 461 2017 pacem
495 1960 714 2016 petendam
751 1960 951 2008 venirem,
986 1959 1132 2006 laetor,
1176 1965 1214 1998 te
1250 1956 1349 1997 mihi
1386 1962 1492 1996 sorte
1528 1954 1656 2009 potis-

319 2025 467 2065 simum
498 2024 658 2072 datum,
696 2038 719 2063 a
749 2037 828 2075 quo
853 2029 1047 2077 peterem.
1108 2019 1180 2060 tibi
1205 2033 1366 2072 quoque
1395 2017 1499 2057 inter
1528 2016 1658 2056 multa

317 2087 485 2142 egregia
513 2102 596 2127 non
625 2086 667 2126 in
697 2084 850 2125 ultimis
882 2083 1050 2124 laudum
1080 2082 1158 2122 hoc
1187 2081 1326 2129 fuerit,
1364 2078 1654 2126 Hannibalem,

317 2150 381 2190 cui
411 2156 471 2190 tot
502 2149 551 2190 (10
575 2148 775 2189 Romanis
807 2146 980 2187 ducibus
1013 2144 1225 2186 victoriam
1256 2144 1295 2184 di
1321 2142 1549 2190 dedissent,
1585 2141 1659 2181 tibi

316 2211 492 2252 cessisse
517 2218 638 2264 teque
663 2210 758 2250 huic
782 2208 903 2257 bello,
929 2207 1076 2248 vestris
1103 2206 1196 2261 plus
1216 2220 1339 2259 quam
1363 2203 1513 2245 nostris
1535 2202 1659 2243 cladi-

316 2274 392 2314 bus
428 2273 596 2327 insigni,
634 2272 758 2312 finem
793 2269 1052 2325 imposuisse.
1129 2268 1207 2309 hoc
1242 2281 1403 2320 quoque
1439 2265 1659 2306 ludibrium

318 2349 436 2375 casus
463 2335 634 2375 ediderit
658 2334 840 2381 fortuna,
878 2339 923 2372 ut
942 2346 1035 2372 cum
1053 2338 1168 2385 patre
1194 2336 1263 2370 tuo
1289 2328 1455 2370 consule
1481 2326 1658 2382 ceperim

318 2412 453 2443 arma,
503 2411 595 2436 cum
631 2396 777 2437 eodem
816 2394 994 2449 primum
1029 2393 1218 2433 Romano
1259 2391 1504 2445 imperatore
1541 2389 1659 2443 signa

318 2458 576 2507 contulerim,
613 2458 666 2499 ad
699 2458 828 2498 filium
864 2456 951 2497 eius
988 2454 1153 2495 inermis
1185 2454 1238 2493 ad
1266 2467 1411 2508 pacem
1440 2450 1659 2506 petendam

321 2521 493 2562 veniam.
553 2521 752 2575 optimum
791 2519 956 2573 quidem
992 2517 1124 2558 fuerat
1161 2531 1252 2556 eam
1287 2514 1472 2570 patribus
1508 2512 1658 2554 nostris

320 2590 496 2622 mentem
522 2583 659 2623 datam
685 2583 735 2622 ab
762 2582 823 2622 dis
849 2595 960 2629 esse,
985 2587 1031 2620 ut
1055 2586 1095 2619 et
1119 2593 1192 2619 vos
1217 2577 1361 2618 Italiae
1387 2583 1428 2617 et
1451 2590 1526 2616 nos
1546 2573 1659 2614 Afri-

322 2656 392 2683 cae
416 2643 585 2698 imperio
611 2643 791 2685 contenti
816 2657 1022 2689 essemus3
1059 2653 1192 2692 neque
1217 2639 1325 2681 enim
1355 2653 1406 2678 ne
1431 2636 1547 2678 vobis
1572 2634 1658 2688 qui-

323 2703 415 2743 dem
442 2704 581 2745 Sicilia
612 2719 658 2745 ac
690 2704 881 2745 Sardinia
918 2703 1015 2744 satis
1048 2702 1173 2756 digna.
1202 2701 1332 2755 pretia
1368 2706 1463 2740 sunt
1497 2712 1570 2752 pro
1600 2702 1657 2735 tot
