1815 3184
496 224 648 258 LIBER
671 223 836 268 xxvii,
861 223 915 258 48.
928 225 982 258 49.
1011 227 1059 268 [a.
1074 224 1112 258 0.
1128 224 1209 268 207]
1443 216 1525 257 379

184 335 254 368 aut
279 343 302 369 a
326 327 455 369 fronte
490 336 560 368 aut
589 328 640 368 ab
669 327 796 368 latere
825 328 1158 382 adgrederentur.
1222 329 1328 370 inter
1358 328 1527 369 Livium
1552 343 1569 372 9

183 390 573 443 Hasdrubalemque
597 389 744 445 ingens
770 397 1023 430 contractum
1048 398 1256 431 certamen
1280 397 1367 431 erat
1391 398 1527 432 atrox-

183 466 262 505 que
287 452 434 493 caedes
458 451 661 505 utrimque
687 452 894 493 edebatur.
953 452 1010 493 ibi
1035 452 1159 493 duces
1185 454 1324 502 ambo,
1350 453 1407 493 ibi
1430 468 1525 507 pars

182 514 313 556 maior
351 514 536 570 peditum
577 514 840 568 equitumque
887 515 1188 565 Romanorum,
1235 515 1293 556 ibi
1332 515 1525 570 Hispani,

182 584 300 618 vetus
325 577 442 618 miles
468 576 705 631 peritusque
724 577 937 618 Romanae
961 593 1143 632 pugnae,
1170 584 1210 618 et
1232 577 1427 632 Ligures,
1453 577 1527 617 du-

180 655 272 679 rum
295 639 337 679 in
368 639 490 680 armis
522 654 666 694 genus
726 639 872 680 eodem
895 639 1004 680 versi
1035 639 1259 710 elephanti,
1296 639 1365 693 qui
1395 639 1526 694 primo

181 701 337 757 impetu
367 702 633 742 turbaverant
664 701 956 756 antesignanos
988 709 1027 742 et
1057 701 1140 742 iam
1165 702 1283 756 signa
1312 716 1407 742 mov
1411 708 1526 742 erant

180 764 270 805 loco
279 781 290 813 3
328 764 475 805 deinde
507 771 715 804 crescente
747 764 967 804 certamine
998 772 1038 804 et
1067 765 1243 805 clamore
1274 763 1524 819 inpotentius

180 826 261 866 iam
285 826 374 881 regi
399 832 439 866 et
462 825 567 866 inter
585 826 687 866 duas
708 825 815 866 acies
835 826 1009 875 versari,
1036 826 1147 867 velut
1171 826 1326 875 incerti,
1353 841 1526 880 quorum

181 895 339 937 essent,
366 887 477 928 haud
501 887 752 928 dissimiliter
775 887 950 928 navibus
977 888 1064 928 sine
1089 888 1368 942 gubernaculo
1393 888 1524 943 vagis.

181 949 381 991 Claudius
420 949 536 1003 ‘quid
571 964 669 1004 ergo
705 949 919 1004 praecipiti
961 964 1083 991 cursu
1125 958 1209 991 tam
1243 951 1414 1006 longum
1449 951 1526 992 iter

180 1012 336 1053 emensi
367 1011 552 1053 sumus?'
611 1012 825 1051 clamitans
856 1012 1072 1061 militibus,
1110 1027 1203 1053 cum
1232 1013 1275 1053 in
1305 1014 1525 1054 adversum

179 1074 326 1114 collem
349 1073 502 1113 frustra
529 1072 648 1127 signa
672 1073 829 1127 erigere
861 1081 1030 1114 conatus
1062 1081 1189 1123 esset,
1226 1081 1447 1129 postquam
1476 1091 1525 1116 ea

176 1135 344 1189 regione
368 1135 574 1190 penetrari
599 1135 652 1175 ad
676 1134 837 1175 hostem
862 1149 946 1176 non
969 1135 1136 1176 videbat
1165 1151 1309 1190 posse,
1347 1137 1524 1179 cohortis

177 1197 331 1250 aliquot
361 1197 584 1238 subductas
617 1211 639 1237 e
671 1196 815 1238 dextro
854 1211 999 1246 cornu,
1041 1197 1112 1238 ubi
1144 1197 1362 1239 stationem
1391 1199 1524 1254 magis

177 1274 347 1314 segnem
372 1273 495 1312 quam
519 1274 703 1314 pugnam
727 1259 907 1300 futuram
932 1260 1144 1310 cernebat,
1175 1268 1270 1315 post
1295 1261 1425 1302 aciem
1450 1262 1526 1302 cir-

176 1321 383 1362 cumducit
407 1328 447 1362 et
470 1336 553 1362 non
577 1321 765 1362 hostibus
790 1322 932 1371 modo,
960 1322 1033 1363 sed
1057 1322 1181 1363 etiam
1207 1322 1291 1363 suis
1310 1323 1525 1379 inopinan-

175 1383 284 1424 tibus
309 1383 352 1423 in
376 1383 566 1424 dextrum
590 1382 772 1424 hostium
801 1384 908 1425 latus
933 1384 1101 1425 incurrit
1110 1401 1120 1434 3
1159 1392 1353 1439 tantaque
1384 1386 1525 1427 celeri-

176 1452 238 1485 tas
263 1444 358 1493 fuit,
394 1451 439 1485 ut
463 1459 557 1486 cum
582 1445 862 1486 ostendissent
886 1461 930 1487 se
955 1447 1007 1487 ab
1031 1446 1177 1496 latere,
1213 1463 1312 1489 mox
1342 1447 1385 1489 in
1408 1456 1525 1505 terga

176 1507 258 1547 iam
280 1514 525 1561 pugnarent.
584 1507 641 1547 ita
666 1522 717 1548 ex
742 1507 932 1549 omnibus
964 1509 1169 1563 partibus,
1201 1511 1252 1551 ab
1283 1510 1434 1561 fronte,
1472 1513 1524 1553 ab

175 1569 320 1617 latere,
352 1569 403 1609 ab
428 1576 563 1623 tergo,
599 1569 853 1610 trucidantur
876 1571 1058 1625 Hispani
1081 1572 1363 1626 Liguresque,
1401 1581 1442 1614 et
1473 1576 1525 1616 ad

178 1630 321 1671 Gallos
353 1630 435 1670 iam
466 1631 612 1671 caedes
643 1639 899 1685 pervenerat.
958 1632 1015 1673 ibi
1045 1633 1259 1674 minimum
1290 1635 1522 1677 certaminis

176 1692 271 1733 fuit:
297 1708 394 1733 nam
418 1699 458 1733 et
480 1708 576 1747 pars
602 1708 754 1748 magna
779 1694 830 1734 ab
857 1694 985 1749 signis
1012 1695 1199 1744 aberant,
1230 1704 1349 1737 nocte
1376 1697 1524 1753 dilapsi

178 1753 375 1807 stratique
401 1769 544 1795 somno
570 1755 727 1809 passim
750 1770 823 1809 per
848 1771 982 1811 agros,
1009 1763 1049 1797 et
1074 1757 1142 1810 qui
1167 1757 1354 1807 aderant,
1380 1758 1523 1801 itinere

177 1830 225 1856 ac
261 1816 410 1872 vigiliis
448 1816 574 1866 fessi,
623 1817 987 1859 intolerantissima
1021 1819 1172 1860 laboris
1211 1834 1405 1875 corpora,
1454 1822 1524 1863 vix

177 1895 290 1921 arma
323 1880 475 1921 umeris
507 1881 739 1934 gestabant.
800 1881 946 1922 etiam
976 1881 1056 1923 diei
1085 1882 1267 1923 medium
1297 1891 1384 1924 erat
1414 1884 1523 1926 sitis—

176 1956 254 1994 que
301 1948 342 1982 et
388 1941 498 1983 calor
540 1942 689 1984 hiantis
733 1943 963 1985 caedendos
1008 1944 1310 1999 capiendosque
1353 1947 1523 1988 adfatim

175 2004 413 2058 praebebat.

259 2066 601 2109 XXXXVHH.
660 2067 885 2121 Elephanti
914 2068 1053 2122 plures
1086 2069 1138 2109 ab
1168 2069 1269 2124 ipsis
1294 2071 1521 2112 rectoribus

177 2142 300 2180 quam
332 2129 382 2169 ab
413 2128 531 2169 hoste
560 2129 777 2170 interfecti.
837 2130 983 2171 fabrile
1015 2131 1222 2186 scalprum
1251 2146 1345 2172 cum
1373 2133 1522 2175 malleo

176 2189 402 2238 habebant3
437 2190 497 2239 id,
523 2190 595 2231 ubi
620 2191 777 2232 saevire
801 2191 948 2233 beluae
974 2206 1021 2233 ac
1044 2207 1162 2233 ruere
1186 2193 1229 2233 in
1255 2209 1351 2235 suos
1377 2209 1523 2250 coepe-

175 2258 285 2300 rant,
316 2251 513 2306 magister
536 2252 641 2293 inter
666 2268 785 2294 aures
810 2253 1009 2308 positum,
1040 2254 1130 2309 ipso
1156 2254 1197 2295 in
1223 2255 1410 2306 articulo,
1442 2272 1522 2310 quo

175 2313 356 2368 iungitur
381 2313 504 2368 capiti
529 2314 684 2363 cervix,
711 2323 862 2368 quanto
887 2316 1066 2357 maximo
1090 2324 1252 2371 poterat
1274 2317 1358 2358 ictu
1383 2319 1523 2374 adige-

1554 466 1594 494 10

1555 776 1590 805 11

1554 962 1591 990 ]”’)

1574 982 1591 990 ,ι

1553 1087 1591 1116 13

1554 1335 1593 1364 14

1552 1522 1591 1551 15

1552 1649 1590 1678 16

1551 1899 1588 1927 17

175 2375 257 2415 bat.
318 2389 366 2415 ea
401 2375 614 2417 celerrima
648 2376 716 2417 via
744 2377 886 2419 mortis
917 2378 960 2418 in
990 2385 1128 2418 tantae
1158 2379 1277 2420 molis
1308 2379 1431 2421 belua
1460 2381 1521 2422 in—
1547 2394 1565 2424 2

175 2444 298 2477 venta
333 2444 438 2486 erat,
481 2438 552 2478 ubi
587 2439 759 2493 regendi
797 2455 913 2495 spem
949 2440 1162 2490 vicissent,
1205 2442 1445 2496 primusque
1479 2444 1522 2485 id

174 2499 415 2540 Hasdrubal
439 2499 688 2549 instituerat,
727 2501 811 2542 dux
835 2516 929 2543 cum
954 2518 1078 2558 saepe
1103 2503 1204 2544 alias
1228 2506 1519 2556 memorabilis,

175 2569 261 2600 tum
284 2560 355 2601 illa
378 2561 597 2616 praecipue
621 2577 774 2617 pugna.
832 2563 901 2605 ille
932 2565 1156 2620 pugnantis
1181 2565 1382 2608 hortando
1413 2568 1521 2622 pari-
1546 2581 1564 2610 3

175 2629 317 2675 terque
342 2623 531 2665 obeundo
555 2624 739 2678 pericula
770 2626 980 2675 sustinuit,
1018 2627 1086 2668 ille
1116 2627 1251 2669 fessos
1284 2629 1520 2671 abnuentis-

174 2698 252 2739 que
288 2685 423 2727 taedio
454 2692 495 2727 et
535 2686 675 2728 labore
716 2702 824 2729 nunc
864 2689 1090 2744 precando,
1132 2704 1242 2731 nunc
1278 2690 1518 2746 castigando
