1815 3184
304 232 386 273 438
584 238 736 272 LIBER
759 212 945 282 XXVIII,
969 238 1025 272 45.
1042 238 1097 272 46.
1126 241 1174 281 [a.
1187 251 1221 272 u.
1238 250 1266 273 e.
1281 240 1361 283 549]

240 356 279 385 17
307 342 503 393 cuiusque
527 340 688 394 generis
712 353 882 379 numero
907 339 1156 393 expleturos,
1195 341 1367 389 securis,
1409 348 1550 390 rutra,
1572 343 1648 383 fal-

305 416 390 450 ces,
439 401 636 449 alveolos,
684 400 832 448 molas,
881 398 1079 453 quantum
1118 400 1161 441 in
1201 401 1471 455 quadraginta
1504 402 1647 457 longas

303 476 429 502 naves
455 476 557 514 opus
584 469 709 509 esset,
747 461 867 500 tritici
892 468 1054 501 centum
1079 468 1119 501 et
1143 462 1288 516 viginti
1318 462 1428 502 milia
1452 464 1647 512 modium,

240 535 278 566 18
304 529 343 562 et
366 522 410 561 in
433 522 627 562 viaticum
652 521 939 562 decurionibus
965 521 1270 576 remigibusque
1295 523 1544 572 conlaturos;
1568 523 1648 563 Pe-

302 583 448 631 rusini,
487 582 665 631 Clusini,
702 582 938 623 Russellani
971 582 1125 623 abietes
1156 584 1198 623 in
1228 583 1486 624 fabricandas
1522 599 1648 625 naves

303 651 342 684 et
366 643 558 683 frumenti
582 658 777 697 magnum
808 657 1035 684 numerum.
1095 643 1226 684 abiete
1257 659 1308 684 ex
1337 645 1519 698 publicis·
1536 645 1648 686 silvis

239 719 277 748 19
305 710 367 744 est
390 719 504 744 usus.
553 703 751 745 Umbriae
777 704 917 757 populi
942 712 981 744 et
1005 712 1164 758 praeter
1188 705 1263 745 hos
1287 705 1455 745 Nursini
1480 713 1518 746 et
1542 706 1650 746 Rea-

304 766 377 805 tini
401 772 440 805 et
459 765 705 805 Amiternini
728 763 987 817 Sabinusque
1013 766 1144 806 omnis
1170 781 1268 820 ager
1291 767 1438 806 milites
1463 767 1649 819 polliciti3

302 826 452 874 BIarsi,
489 825 676 880 Paeligni
701 826 1007 878 Marrucinique
1037 827 1154 867 multi
1184 827 1386 867 voluntari
1414 827 1580 868 nomina
1609 828 1651 867 in

237 900 280 930 20
304 887 478 928 classem
504 888 720 936 dederunt3
759 885 970 927 Camertes
998 902 1089 927 cum
1115 902 1246 940 aequo
1271 888 1434 928 foedere
1460 888 1650 928 (111111Βο-

302 949 432 989 manis
470 956 623 996 essent,
662 949 868 988 cohortem
899 956 1096 988 armatam
1128 956 1406 989 sescentorum
1437 949 1649 998 hominum

236 1023 275 1054 21
303 1010 512 1050 miserunt.
556 1010 720 1063 triginta
745 1010 911 1049 navium
936 1009 1299 1063 carinae—viginti
1324 1011 1649 1062 quinqueremes,

303 1070 445 1110 decem
471 1071 747 1123 quadriremes
772 1095 805 1099 —
830 1085 922 1110 cum
949 1078 1084 1111 essent
1109 1072 1283 1124 positae,
1315 1072 1402 1124 ipse
1427 1072 1483 1111 ita
1506 1071 1651 1111 institit

303 1132 432 1185 operi,
459 1139 502 1172 ut
528 1133 592 1172 die
617 1132 930 1186 quadragesimo
955 1133 1094 1184 quinto
1114 1146 1236 1184 quam
1257 1147 1307 1171 ex
1332 1132 1444 1172 silvis
1470 1132 1650 1171 detracta

302 1194 471 1235 materia
502 1201 603 1242 erat,
640 1207 765 1234 naves
796 1193 1015 1233 instructae
1047 1200 1305 1245 armataeque
1336 1193 1378 1232 in
1408 1207 1555 1245 aquam
1580 1193 1650 1232 de-

302 1256 447 1295 ductae
475 1255 566 1294 sint.

260 1327 275 1355 1
387 1315 656 1356 XXXXVI.
715 1315 932 1355 Profectus
965 1315 1007 1355 in
1041 1314 1223 1356 Siciliam
1255 1322 1315 1355 est
1345 1316 1509 1369 triginta
1538 1315 1650 1354 navi-

302 1377 379 1417 bus
411 1377 545 1430 longis
577 1376 899 1416 voluntariorum
930 1383 1085 1429 septem
1116 1376 1243 1415 ferme
1269 1376 1433 1416 milibus
1458 1377 1499 1415 in
1523 1390 1648 1415 naves

258 1449 276 1479 2
303 1438 516 1491 impositis.
577 1444 613 1477 et
645 1436 693 1476 P.
719 1437 906 1476 Licinius
938 1436 980 1475 in
1009 1437 1193 1476 Bruttios
1226 1437 1278 1476 ad
1314 1437 1416 1476 duos
1448 1437 1649 1476 exercitus

303 1499 537 1538 consulares
563 1498 684 1537 venit.
740 1512 791 1536 ex
815 1497 863 1536 iis
890 1511 983 1536 eum
1009 1496 1086 1536 sibi
1112 1497 1303 1549 sumpsit,
1341 1511 1463 1549 quem
1487 1497 1540 1536 L.
1566 1496 1651 1537 Ve-

258 1571 276 1599 3
303 1560 430 1599 turius
468 1558 609 1599 consul
644 1557 860 1605 habuerat3
897 1557 1067 1597 Metello
1099 1556 1178 1610 (ut)
1211 1557 1358 1609 quibus
1389 1557 1649 1611 praefuisset,

302 1620 461 1660 facilius
494 1634 587 1659 cum
618 1619 798 1659 adsuetis
830 1618 999 1671 imperio
1029 1633 1115 1658 rem
1145 1626 1357 1672 gesturum
1388 1625 1518 1667 ratus,
1560 1632 1652 1672 per-

257 1692 277 1720 4
302 1681 423 1720 misit.
473 1687 511 1720 et
535 1687 741 1733 praetores
768 1680 917 1719 diversi
942 1680 983 1719 in
1008 1680 1236 1732 provincias
1262 1680 1445 1733 profecti.
1494 1687 1533 1719 et
1556 1679 1652 1732 quia

302 1741 475 1795 pecunia
500 1742 551 1781 ad
576 1741 728 1781 bellum
748 1741 898 1788 deerat,
926 1741 1014 1794 agri
1029 1740 1232 1794 Campani
1256 1741 1466 1794 regionem
1491 1755 1515 1780 a
1539 1740 1652 1780 fossa

259 1816 276 1843 5
305 1802 464 1843 Graeca
489 1803 541 1843 ad
566 1817 676 1842 mare
702 1817 863 1842 versam
887 1802 1062 1842 vendere
1088 1808 1325 1854 quaestores
1350 1801 1470 1850 iussi,
1501 1801 1651 1841 indicio

302 1879 463 1916 quoque
488 1864 708 1918 permisso,
746 1864 816 1916 qui
846 1878 944 1916 ager
975 1863 1073 1903 civis
1101 1862 1303 1916 Campani
1333 1863 1496 1910 fuisset,
1533 1862 1591 1901 uti
1615 1862 1650 1901 is

301 1925 489 1979 publicus
514 1925 655 1978 populi
679 1924 856 1964 Romani
881 1931 1001 1964 esset.
1059 1924 1182 1963 indici
1206 1923 1431 1977 praemium
1457 1922 1652 1962 constitu-

302 1995 406 2034 tum,
444 1993 620 2038 quantae
644 1986 841 2039 pecuniae
867 2000 964 2040 ager
987 1985 1188 2025 indicatus
1214 1990 1322 2024 esset
1345 1998 1440 2037 pars
1465 1984 1649 2023 decuma.

259 2059 277 2088 6
303 2054 342 2087 et
368 2047 444 2088 Cn.
474 2046 648 2088 Servilio
679 2047 855 2101 praetori
885 2046 997 2087 urbis
1022 2046 1231 2100 negotium
1262 2046 1419 2092 datum,
1457 2051 1500 2084 ut
1527 2043 1651 2084 Cam-

301 2109 397 2162 pani
428 2109 555 2157 cives,
592 2108 663 2149 ubi
694 2108 839 2160 cuique
870 2122 921 2147 ex
957 2115 1122 2147 senatus
1153 2106 1338 2147 consulto
1368 2105 1507 2145 liceret
1537 2104 1652 2144 habi-

303 2178 405 2217 tare,
442 2169 499 2209 ibi
530 2169 776 2218 habitarent,
815 2169 1234 2220 animadverteretque
1264 2167 1307 2207 in
1337 2181 1424 2216 eos,
1461 2166 1531 2219 qui
1555 2165 1652 2206 alibi

302 2229 542 2270 habitarent.

260 2304 276 2332 7
386 2290 547 2331 Eadem
573 2299 727 2332 aestate
752 2291 882 2345 Mago
907 2290 1157 2331 Hamilcaris
1182 2289 1289 2330 filius
1315 2304 1365 2329 ex
1389 2289 1544 2329 minore
1568 2288 1651 2329 Ba-

303 2352 462 2393 liarium
486 2353 637 2401 insula,
675 2353 746 2393 ubi
770 2352 1018 2400 hibernarat,
1050 2352 1258 2391 iuventute
1283 2351 1388 2390 lecta
1410 2351 1452 2390 in
1477 2350 1650 2390 classem

304 2413 511 2466 imposita,
559 2414 601 2454 in
630 2414 792 2454 ltaliam
823 2414 987 2467 triginta
1019 2412 1146 2452 ferme
1182 2412 1366 2452 rostratis
1402 2411 1576 2451 navibus
1614 2416 1652 2450 et

304 2474 441 2514 multis
467 2477 645 2515 oneraris
671 2475 887 2515 duodecim
911 2474 1022 2514 milia
1046 2474 1248 2528 peditum,
1280 2474 1361 2513 duo
1386 2472 1514 2512 ferme
1540 2471 1652 2524 equi-

262 2547 280 2576 8
307 2543 392 2574 tum
417 2536 569 2576 traiecit
591 2535 861 2589 Genuamque
886 2536 1008 2575 nullis
1028 2535 1242 2589 praesidiis
1262 2534 1520 2574 maritumam
1539 2547 1651 2572 oram

307 2597 529 2637 tutantibus
554 2598 765 2650 repentino
790 2598 969 2637 adventu
999 2597 1116 2650 cepit.
1175 2596 1270 2636 inde
1301 2596 1353 2635 ad
1383 2609 1496 2635 oram
1519 2593 1652 2647 Ligu-

308 2672 396 2697 rum
422 2658 685 2711 Alpinorum‚
713 2660 746 2700 si
772 2673 874 2712 quos
898 2659 955 2700 ibi
980 2666 1114 2699 motus
1139 2658 1274 2698 facere
1299 2663 1451 2711 posset,
1478 2652 1650 2696 classem
