1815 3184
469 247 622 282 LIBER
645 247 830 289 XXVIII,
855 247 910 281 4⁵2.
931 247 985 280 43.
1013 249 1061 289 [a.
1078 246 1212 291 0205]
1435 236 1520 277 433

169 358 331 407 perator
367 351 572 392 fortunam
607 351 814 405 publicam
850 356 889 391 et
925 349 1179 390 maiestatem
1216 349 1376 402 imperi,
1415 363 1520 402 quae

169 421 256 454 tum
292 414 334 453 in
375 420 444 453 tuo
487 413 618 466 capite
655 411 1000 466 periclitabantur,
1049 410 1302 451 commisisti.
1363 424 1440 465 ego
1470 410 1519 451 P.
1546 422 1587 451 ‘22

173 475 411 516 Cornelium
458 474 516 514 rei
562 473 750 528 publicae
797 472 1017 526 nobisque,
1065 487 1148 513 non
1190 472 1268 513 sibi
1314 473 1393 526 ipsi
1441 473 1522 526 pri-

170 538 298 577 vatim
336 542 516 577 creatum
554 535 763 576 consulem
801 535 1007 583 existimo,
1046 534 1329 588 exercitusque
1365 535 1418 576 ad
1453 549 1524 575 cu-

172 600 345 640 stodiam
393 598 505 639 urbis
555 605 676 651 atque
724 598 868 638 Italiae
916 597 1088 651 scriptos
1137 611 1245 646 esse,
1294 612 1377 638 non
1418 612 1521 650 quos

171 661 283 715 regio
315 675 426 701 more
457 675 530 714 per
555 659 788 714 superbiam
814 659 1022 708 consules,
1054 673 1136 712 quo
1162 665 1358 699 terrarum
1383 659 1520 707 velint,

171 722 381 762 traiciant.'

255 783 530 824 XXXXIII.
582 782 690 824 Cum
716 784 897 824 oratione
923 783 975 824 ad
1000 789 1161 837 tempus
1186 789 1329 838 parata
1352 782 1521 832 Fabius,

172 852 257 886 tum
294 847 533 887 auctoritate
570 853 611 886 et
640 846 888 887 inveteratae
918 846 1158 899 prudentiae
1189 846 1300 886 fama
1330 860 1523 899 magnam

170 914 328 961 partem
366 914 530 948 senatus
568 914 607 948 et
643 908 822 948 seniores
858 907 1035 947 maxime
1072 907 1267 947 movisset
1304 907 1524 960 pluresque

170 969 385 1009 consilium
412 969 519 1009 senis
547 982 668 1021 quam
695 968 876 1008 animum
902 968 1202 1008 adulescentiae
1233 968 1413 1008 ferocem
1437 968 1524 1007 lau-

171 1030 330 1078 darent,
360 1029 499 1083 Scipio
524 1030 580 1070 ita
604 1030 764 1070 locutus
790 1029 936 1069 fertur:
965 1033 1023 1069 ‘et
1048 1029 1136 1082 ipse
1164 1028 1215 1080 Q.
1232 1029 1386 1070 Fabius
1412 1029 1523 1082 prin-

170 1091 275 1144 cipio
301 1091 512 1139 orationis,
549 1097 686 1144 patres
719 1090 956 1143 conscripti,
995 1091 1331 1130 commemoravit
1360 1091 1402 1129 in
1434 1105 1523 1130 scn-

170 1151 295 1191 tentia
315 1166 390 1191 sua
407 1164 530 1205 posse
551 1151 887 1191 obtrectationem
915 1157 1148 1204 suspectam
1168 1165 1271 1191 esse.
1311 1151 1426 1191 cuius
1447 1165 1524 1205 ego

168 1213 226 1253 rei
253 1227 335 1253 non
354 1219 436 1252 tam
456 1212 544 1266 ipse
565 1212 696 1252 ausim
717 1218 873 1252 tantum
893 1212 1026 1252 virum
1047 1212 1302 1261 insimulare,
1329 1227 1451 1265 quam
1477 1227 1526 1253 ea

170 1274 350 1328 suspicio
375 1298 408 1304 -
432 1274 530 1314 vitio
556 1274 749 1314 orationis
775 1289 827 1314 an
852 1274 910 1314 rei
933 1297 967 1302 —
990 1273 1101 1314 haud
1127 1288 1225 1314 sane
1250 1280 1425 1328 purgata
1450 1280 1523 1315 cst.

170 1336 228 1377 sie
253 1336 361 1376 enim
386 1335 560 1376 honores
594 1351 690 1376 suos
723 1343 763 1376 et
793 1336 947 1376 famam
977 1350 1114 1376 rerum
1144 1342 1355 1390 gestarum
1381 1336 1525 1376 extulit

168 1396 304 1438 verbis
336 1397 389 1437 ad
419 1398 742 1452 extinguendum
772 1398 950 1438 invidiae
981 1397 1152 1446 crimen,
1190 1404 1400 1451 tamquam
1425 1398 1526 1438 mihi

169 1459 220 1499 ab
246 1458 386 1499 infimo
412 1472 575 1512 quoque
600 1459 827 1513 periculum
853 1459 922 1508 sit,
949 1473 1001 1500 ne
1025 1474 1188 1502 mecum
1213 1459 1458 1509 aemuletur,
1487 1467 1524 1500 et

170 1534 251 1560 non
282 1519 332 1560 ab
364 1534 429 1568 eo,
467 1521 538 1573 qui
568 1521 664 1573 quia
695 1536 818 1574 super
848 1527 1003 1561 eeteros
1030 1521 1220 1570 excellat,
1265 1511 1427 1574 quoque
1452 1522 1525 1562 niti

169 1596 253 1623 non
278 1582 510 1632 dissimulo,
548 1598 613 1623 me
640 1583 719 1623 sibi
744 1583 909 1636 aequari
935 1583 1048 1623 nolit.
1110 1583 1168 1624 sie
1194 1598 1334 1624 senem
1367 1598 1409 1624 se
1434 1599 1526 1638 per-

169 1644 438 1696 functumque
475 1650 514 1685 et
549 1659 615 1684 me
656 1644 762 1685 infra
799 1651 974 1686 aetatem
1015 1645 1073 1684 fili
1109 1645 1232 1685 etiam
1270 1645 1333 1685 sui
1374 1646 1523 1699 posuit,

170 1711 381 1757 tamquam
416 1719 497 1745 non
534 1705 721 1759 longius,
771 1720 893 1758 quam
936 1713 1135 1759 quantum
1178 1706 1284 1746 vitae
1320 1706 1525 1748 humanae

171 1767 348 1820 spatium
374 1773 454 1815 est,
482 1767 682 1820 cupiditas
708 1767 862 1822 gloriae
888 1767 1130 1807 extendatur
1149 1767 1409 1820 maximaque
1428 1783 1524 1822 pars

169 1828 256 1868 eius
293 1828 335 1867 in
371 1828 609 1868 memoriam
645 1843 693 1869 ae
728 1828 1009 1882 posteritatem
1044 1829 1283 1882 promineat.
1344 1831 1524 1871 maximo

170 1889 316 1941 cuique
347 1889 389 1929 id
419 1889 603 1930 accidere
635 1890 770 1930 animo
801 1897 956 1931 certum
986 1890 1137 1940 habeo,
1175 1897 1219 1931 ut
1250 1906 1293 1932 se
1324 1908 1405 1932 non
1432 1907 1525 1932 cum

168 1950 452 2004 praesentibus
479 1952 620 2000 modo,
655 1952 727 1992 sed
753 1966 845 1992 cum
872 1952 1004 1993 omnis
1030 1953 1119 1993 aevi
1146 1953 1264 1993 claris
1291 1954 1387 1994 viris
1414 1969 1525 1994 com-

168 2018 324 2065 parent.
386 2013 575 2065 equidem
601 2013 711 2053 haud
736 2013 967 2062 dissimulo,
993 2028 1059 2054 me
1084 2020 1194 2063 tuas,
1227 2014 1380 2067 Quinte
1405 2015 1522 2065 Fabi,

169 2073 312 2113 laudes
349 2067 431 2115 no'n
468 2075 638 2127 adsequi
676 2075 808 2115 solum
839 2075 962 2125 velle,
1007 2076 1080 2116 sed
1103 2101 1137 2105 ——
1161 2075 1268 2117 bona
1298 2077 1418 2118 venia
1455 2084 1525 2118 tua

171 2134 342 2175 dixerim
368 2160 400 2163 —
426 2136 460 2175 si
494 2138 649 2190 possim
688 2137 809 2176 etiam
847 2151 1082 2191 exuperare.
1142 2138 1243 2178 illud
1274 2153 1350 2179 nee
1380 2138 1453 2179 tibi
1483 2139 1524 2179 in

170 2210 235 2235 me
270 2210 352 2236 neu
389 2197 488 2236 mihi
523 2198 566 2237 in
600 2198 825 2239 minoribus
862 2206 961 2239 natu
998 2199 1122 2239 animi
1160 2199 1228 2248 sit,
1266 2206 1311 2240 ut
1347 2200 1524 2241 nolimus

171 2271 419 2310 quemquam
454 2259 583 2299 nostri
619 2260 793 2300 similem
825 2260 1004 2302 evadere
1041 2261 1190 2301 civem:
1226 2261 1269 2301 id
1300 2262 1408 2302 enim
1443 2277 1525 2303 non

171 2333 310 2358 eorum
348 2320 488 2369 modo,
532 2320 681 2373 quibus
717 2322 1008 2372 invidet-imus,
1059 2323 1132 2363 sed
1167 2323 1225 2364 rei
1260 2323 1448 2377 publicae
1485 2331 1524 2365 et:

169 2394 299 2433 paene
330 2381 461 2422 omnis
492 2383 653 2436 generis
684 2383 852 2424 humani
883 2384 1172 2425 detrimentum
1209 2385 1272 2426 sit.
1346 2400 1524 2426 comme-

168 2442 359 2491 moravit,
392 2450 591 2496 quantum
616 2460 749 2485 essem
774 2446 943 2500 periculi
968 2447 1171 2496 aditurus,
1210 2447 1243 2487 si
1268 2447 1311 2487 in
1335 2446 1523 2488 Africam

169 2503 400 2553 traicerem,
438 2512 483 2545 ut
513 2521 647 2546 meam
677 2520 856 2560 quoque,
899 2522 983 2548 non
1013 2508 1147 2549 solum
1176 2509 1234 2549 rei
1264 2508 1452 2563 publicae
1484 2517 1522 2551 et

169 2565 371 2606 exercitus
403 2567 534 2607 vicem
565 2568 770 2609 videretur
801 2570 1009 2611 sollicitus.
1076 2571 1184 2611 unde
1220 2570 1321 2611 haec
1356 2578 1521 2625 repente

168 2640 266 2666 cura
301 2626 351 2667 de
387 2643 452 2669 me
484 2629 650 2670 exorta?-
696 2645 790 2671 cum
825 2639 940 2686 pater
969 2638 1221 2686 patruusque
1252 2647 1368 2674 meus
1399 2634 1521 2675 inter-

168 2686 283 2736 fecti,
311 2702 404 2729 cum
430 2689 510 2731 duo
537 2691 738 2733 exercitus
765 2707 905 2734 eorum
930 2709 1057 2748 prope
1076 2695 1284 2736 occidione
1310 2695 1434 2736 occisi
1459 2711 1522 2737 es-

239 2754 301 2781 Lm·
320 2755 373 2781 υοι.
392 2755 426 2782 11.
1253 2761 1298 2794 28

1549 1041 1567 1069 2

1550 1164 1568 1193 3

1551 1597 1569 1625 5

1551 2586 1590 2614 10
