1815 3184
262 1336 301 1365 10

260 1583 295 1611 11

261 2141 297 2170 13

261 2450 299 2478 14

331 225 415 264 414
647 230 801 264 LIBER.
825 213 1013 275 XXVIII,
1038 232 1092 265 27.
1121 234 1169 274 [a.
1186 243 1218 266 u.
1234 233 1358 277 e.54s]

331 334 480 374 civium
506 334 736 387 adgnosco,
774 333 902 382 facta,
939 333 1064 382 dicta,
1098 334 1287 384 consilia,
1319 335 1477 376 animos
1502 337 1682 378 hostium

331 395 461 435 video.
523 395 622 447 quid
646 395 755 435 enim
779 410 874 444 vos,
906 395 986 435 nisi
1011 395 1122 448 quod
1145 396 1346 450 Ilergetes
1373 404 1443 436 aut
1467 398 1680 448 Lacetani,

329 465 397 496 aut
423 456 596 511 optastis
623 457 735 497 aliud
760 466 830 497 aut
856 457 1078 511 sperastis?
1115 465 1156 497 et
1179 457 1237 497 illi
1256 466 1395 499 tamen
1408 458 1682 501 Mandonium

329 526 449 571 atque
485 518 726 567 Indibilem,
763 518 903 573 regiae
938 519 1164 559 nobilitatis
1202 519 1330 568 viros,
1369 520 1495 560 duces
1531 521 1681 562 furoris

329 579 458 620 secuti
474 586 582 628 sunt,
608 595 682 620 vos
699 580 929 634 auspicium
944 589 983 620 et
998 580 1214 635 imperium
1229 581 1281 621 ad
1294 582 1503 623 Umbrum
1516 582 1684 623 Atrium

329 649 369 682 et
395 640 599 682 Calenum
623 642 796 683 Albium
822 642 1040 684 detulistis.
1101 651 1250 698 negate
1278 659 1350 684 vos
1382 644 1424 683 id
1455 659 1597 685 omnes
1623 646 1684 685 fe-

327 703 434 744 cisse
460 712 529 744 aut
561 704 717 744 factum
749 705 949 754 voluisse,
986 705 1136 745 milites
1146 721 1156 754 ;
1193 719 1420 760 paucorum
1452 720 1546 746 eum
1571 707 1684 747 furo-

325 781 414 806 rem
451 774 572 819 atque
610 767 832 807 amentiam
868 781 961 808 esse
1002 767 1178 807 libenter
1215 768 1381 808 credam
1420 768 1681 822 negantibus.

325 843 402 868 nce
428 828 537 869 enim
563 843 612 869 ea
637 838 731 869 sunt
758 829 998 877 commissa,
1031 844 1136 882 quae
1162 830 1332 884 vulgata
1355 829 1397 869 in
1423 844 1588 870 omnem
1613 844 1684 869 ex-

327 890 498 930 ercitum
525 890 612 931 sine
638 891 811 945 piaculis
842 891 1081 945 ingentibus
1114 891 1271 946 expiari
1295 891 1469 946 possint.
1529 891 1682 932 invitus

327 967 376 992 ea
406 960 617 1005 tamquam
648 953 820 994 vulnera
852 954 1029 1007 attingo,
1069 953 1143 993 sed
1172 953 1252 993 nisi
1283 961 1392 993 tacta
1430 960 1682 1006 tractataque

328 1014 464 1054 sanari
500 1031 583 1055 non
618 1023 808 1070 possunt.
875 1016 1066 1068 equidem
1101 1015 1231 1069 Dulsis
1263 1015 1471 1070 Hispania
1508 1015 1684 1056 Cartha-

326 1076 583 1130 giniensibus
610 1077 744 1118 nullos
772 1077 959 1118 homines
986 1078 1203 1118 credebam
1226 1092 1331 1126 esse,
1357 1078 1428 1117 ubi
1448 1077 1532 1118 vita
1548 1077 1683 1117 invisa

327 1147 438 1179 esset
462 1154 574 1179 mea:
613 1140 671 1179 sic
696 1155 762 1180 mc
786 1155 870 1180 non
897 1140 1031 1181 solum
1062 1140 1261 1180 adversus
1295 1139 1428 1180 socios
1455 1154 1681 1194 gesseram,

328 1201 402 1241 sed
427 1201 550 1241 etiam
577 1201 776 1241 adversus
803 1202 946 1242 hostis.
997 1201 1039 1241 iu
1065 1201 1210 1242 castris
1237 1216 1289 1241 en
1313 1201 1462 1241 meis—
1483 1209 1682 1254 quantum

326 1262 464 1316 opinio
502 1262 667 1303 fefellit!
693 1264 862 1303 —fama
897 1263 1040 1303 mortis
1072 1278 1188 1303 meae
1220 1278 1302 1304 non
1335 1271 1503 1317 accepta
1535 1263 1680 1311 solum,

327 1325 400 1364 sed
426 1325 549 1364 etiam
581 1333 798 1379 expectata
830 1333 904 1366 est.
964 1341 1047 1366 non
1078 1326 1189 1378 quod
1225 1341 1302 1380 ego
1335 1325 1495 1380 vulgari
1520 1326 1680 1366 facinus

324 1400 398 1439 per
423 1386 555 1426 omnis
582 1386 705 1426 velim
729 1411 762 1414 —
787 1387 996 1439 equidem,
1036 1387 1070 1427 si
1095 1394 1226 1427 totum
1257 1387 1481 1426 exercitum
1506 1395 1681 1428 mortem

325 1448 426 1487 mihi
463 1455 629 1502 optasse
668 1448 896 1496 crederem,
935 1448 1001 1487 hie
1039 1448 1178 1488 statim
1215 1456 1309 1488 ante
1347 1448 1488 1488 oculos
1520 1456 1680 1489 vestros

325 1524 506 1550 morerer
537 1524 613 1550 nec
645 1525 709 1550 me
741 1510 826 1549 vita
853 1509 1016 1550 iuvaret
1045 1509 1180 1549 invisa
1212 1509 1370 1549 civibus
1408 1516 1448 1550 et
1483 1509 1680 1551 militibus

325 1571 426 1611 meis
453 1596 503 1619 —‚
543 1572 616 1611 scd
647 1571 866 1611 multitudo
898 1571 1031 1612 omnis
1065 1571 1169 1611 sicut
1201 1580 1348 1612 natura
1377 1571 1502 1612 maris
1532 1587 1606 1626 per
1638 1587 1682 1612 se

325 1632 531 1672 inmobilis
553 1640 628 1681 est,
656 1640 696 1674 et
716 1633 828 1673 venti
854 1640 894 1673 et
919 1648 1042 1673 aurae
1064 1633 1172 1673 cient
1185 1634 1310 1674 —-ita
1330 1641 1399 1674 aut
1418 1633 1682 1686 tranquillum

325 1701 395 1733 aut
419 1695 625 1748 procellae
650 1695 693 1735 in
718 1694 835 1736 vobis
863 1702 970 1735 sunt.
1032 1702 1072 1735 et
1097 1710 1222 1735 causa
1253 1704 1375 1748 atque
1407 1695 1522 1749 origo
1548 1696 1680 1736 omnis

325 1756 473 1797 suroris
500 1772 628 1811 penes
655 1765 843 1798 auctores
870 1764 951 1806 est,
985 1773 1058 1798 vos
1086 1758 1330 1812 contagione
1355 1757 1587 1806 insanistis,
1614 1757 1682 1810 qui

323 1818 424 1857 mihi
448 1833 499 1858 ne
525 1818 648 1859 hodie
674 1819 842 1872 quidem
867 1819 971 1860 seire
998 1819 1212 1868 videmini,
1251 1834 1332 1872 quo
1358 1819 1561 1859 amentiae
1585 1834 1681 1873 pro-

324 1880 458 1933 gressi
484 1880 590 1929 sitis,
618 1881 717 1933 quid
741 1881 936 1922 facinoris
961 1881 1005 1921 in
1029 1896 1114 1930 me,
1145 1881 1244 1934 quid
1267 1881 1309 1920 iu
1334 1880 1509 1935 patriam
1534 1895 1681 1935 paren-

325 1942 459 1994 tisque
487 1956 534 1982 ac
558 1942 710 1984 liberos
736 1951 917 1992 vestros,
950 1943 1048 1995 quid
1072 1942 1113 1985 in
1140 1943 1239 1983 deos
1267 1942 1512 1983 sacramenti
1538 1949 1679 1991 testes,

326 2004 423 2056 quid
460 2005 659 2046 adversus
698 2005 899 2060 auspicia,
939 2005 1017 2046 sub
1053 2005 1201 2057 quibus
1233 2004 1435 2053 militatis,
1473 2004 1572 2057 quid
1609 2005 1681 2044 ad-

324 2080 469 2106 versus
496 2081 652 2107 morem
677 2067 846 2108 militiae
872 2066 1213 2121 disciplinamque
1240 2066 1459 2114 maiorum,
1486 2065 1584 2119 quid
1610 2066 1680 2106 ad-

324 2142 469 2168 versus
497 2129 646 2168 summi
671 2129 817 2184 imperi
847 2129 1107 2170 maiestatem
1137 2128 1226 2168 ausi
1260 2128 1361 2168 sitis.
1423 2128 1472 2168 de
1497 2142 1563 2168 me
1588 2128 1679 2182 ipso

324 2197 489 2230 taceo—
512 2200 665 2231 temere
696 2191 833 2246 potius
871 2206 995 2244 quam
1031 2190 1151 2231 avide
1188 2189 1463 2238 credideritis,
1503 2190 1679 2242 denique

324 2266 402 2305 ego
429 2252 525 2300 sim,
564 2253 679 2293 cuius
706 2253 852 2307 imperi
883 2253 1048 2294 taedere
1080 2252 1306 2293 exercitum
1336 2251 1503 2292 minime
1528 2251 1680 2291 miran-

325 2312 423 2353 dum
460 2314 576 2355 sit—z
619 2314 753 2369 patria
789 2315 889 2367 quid
926 2315 976 2355 de
1013 2314 1131 2355 vobis
1168 2321 1393 2362 meruerat,
1431 2328 1555 2366 quam
1585 2327 1679 2353 cum

323 2374 554 2416 lNIandonio
599 2386 639 2417 et
680 2376 849 2417 Indibili
891 2376 1166 2417 consociando
1210 2375 1381 2416 consilia
1415 2375 1678 2429 prodebatis?

325 2436 423 2488 quid
457 2438 635 2492 populus
661 2438 896 2487 Romanus,
934 2452 1027 2478 cum
1062 2437 1280 2492 imperium
1311 2437 1494 2477 ablatum
1526 2437 1577 2476 ab
1609 2435 1679 2475 tri-

326 2498 445 2539 bunis
479 2500 678 2554 suffragio
709 2500 851 2555 populi
882 2500 1029 2540 creatis
1062 2500 1114 2540 ad
1139 2499 1326 2540 homines
1353 2499 1536 2553 privatos
1563 2497 1678 2538 detu-

324 2560 449 2609 listis,
482 2576 574 2601 cum
601 2577 649 2602 eo
675 2562 765 2616 ipso
791 2577 874 2603 non
901 2562 1099 2610 contenti,
1133 2562 1167 2602 si
1190 2576 1264 2615 pro
1290 2560 1463 2601 tribunis
1488 2559 1580 2599 illos
1606 2557 1678 2596 ha-

325 2621 495 2670 beretis,
534 2623 669 2663 fasces
694 2623 954 2678 imperatoris
980 2623 1107 2664 vestri
1138 2623 1190 2663 ad
1215 2638 1304 2671 eos,
1344 2621 1491 2674 quibus
1518 2632 1674 2664 servus,

328 2683 392 2721 cui
427 2683 698 2737 imperarent,
748 2700 972 2738 numquam
1015 2685 1147 2725 fuerat
1163 2716 1173 2732 ‚
1221 2684 1435 2724 Romanus
1473 2678 1674 2722 exercitus
