1815 3184
322 273 403 314 308
664 280 817 313 LIBER
841 279 984 322 XXVI,
1010 279 1063 313 39.
1093 281 1141 322 [a.
1156 291 1188 313 u.
1207 290 1236 313 ο.
1250 279 1332 323 544]

276 397 294 427 9
403 383 514 423 Raro
545 381 644 423 alias
676 382 799 423 tantis
831 382 977 422 animis
1009 382 1140 423 iustae
1178 389 1467 423 concurrerunt
1502 383 1668 435 classeS,

320 444 470 497 quippe
502 457 595 483 cum
626 443 666 483 in
697 443 862 483 maioris
894 443 1112 483 discrimen
1142 443 1218 492 rei,
1256 457 1378 496 quam
1404 444 1518 498 ipsae
1543 454 1668 493 erant,

256 519 295 548 10
320 511 567 559 pugnarent:
594 504 823 553 Tarentini,
850 514 894 545 ut
918 511 1157 559 recuperata
1181 504 1281 545 urbe
1301 519 1347 545 ac
1362 505 1559 559 Romanis
1579 514 1671 560 post

320 566 589 607 centesimum
625 581 752 620 prope
789 581 941 606 annum
979 581 1113 606 arcem
1151 567 1273 607 etiam
1308 566 1549 617 liberarent,
1599 582 1672 622 spe

320 634 572 669 commeatus
604 642 766 681 quoque
797 628 1002 678 hostibus,
1043 628 1077 668 si
1102 629 1237 668 navali
1266 629 1420 682 proelio
1444 630 1673 683 possessio-

256 704 291 731 11
320 705 414 730 nem
438 690 562 730 maris
590 690 857 738 ademissent,
883 689 1193 738 interclusuros3
1224 690 1419 739 Romani,
1450 697 1494 730 ut
1517 698 1673 731 retenta

320 752 581 806 possessione
607 752 711 792 arcis
737 752 1014 800 ostenderent,
1040 767 1122 792 non
1147 752 1188 792 vi
1213 766 1260 792 ac
1284 752 1450 801 virtute,
1484 753 1556 793 sed
1580 767 1674 806 pro-

256 827 294 855 12
321 813 472 854 ditione
503 827 550 853 ac
581 812 690 854 furto
722 813 946 853 Tarentum
978 813 1188 853 amissum.
1248 813 1384 866 itaque
1422 828 1472 853 ex
1502 820 1673 867 utraque

319 882 432 929 parte
471 875 589 929 signo
626 875 721 915 dato
759 889 851 915 cum
887 874 1028 915 rostris
1066 874 1368 915 concurrissent
1404 889 1536 927 neque
1566 883 1673 916 retro

319 951 466 977 navem
502 936 731 977 inhiberent
772 951 848 977 1100
891 936 1026 976 dirimi
1061 935 1112 976 ab
1151 950 1194 976 50
1230 936 1389 976 hostem
1426 943 1671 991 paterentur,

320 1013 443 1051 quam
469 999 560 1051 quis
592 999 781 1053 indeptus
814 1013 960 1039 navem
993 1004 1078 1038 crat
1110 998 1241 1038 ferrea
1265 998 1413 1038 iniecta
1437 1014 1580 1047 manu,
1618 999 1674 1039 ita

321 1059 589 1100 conserebant
631 1075 681 1100 ex
722 1060 952 1114 propinquo
990 1075 1196 1114 pugnam,
1241 1067 1289 1100 'ut
1325 1075 1407 1100 non
1448 1060 1671 1101 missilibus

321 1128 496 1170 tantum,
535 1121 607 1161 scd
643 1121 790 1175 gladiis
828 1122 949 1161 etiam
985 1136 1110 1175 prope
1142 1121 1301 1162 conlato
1331 1122 1435 1175 pede
1465 1128 1673 1176 gereretur

256 1194 294 1224 13
319 1197 400 1223 res.
447 1198 590 1237 prorae
615 1183 719 1223 inter
743 1197 786 1223 50
811 1183 971 1223 iunctae
997 1183 1237 1231 haerebant,
1268 1198 1427 1237 puppes
1454 1183 1585 1224 alieno
1610 1198 1673 1224 re-

321 1245 446 1299 migio
472 1244 865 1298 circumagebantur.
925 1245 980 1284 ita
1004 1245 1045 1284 in
1077 1252 1163 1285 arto
1190 1245 1361 1299 stipatae
1393 1251 1506 1285 crant
1531 1259 1670 1293 naves,

320 1314 365 1346 ut
389 1306 458 1346 vix
483 1306 611 1346 ullum
638 1306 762 1346 telum
788 1306 829 1345 in
853 1306 954 1346 mari
980 1321 1131 1346 vanum
1156 1307 1411 1347 intercideret
1421 1323 1431 1355 3
1467 1306 1671 1347 frontibus

320 1368 431 1408 velut
456 1368 665 1422 pedestres
692 1368 799 1408 acics
819 1367 1021 1422 urgebant
1039 1368 1283 1422 perviaeque
1308 1383 1434 1409 naves
1455 1369 1673 1422 pugnanti-

256 1442 294 1470 14
321 1429 399 1470 bus
426 1439 550 1470 erant.
610 1430 783 1484 insignis
815 1436 952 1469 tamen
981 1430 1085 1469 inter
1116 1436 1270 1470 ceteras
1301 1444 1441 1483 pugna
1472 1429 1548 1469 fuit
1573 1430 1673 1470 dua-

256 1503 294 1532 15
320 1506 427 1539 rum,
455 1506 559 1544 quae
585 1492 739 1545 primae
766 1491 940 1544 agminis
967 1497 1255 1530 concurrerant
1279 1490 1383 1530 inter
1408 1505 1463 1530 se.
1523 1491 1565 1530 111
1589 1490 1674 1532 Ro-

320 1569 442 1593 mana
476 1568 580 1593 nave
616 1553 703 1606 ipse
730 1552 949 1604 Quinctius
987 1559 1088 1600 erat,
1126 1552 1167 1592 in
1199 1552 1421 1593 Tarentina
1451 1553 1575 1601 Nico,
1608 1554 1673 1594 cui

318 1613 493 1654 Perconi
525 1614 599 1654 fuit
632 1628 878 1668 cognomen,
917 1629 998 1654 non
1029 1613 1193 1667 publico
1225 1615 1365 1663 modo,
1405 1615 1477 1655 sed
1512 1615 1673 1668 privato

320 1675 442 1715 etiam
479 1675 571 1715 odio
608 1675 765 1716 invisus
804 1682 925 1728 atque
960 1675 1134 1715 infestus
1172 1675 1388 1724 Romanis,
1438 1676 1548 1728 quod
1584 1676 1671 1717 eius

254 1749 294 1777 10·
320 1736 507 1776 factionis
534 1743 637 1785 erat,
670 1751 774 1789 quae
801 1736 1026 1776 Tarentum
1051 1736 1277 1777 Hannibali
1301 1737 1546 1791 prodiderat.
1607 1737 1673 1778 1110

321 1791 560 1849 Quinctium
588 1798 709 1838 simul
733 1805 986 1852 pugnantem
1012 1798 1322 1851 hortantemque
1349 1814 1444 1839 suos
1464 1798 1673 1839 incautum

319 1859 436 1900 hasta
467 1860 680 1915 transfigit.
741 1860 807 1900 illc
839 1867 959 1913 atque
995 1874 1192 1914 praeceps
1224 1874 1317 1900 cum
1348 1860 1470 1900 armis
1501 1860 1674 1914 procidit

256 1934 293 1963 17
321 1928 411 1962 ante
436 1936 617 1975 proram,
654 1922 782 1962 victor
808 1921 1054 1962 Tarentinus
1085 1922 1126 1961 in
1157 1921 1361 1961 turbatam
1391 1922 1494 1962 duce
1521 1922 1673 1962 amisso

319 1999 467 2024 navem
503 1984 663 2039 inpigre
699 1991 982 2039 transgressus
1019 1998 1113 2024 cum
1151 1984 1442 2024 summovisset
1472 1984 1602 2024 hostis
1635 1991 1674 2024 et

320 2060 439 2100 prora
469 2046 551 2086 iam
582 2046 899 2087 Tarentinorum
932 2053 1058 2095 esset,
1095 2046 1265 2100 puppim
1304 2045 1409 2086 male
1441 2045 1674 2100 conglobati

320 2114 529 2148 tuerentur
558 2108 752 2156 Romani,
790 2114 956 2162 repente
988 2114 1027 2148 et
1057 2107 1136 2148 alia
1165 2123 1189 2148 a
1218 2122 1355 2162 puppe
1393 2107 1565 2148 triremis
1601 2107 1674 2148 ho-

256 2179 295 2210 18
322 2169 443 2209 stium
469 2170 668 2224 apparuit.
729 2170 784 2210 ita
809 2170 851 2210 in
876 2170 1010 2210 medio
1037 2169 1315 2210 circumventa
1340 2169 1527 2209 Romana
1556 2168 1672 2208 navis

321 2231 490 2284 capitur.
540 2231 634 2271 hinc
659 2231 802 2272 ceteris
824 2238 950 2272 terror
968 2231 1160 2279 iniectus,
1186 2231 1244 2270 uti
1263 2231 1506 2284 praetoriam
1526 2244 1673 2270 navem

322 2300 482 2345 captam
508 2293 666 2342 videre3
710 2293 996 2347 fugientesque
1021 2292 1177 2346 passim
1203 2292 1304 2333 aliae
1330 2292 1371 2332 in
1397 2291 1477 2332 alto
1502 2305 1673 2340 mersae,

322 2353 424 2394 aliae
456 2354 496 2394 in
527 2361 675 2395 terram
705 2354 828 2395 remis
861 2354 1052 2408 abreptae
1084 2369 1180 2394 mox
1209 2354 1385 2408 praedae
1415 2353 1529 2394 fuere
1561 2352 1676 2392 Thu-

257 2426 296 2456 19
321 2415 418 2455 rinis
438 2415 829 2470 Metapontinisquc.
880 2430 931 2456 ex
955 2416 1167 2464 onerariis,
1195 2430 1299 2468 quae
1326 2429 1419 2455 cum
1444 2420 1676 2455 commeatu

323 2477 609 2529 sequebantur,
630 2492 858 2531 perpaucae
872 2478 913 2517 in
932 2484 1177 2531 potestatem
1197 2477 1377 2517 hostium
1396 2490 1556 2524 venere,
1572 2475 1674 2515 aliae

323 2538 375 2577 ad
400 2538 574 2578 incertos
606 2545 749 2579 ventos
780 2539 874 2579 hinc
906 2546 1026 2592 atque
1056 2538 1167 2578 illinc
1192 2537 1358 2590 obliqua
1383 2537 1673 2578 transferentes

256 2611 298 2640 20
323 2599 413 2639 vela
443 2599 484 2638 in
509 2599 635 2639 altum
661 2606 826 2641 evectae
853 2606 958 2640 sunt.
1007 2614 1266 2653 nequaquam
1299 2599 1385 2653 pari
1415 2599 1579 2639 fortuna
1602 2611 1674 2650 per

324 2673 393 2699 eos
430 2660 516 2700 dies
544 2660 711 2701 Tarenti
741 2675 805 2702 res
842 2668 972 2715 gesta.
1033 2676 1127 2701 nam
1159 2661 1211 2700 ad
1241 2667 1432 2713 quattuor
1460 2659 1571 2699 milia
1601 2658 1674 2696 110-

324 2720 479 2760 minum
509 2722 802 2762 frumentatum
834 2737 1002 2777 egressa
1032 2737 1126 2763 cum
1155 2723 1197 2762 in
1228 2722 1336 2775 agris
1367 2721 1521 2774 passim
1548 2733 1674 2772 vaga-
