1815 3184
280 423 294 450 λ1

256 855 266 882 l
275 854 294 882 O

256 1163 289 1190 11

273 1471 290 1499 10

272 2647 288 2675 7

322 235 379 275 44
644 243 798 277 LIBER
822 243 936 287 xxi,
961 243 1014 277 52.
1032 243 1087 277 53.
1116 245 1212 286 [au.
1228 243 1353 287 053ss]

322 347 374 388 ob
412 347 579 387 nimiam
616 346 817 386 cultorum
848 346 972 386 fidem
1002 345 1044 385 in
1074 345 1285 387 Romanos
1310 346 1516 387 laboranti
1548 355 1674 389 orant.

324 408 516 449 Cornelio
548 422 624 447 nee
656 422 781 447 eausa
811 422 887 448 nee
918 414 1079 460 tempus
1106 408 1289 461 agendae
1315 408 1370 448 rei
1396 408 1584 462 placebat
1610 425 1677 450 su-

323 478 543 523 spectaque
570 469 606 508 ci
631 483 733 523 gens
760 476 845 509 erat
870 483 962 508 cum
989 468 1040 508 ob
1060 469 1185 509 infida
1205 469 1332 510 multa
1351 470 1549 519 facinora,
1577 478 1675 520 tum,

321 540 365 571 ut
396 531 464 571 illa
495 538 698 570 vetustate
725 529 1022 579 abolevissent‚
1056 530 1108 571 ob
1133 537 1337 571 recentem
1363 531 1560 572 Boiorum
1586 547 1677 585 per-

321 593 478 641 fidiam3
508 591 777 646 Sempronius
799 599 939 632 contra
959 592 1213 633 continendis
1234 593 1276 632 in
1296 593 1375 633 fide
1402 593 1523 633 sociis
1548 594 1676 633 maxi-

320 670 433 695 mum
466 654 674 694 vinculum
705 668 796 694 esse
826 654 980 707 primos
1017 654 1087 707 qui
1124 655 1334 709 eguissent
1371 670 1447 709 ope
1484 655 1676 696 defensos

321 717 526 758 censebat.
577 723 664 756 tum
701 716 873 771 conlega
911 723 1126 757 cunctante
1158 717 1383 769 equitatum
1416 732 1533 757 suum
1567 717 1676 758 mille

318 779 503 833 peditum
545 777 838 818 iaculatoribus
880 777 1008 818 ferme
1051 778 1243 819 admixtis
1282 779 1334 819 ad
1370 778 1675 819 defendendum

322 839 528 881 Gallicum
560 855 705 894 agrum
737 847 848 880 trans
875 839 1068 880 Trebiam
1096 840 1229 880 mittit.
1281 855 1445 894 sparsos
1472 847 1510 881 et
1535 841 1676 881 incon-

319 902 474 956 positos
513 902 563 942 ad
600 901 679 942 hoe
715 902 852 956 gravis
889 902 1042 956 praeda
1072 901 1289 956 plerosque
1321 917 1413 943 cum
1445 902 1675 956 inopinatos

318 964 585 1013 invasissent,
623 964 831 1018 ingentem
864 970 1058 1004 terrorem
1090 964 1340 1017 caedemque
1366 979 1413 1004 ac
1439 964 1582 1019 fugam
1607 979 1676 1005 us-

318 1040 398 1078 que
436 1026 489 1066 ad
525 1034 660 1066 castra
692 1026 969 1078 stationesque
1001 1025 1181 1066 hostium
1212 1026 1364 1066 fecere:
1401 1026 1509 1067 unde
1540 1027 1675 1067 multi-

318 1088 458 1128 tudine
485 1088 616 1128 effusa
641 1087 749 1141 pulsi
773 1103 915 1128 rursus
943 1087 1127 1128 subsidio
1153 1103 1319 1128 suorum
1339 1088 1538 1142 proelium
1558 1089 1675 1129 resti-

320 1155 445 1190 tuere.
494 1150 606 1190 varia
631 1149 725 1189 inde
749 1164 890 1203 pugna
916 1156 1132 1202 sequentes
1162 1148 1476 1204 [cedentes]que
1503 1164 1597 1189 cum
1622 1150 1674 1190 ad

317 1219 546 1252 extremum
583 1218 829 1264 aequassent
872 1218 1095 1260 certamen,
1145 1211 1274 1252 maior
1314 1218 1451 1263 tamen
1493 1211 1673 1252 hostium

317 1273 514 1314 Romanis
541 1273 652 1313 fama
677 1273 869 1313 victoriae
894 1273 983 1313 fuit.

402 1335 525 1375 LIII.
568 1334 762 1375 Ceterum
784 1335 934 1374 nemini
956 1334 1138 1374 omnium
1158 1334 1286 1375 maior
1305 1335 1529 1388 iustiorque
1549 1349 1672 1387 quam

316 1397 395 1450 ipsi
433 1396 589 1437 consuli
628 1396 775 1445 vidcri3
817 1396 969 1450 gaudio
1008 1396 1160 1444 efferri,
1197 1410 1278 1448 qua
1313 1403 1427 1449 parte
1464 1397 1673 1450 copiarum

318 1458 419 1498 alter
450 1458 592 1498 consul
625 1458 756 1498 victus
789 1458 912 1507 foret,
947 1473 993 1498 ea
1020 1473 1063 1498 se
1090 1458 1255 1498 vicisse:
1294 1457 1502 1498 restitutos
1534 1472 1581 1498 ae
1610 1473 1673 1499 re—

315 1521 445 1561 fectos
472 1520 668 1561 militibus
695 1520 872 1568 animos,
904 1534 980 1560 nee
1005 1534 1252 1573 quemquam
1279 1534 1370 1560 esse
1395 1527 1555 1574 praeter
1579 1535 1674 1561 con-

315 1582 469 1637 legam,
496 1582 566 1635 qui
592 1582 757 1622 dilatam
779 1582 1082 1622 dimicationem
1103 1582 1242 1630 vellet3
1270 1596 1363 1621 eum
1385 1582 1520 1622 animo
1540 1582 1672 1637 magis

315 1660 439 1697 quam
477 1659 644 1699 corpore
681 1660 851 1699 aegrum
889 1644 1087 1684 memoria
1122 1644 1302 1684 vulneris
1341 1644 1471 1684 aciem
1508 1658 1557 1684 ae
1593 1644 1673 1685 tela

318 1706 501 1755 horrei-eg
529 1706 601 1746 sed
627 1722 707 1746 non
728 1721 820 1747 esse
840 1721 933 1746 cum
953 1720 1076 1760 aegro
1098 1706 1409 1746 senescendum.
1447 1706 1544 1758 quid
1564 1706 1673 1746 enim

314 1769 419 1808 ultra
456 1768 610 1808 differri
647 1775 715 1808 aut
752 1769 827 1808 teri
863 1768 1050 1822 tempus?
1092 1783 1215 1821 quem
1247 1768 1409 1808 tertium
1447 1768 1670 1817 consulem,

315 1845 437 1883 quem
463 1830 587 1870 alium
614 1831 838 1870 exercitum
859 1830 1088 1884 expectari?
1113 1836 1246 1870 castra
1268 1828 1672 1883 Carthaginiensium

315 1893 357 1932 in
382 1892 502 1932 Italia
533 1906 580 1932 ae
611 1906 738 1945 prope
764 1892 805 1931 in
832 1898 1055 1945 conspectu
1080 1891 1192 1931 urbis
1220 1906 1324 1931 esse.
1379 1906 1461 1930 non
1488 1890 1671 1931 Siciliam

314 1969 361 1995 ae
383 1953 616 1995 Sardiniam
636 1954 754 1993 victis
779 1953 992 2007 ademptas
1018 1968 1093 1993 nec
1119 1953 1177 1993 cis
1197 1953 1403 1993 Hiberum
1423 1953 1671 2006 Hispaniam

315 2016 415 2070 peti,
449 2023 510 2056 set
536 2015 623 2056 solo
648 2015 780 2069 patrio
807 2022 1013 2067 terraque,
1051 2015 1093 2054 in
1123 2029 1204 2068 qua
1234 2014 1362 2069 geniti
1394 2014 1543 2063 forent,
1576 2015 1672 2068 pelli

314 2078 539 2119 Romanos.
602 2081 819 2130 ‘quantum
856 2076 1145 2131 ingemiscant'
1183 2077 1315 2129 inquit
1352 2080 1506 2130 ‘patres
1543 2076 1672 2117 nostri

314 2140 421 2180 circa
456 2139 618 2180 moenia
651 2138 914 2192 Carthaginis
953 2137 1104 2178 bellare
1142 2138 1266 2186 soliti,
1312 2138 1346 2178 si
1382 2138 1547 2178 videant
1581 2152 1669 2187 nos,

314 2201 553 2256 progeniem
585 2216 719 2249 suam,
758 2201 861 2241 duos
894 2200 1083 2240 consules
1111 2200 1429 2252 consularesque
1455 2199 1670 2248 exereitus,

314 2263 356 2302 in
387 2263 522 2303 media
546 2262 666 2302 Italia
690 2262 877 2316 paventis
904 2262 1008 2302 intra
1034 2269 1186 2310 castra,
1219 2261 1407 2302 Poenum
1433 2261 1542 2314 quod
1568 2261 1673 2301 inter

313 2324 434 2378 Alpis
450 2323 799 2378 Apenninumque
820 2324 906 2378 agri
928 2325 996 2371 sit,
1025 2338 1123 2363 suae
1144 2323 1315 2363 dicionis
1338 2322 1528 2363 fecisse?'
1569 2322 1672 2362 haec,

313 2386 505 2427 adsidens
538 2401 661 2440 aegro
693 2386 907 2441 conlegae,
940 2386 1041 2426 haee
1066 2385 1108 2424 in
1133 2385 1335 2439 praetorio
1360 2399 1487 2439 prope
1518 2384 1672 2424 contio-

313 2448 530 2488 nabundus
563 2462 697 2502 agere.
749 2447 986 2488 stimulabat
1017 2454 1055 2487 et.
1087 2454 1248 2501 tempus
1279 2447 1520 2500 propincum
1546 2446 1672 2487 comi-

314 2510 481 2559 tiorum,
508 2525 559 2550 ne
584 2510 625 2549 in
650 2524 778 2550 novos
799 2509 987 2550 consules
1008 2508 1160 2549 bellum
1181 2506 1424 2557 differretur,
1452 2515 1491 2548 et
1509 2508 1670 2549 occasio

313 2572 355 2611 in
391 2587 434 2612 se
465 2587 594 2612 unum
625 2571 844 2612 vertendae
874 2571 1046 2626 gloriae,
1085 2572 1183 2611 dum
1215 2586 1338 2626 aeger
1368 2570 1540 2626 conlega
1570 2577 1667 2610 erat.

315 2633 450 2686 itaque
482 2634 730 2687 nequiquam
756 2634 1023 2674 dissentiente
1051 2633 1244 2675 Cornelio
1269 2633 1404 2688 parari
1429 2633 1481 2673 ad
1505 2631 1665 2687 propin-

314 2709 407 2735 cum
435 2702 641 2736 certamen
666 2695 814 2736 milites
840 2695 964 2736 iubet.
