1815 3184
297 217 379 258 216
590 223 744 257 LIBER
768 223 893 266 XXV,
919 223 950 256 ρ.
963 224 994 256 3.
1022 225 1118 266 [a.u.
1135 223 1352 268 c.541.542]

297 328 392 368 huic
427 326 580 380 petenti
617 325 866 366 aedilitatem
902 339 995 365 cum
1032 325 1276 366 obsisterent
1312 326 1462 367 tribuni
1502 329 1647 382 plebis,

297 394 494 442 negantes
519 387 719 427 rationem
745 387 831 428 eius
857 386 1089 427 habendam
1115 401 1224 436 esse,
1258 388 1368 440 quod
1392 389 1573 429 nondum
1598 391 1650 430 ad

297 450 518 504 petendum
555 448 739 503 legitima
781 455 892 490 aetas
936 455 1064 498 esset,
1115 450 1169 490 ‘si
1204 449 1285 490 me’
1322 450 1453 502 inquit
1491 454 1649 492 ‘omnes

298 511 481 563 Quirites
519 511 693 551 aedilem
729 510 865 551 facere
902 510 1067 560 volunt,
1118 511 1216 551 satis
1254 526 1452 552 annorum
1489 511 1649 552 habeo’.

297 580 410 614 tanto
451 572 546 613 inde
594 572 736 613 favore
778 573 831 613 ad
879 572 1124 627 suffragium
1171 572 1384 613 ferendum
1433 573 1475 613 in
1523 573 1650 614 tribus

297 635 529 675 discursum
572 641 663 682 est,
712 641 757 674 ut
799 634 951 675 tribuni
997 640 1164 687 repente
1207 634 1369 688 incepto
1412 635 1650 675 destiterint.

253 710 272 740 8
297 696 483 737 aedilicia
518 696 680 751 largitio
716 696 817 737 haec
855 695 956 736 fuit:
1005 696 1091 736 ludi
1127 696 1304 737 Romani
1347 712 1420 750 pro
1458 698 1651 751 temporis

296 759 405 799 illius
437 758 564 812 copiis
597 758 815 813 magnifice
846 758 945 798 facti
982 765 1021 798 et
1052 758 1160 798 diem
1191 774 1319 799 unum
1344 759 1576 808 instaurati,
1615 766 1653 800 et

299 820 421 875 congi
446 820 524 860 olei
549 820 591 860 in
615 820 728 861 vicos
755 820 939 875 singulos
966 820 1061 860 dati.

255 896 272 925 9
383 883 436 923 L.
463 881 613 923 Villius
647 882 862 937 Tappulus
899 888 938 922 et
974 881 1035 922 M.
1067 882 1308 923 Fundanius
1334 882 1550 923 Fundulus
1587 897 1655 923 ae-

298 944 399 985 diles
425 943 559 998 plebei
591 944 744 997 aliquot
775 951 982 985 matronas
1015 952 1113 999 aput
1142 944 1341 999 populum
1371 944 1509 998 probri
1535 959 1654 985 accu-

300 1013 457 1054 sarunt,
507 1007 708 1059 quasdam
747 1021 798 1046 ex
834 1006 891 1046 eis
929 1006 1143 1047 damnatas
1186 1006 1228 1046 in
1266 1006 1432 1047 exilium
1470 1013 1651 1060 egerunt.

236 1080 273 1109 10
299 1068 384 1108 ludi
419 1067 555 1122 plebei
591 1083 663 1122 per
698 1068 870 1109 biduum
906 1068 1121 1109 instaurati
1157 1074 1195 1108 ct
1231 1068 1343 1109 Iovis
1375 1068 1540 1122 epulum
1576 1067 1654 1107 suit

298 1128 488 1169 ludorum
513 1144 650 1170 causa.

257 1205 271 1233 1
386 1190 465 1231 III.
556 1190 607 1243 Q.
634 1191 806 1232 Fulvius
833 1192 1007 1233 Flaccus
1039 1192 1220 1241 tertium,
1258 1191 1423 1246 Appius
1451 1191 1651 1232 Claudius

256 1268 274 1296 2
302 1253 559 1293 consulatum
590 1253 743 1294 ineunt.
805 1260 844 1293 et
874 1260 1081 1307 praetores
1112 1253 1344 1308 provincias
1378 1254 1508 1294 sortiti
1546 1259 1651 1301 sunt,

299 1314 348 1355 P.
371 1314 586 1355 Cornelius
615 1313 730 1355 Sulla
759 1314 955 1355 urbanam
981 1322 1019 1356 et
1044 1315 1322 1369 peregrinam,
1349 1329 1454 1368 quae
1480 1316 1653 1355 (luorum

300 1384 392 1417 ante
419 1391 507 1417 sors
533 1376 684 1425 fuerat,
714 1376 791 1417 Cn.
818 1377 990 1417 Fulvius
1016 1377 1192 1417 Flaccus
1220 1376 1429 1430 Apuliam,
1459 1376 1506 1417 C.
1530 1376 1656 1417 Clau-

256 1453 274 1482 3
301 1439 391 1479 dius
422 1438 531 1479 Nero
565 1437 826 1487 Suessulam,
865 1439 925 1479 M.
954 1439 1096 1478 Iunius
1131 1438 1297 1479 Silanus
1325 1438 1499 1478 Tuscos.
1561 1453 1656 1478 con-

301 1501 458 1541 sulibus
484 1500 638 1541 bellum
664 1516 756 1541 cum
771 1500 1005 1541 Hannibale
1032 1507 1070 1540 et
1095 1500 1215 1540 binae
1240 1500 1423 1555 legiones
1451 1501 1655 1542 decretae:

301 1563 402 1603 alter
426 1578 449 1603 a
476 1562 527 1615 Q
556 1562 687 1603 Fabio
720 1563 940 1616 superioris
973 1562 1068 1602 anni
1099 1562 1286 1610 consule,
1324 1562 1425 1603 alter
1455 1578 1479 1603 a
1507 1563 1656 1603 Fulvio

255 1638 275 1666 4
301 1625 547 1666 Centumalo
574 1624 788 1678 acciperet.
843 1631 1076 1678 praetorum
1101 1624 1223 1664 Fulvi
1247 1624 1406 1674 Flacci,
1439 1639 1544 1678 quae
1568 1626 1658 1666 Lu-

301 1687 431 1727 ceriae
469 1685 545 1726 sub
577 1685 759 1726 Aemilio
795 1693 1000 1740 praetore,
1043 1686 1218 1727 Neronis
1259 1686 1426 1737 Claudi,
1475 1701 1580 1740 quae
1615 1687 1658 1727 in

298 1748 452 1788 Piceno
479 1747 555 1788 sub
584 1746 632 1788 C.
660 1747 854 1788 Terentio
880 1747 1074 1797 fuissent,
1101 1748 1284 1804 legiones
1311 1755 1466 1798 essent,
1494 1748 1658 1803 supple-

299 1817 481 1851 mentum
510 1810 554 1850 in
584 1824 653 1850 eas
685 1810 763 1865 ipsi
796 1810 1018 1851 scriberent
1047 1810 1136 1851 sibi.
1196 1810 1256 1851 M.
1284 1811 1403 1852 Iunio
1428 1811 1470 1851 in
1496 1811 1656 1852 Tuscos

255 1886 273 1915 5
299 1874 481 1928 legiones
531 1873 711 1914 urbanae
759 1874 905 1928 prioris
955 1874 1050 1914 anni
1098 1874 1230 1914 datae.
1309 1874 1372 1914 Ti.
1413 1873 1658 1928 Sempronio

301 1934 490 1977 Graccho
517 1942 555 1975 et
581 1935 629 1976 P.
660 1934 905 1990 Sempronio
928 1935 1136 1976 Tuditano
1162 1936 1379 1990 imperium
1404 1936 1659 1990 provinciae-

299 2012 377 2050 que
402 1997 566 2038 Lucani
603 2004 642 2038 et
668 1996 828 2039 Galliae
866 2012 959 2038 cum
998 1998 1082 2038 suis
1120 1997 1366 2038 exercitibus
1398 2004 1655 2052 prorogatae,

255 2071 273 2101 6
300 2060 396 2099 item
421 2059 470 2099 P.
497 2060 691 2109 Lentulo,
719 2074 801 2113 qua
824 2066 942 2101 vetus
969 2060 1178 2114 provincia
1207 2059 1250 2099 in
1280 2059 1417 2101 Sicilia
1443 2067 1569 2109 esset,
1595 2059 1657 2100 M.

299 2121 498 2162 Marcello
532 2120 765 2176 Syracusae
798 2128 837 2162 et
867 2135 949 2175 qua
973 2122 1170 2168 Hieronis
1202 2136 1375 2176 regnum
1402 2121 1567 2170 fuisset,
1608 2121 1657 2162 T.

301 2182 480 2224 Otacilio
507 2183 669 2232 classis,
710 2182 886 2225 Graecia
910 2183 970 2224 M.
998 2184 1185 2233 Valerio,
1220 2182 1411 2224 Sardinia
1437 2182 1489 2236 Q.
1516 2183 1659 2223 Mucio

256 2258 272 2286 7
302 2244 545 2295 Scaevolae,
582 2246 815 2301 Hispaniae
851 2246 899 2287 P.
934 2254 971 2287 et
1011 2246 1087 2288 Cn.
1129 2245 1345 2287 Corneliis.
1413 2246 1465 2287 ad
1500 2252 1658 2286 veteres

300 2308 501 2348 exercitus
545 2308 650 2350 duae
692 2308 872 2349 urbanae
914 2309 1100 2363 legiones
1144 2324 1168 2349 a
1204 2308 1442 2349 consulibus
1486 2308 1659 2362 scriptae

301 2384 542 2423 summaque
568 2370 688 2411 trium
716 2378 755 2410 et
780 2370 923 2426 viginti
950 2371 1160 2425 legionum
1187 2385 1234 2411 eo
1260 2385 1368 2411 anno
1395 2370 1541 2411 effecta
1560 2376 1635 2410 est.

255 2444 274 2473 8
385 2432 596 2472 Dilectum
615 2432 829 2473 consulum
849 2432 909 2473 M.
924 2432 1129 2473 Postumii
1144 2432 1372 2488 Pyrgensis
1394 2447 1488 2473 cum
1508 2446 1659 2486 magno

257 2505 274 2534 9
300 2508 426 2547 prope
464 2500 574 2534 motu
622 2510 757 2535 rerum
802 2494 956 2535 factum
998 2495 1196 2549 impediit.
1282 2494 1525 2549 publicanus
1575 2500 1658 2534 erat

300 2554 558 2605 Postumius,
608 2557 677 2610 qui
714 2557 851 2597 multis
895 2558 1011 2597 annis
1049 2572 1190 2611 parem
1226 2556 1372 2598 fraude
1409 2556 1658 2608 avaritiaque

302 2617 505 2657 neminem
524 2618 564 2658 in
585 2619 748 2660 civitate
767 2619 965 2660 habuerat
984 2626 1144 2673 praeter
1157 2619 1206 2659 T.
1223 2619 1499 2673 Pomponium
1508 2616 1658 2657 Veien-

302 2685 460 2727 tanum,
494 2694 615 2732 quem
641 2681 905 2734 populantem
932 2688 1082 2721 temere
1110 2695 1231 2735 agros
1256 2681 1297 2720 in
1322 2679 1506 2720 Lucanis
1533 2677 1656 2717 (luctu

254 467 270 494 *l
