1815 3184
517 226 670 261 LIBER
694 225 835 271 XXVI,
859 226 914 260 44.
930 226 985 260 45.
1014 228 1061 269 [a.
1078 225 1116 260 e.
1130 225 1212 270 210]
1460 216 1543 257 315

189 337 343 371 tentam
368 330 420 370 ad
446 329 582 371 omnia
606 343 818 370 occurrere
841 328 966 369 iubet.
1026 327 1232 383 patefacta
1257 327 1402 369 deinde
1427 334 1544 382 porta
1569 342 1588 371 3

189 406 278 440 eos,
316 406 419 444 quos
455 391 498 431 in
533 391 600 431 via
635 390 790 431 ferente
827 391 879 431 ad
915 397 1049 431 castra
1078 390 1258 431 hostium
1282 390 1542 439 instruxerat,

189 453 322 493 mittit.
383 453 560 493 Romani
585 453 688 492 duce
713 452 803 506 ipso
827 452 1101 506 praecipiente
1125 466 1345 506 parumper
1369 465 1542 500 cessere,

188 520 234 554 ut
275 514 484 568 propiores
528 513 722 554 subsidiis
764 513 806 553 in
848 514 1067 554 certamine
1108 513 1199 567 ipso
1243 512 1543 553 summittendis

189 581 339 616 essent.
403 583 442 616 et
477 575 608 629 primo
644 575 755 615 haud
790 575 967 629 impares
1005 582 1151 615 stetere
1183 575 1311 624 acies3
1361 574 1544 615 subsidia
1568 588 1589 616 4

188 637 336 677 deinde
360 637 585 677 identidem
611 637 832 677 summissa
851 651 872 677 e
892 637 1036 677 castris
1055 652 1137 677 non
1157 643 1390 678 averterunt
1410 636 1544 677 solum

187 699 230 739 in
255 698 398 753 fugam
429 698 578 747 hostis,
617 699 690 739 sed
721 699 823 739 adeo
849 699 991 739 effusis
1017 699 1268 748 institerunt,
1305 705 1349 739 ut
1373 698 1453 738 nisi
1481 712 1544 738 re-

189 761 325 814 ceptui
350 761 583 809 cecinisset,
621 760 812 814 permixti
844 760 1097 814 fugientibus
1122 760 1323 814 inrupturi
1348 760 1477 801 fuisse
1502 760 1544 800 in

188 822 333 862 urbem
369 822 615 862 viderentur.
677 822 892 875 trepidatio
922 837 1019 863 vero
1050 837 1132 863 non
1161 823 1203 862 in
1232 822 1384 876 proelio
1415 822 1544 862 maior
1569 836 1587 864 5

188 898 313 936 quam
338 890 423 924 tota
448 883 546 924 urbe
571 883 660 924 fuit.
716 883 868 924 multae
894 884 1089 924 stationes
1113 898 1265 938 pavore
1297 891 1418 937 atque
1443 883 1545 938 fuga

188 945 373 986 desertae
405 952 498 985 sunt
529 945 741 997 relictique
771 945 894 992 muri,
933 959 1026 985 cum
1057 960 1138 998 qua
1168 945 1315 998 cuique
1341 951 1426 986 erat
1450 960 1544 999 pro-

186 1007 344 1047 ximum
375 1006 649 1046 desiluissent.
710 1006 820 1058 quod
850 1005 921 1046 ubi
951 1020 1143 1060 egressus
1172 1005 1312 1060 Scipio
1343 1006 1385 1046 in
1409 1012 1544 1046 tumu-
1569 1018 1587 1047 6

186 1068 290 1117 lum,
317 1082 440 1120 quem
460 1067 641 1107 Mercuri
669 1074 835 1116 vocant,
862 1068 1045 1107 animum
1070 1068 1260 1116 advertit,
1288 1067 1426 1107 multis
1451 1082 1544 1121 par-

187 1129 295 1169 tibus
332 1129 488 1169 nudata
518 1128 806 1169 defensoribus
839 1129 1002 1169 moenia
1033 1143 1143 1177 esse,
1181 1129 1313 1169 omnis
1346 1143 1367 1169 e
1399 1129 1542 1169 castris

187 1190 341 1231 excitos
366 1190 424 1230 ire
450 1190 502 1230 ad
532 1190 857 1244 oppugnandum
890 1196 929 1230 et
958 1190 1064 1230 ferre
1096 1189 1227 1230 scalas
1258 1190 1383 1231 iubet.
1454 1190 1543 1245 ipse
1570 1204 1587 1232 7

186 1252 309 1292 trium
333 1266 430 1306 prae
456 1266 499 1292 se
524 1251 720 1292 iuvenum
739 1251 970 1295 validorum
990 1251 1117 1292 scutis
1138 1251 1336 1305 oppositis
1350 1251 1543 1305 —ingens

187 1314 295 1355 enim
319 1313 401 1354 iam
425 1314 488 1353 vis
515 1313 647 1354 omnis
673 1313 834 1368 generis
860 1313 1033 1354 telorum
1059 1328 1080 1354 e
1105 1313 1232 1354 muris
1258 1312 1423 1354 volabat
1440 1338 1474 1342 —
1492 1313 1545 1354 ad

186 1375 330 1416 urbem
356 1376 555 1425 succedit,
581 1376 784 1425 hortatur,
810 1376 983 1430 imperat
1003 1376 1168 1428 quaein
1187 1390 1273 1416 rem
1293 1382 1406 1425 sunt,
1433 1376 1544 1429 quod
1569 1388 1588 1418 S

186 1437 423 1491 plurumum
470 1438 522 1478 ad
569 1438 850 1478 accendendos
905 1437 1080 1478 militum
1126 1438 1284 1479 animos
1337 1438 1542 1488 intererat,

187 1499 303 1539 testis
330 1505 616 1553 spectatorque
640 1500 799 1540 virtutis
825 1506 946 1553 atque
971 1499 1161 1554 ignaviae
1187 1500 1385 1553 cuiusque
1411 1500 1540 1541 adest.

187 1561 324 1613 itaque
360 1561 402 1600 in
432 1561 601 1601 vulnera
636 1575 684 1601 ao
719 1561 800 1601 tela
830 1568 954 1601 ruunt
984 1576 1116 1614 neque
1147 1561 1237 1602 illos
1273 1561 1379 1601 muri
1409 1576 1542 1614 neque
1569 1576 1586 1605 9

189 1630 466 1676 superstantes
499 1623 642 1663 armati
673 1637 809 1663 arcere
841 1629 1013 1676 queunt,
1051 1623 1150 1676 quin
1181 1623 1365 1663 certatim
1401 1637 1544 1663 ascen-

188 1685 299 1724 dant.
360 1691 398 1724 et
429 1683 480 1725 ab
511 1684 685 1724 navibus
717 1684 862 1724 eodem
892 1691 1074 1738 tempore
1106 1698 1172 1733 ea,
1209 1698 1314 1736 quae
1346 1684 1448 1724 mari
1472 1685 1544 1724 ad—
1572 1701 1610 1729 10

186 1746 331 1795 luitur,
368 1761 462 1800 pars
489 1745 601 1786 urbis
627 1746 858 1800 oppugnari
882 1752 1077 1799 coeptast.
1138 1753 1318 1786 ceterum
1344 1745 1542 1787 tumultus

188 1809 282 1849 inde
317 1809 446 1848 maior
482 1823 606 1861 quam
641 1808 704 1848 vis
741 1807 923 1848 adhiberi
954 1814 1125 1861 poterat.
1186 1807 1285 1847 dum
1322 1807 1539 1861 adplicant,
1569 1825 1603 1853 11

188 1870 286 1910 dum
310 1870 459 1924 raptim
483 1877 694 1924 exponunt
720 1869 850 1910 scalas
877 1869 1126 1922 militesque,
1164 1869 1262 1909 dum
1287 1883 1369 1922 qua
1394 1869 1541 1922 cuique

187 1932 418 1986 proximum
445 1939 506 1972 est
529 1932 572 1971 in
597 1939 745 1972 terram
776 1931 947 1972 evadere
978 1938 1214 1985 properant,
1251 1931 1342 1986 ipsa
1371 1930 1541 1972 festina-

188 1994 296 2035 tione
322 2001 361 2034 et
387 1993 606 2034 certamine
632 1994 700 2034 alii
725 1993 825 2034 alios
850 1993 1076 2047 inpediunt.

271 2055 520 2096 XXXXV.
568 2056 682 2096 Inter
706 2056 806 2096 haee
830 2055 1057 2109 repleverat
1080 2055 1163 2096 iam
1182 2055 1349 2096 Poenus
1375 2055 1540 2096 armatis
1572 2066 1586 2094 1

189 2132 346 2165 muros,
384 2125 424 2158 et
452 2118 515 2158 vis
546 2133 697 2172 magna
729 2132 780 2158 ex
808 2117 965 2171 ingenti
994 2117 1112 2171 eopia
1142 2125 1339 2171 congesta
1369 2117 1543 2158 telorum

190 2178 489 2232 suppeditabat.
539 2180 611 2220 sed
636 2193 768 2232 neque
793 2179 869 2219 viri
893 2193 968 2219 nee
994 2179 1074 2219 tela
1098 2193 1173 2219 nee
1192 2179 1412 2231 quicquam
1431 2178 1542 2219 aliud
1568 2189 1586 2218 ‘2

189 2254 318 2292 aeque
349 2255 473 2293 quam
504 2241 666 2281 moenia
696 2241 787 2295 ipsa
819 2255 910 2281 sese
942 2240 1228 2281 defendebant.
1287 2254 1403 2280 rarae
1435 2241 1543 2280 enim

190 2302 323 2342 scalae
349 2302 554 2342 altitudini
577 2303 744 2355 aequari
768 2309 955 2357 poterant
980 2309 1018 2343 et
1043 2317 1126 2356 quo
1151 2316 1338 2355 quaeque
1365 2302 1563 2355 altiores,-

190 2378 238 2404 eo
262 2364 505 2405 infirmiores
532 2372 657 2405 erant.
695 2365 831 2418 itaque
857 2380 950 2406 eum
970 2379 1155 2405 summus
1177 2364 1350 2417 quisque
1370 2365 1542 2406 evadere
1568 2380 1587 2409 3

189 2440 271 2466 non
294 2433 454 2479 posset,
482 2426 664 2467 subirent
689 2433 826 2467 tamen
851 2427 938 2475 alii,
971 2441 1093 2467 onere
1118 2426 1208 2480 ipso
1233 2426 1541 2480 frangebantur.

189 2487 356 2540 quidam
399 2488 601 2529 stantibus
645 2488 766 2529 scalis
808 2503 901 2530 cum
943 2488 1112 2529 altitudo
1154 2487 1372 2542 caliginem
1413 2488 1542 2530 oculis

189 2549 424 2599 offudisset,
450 2551 503 2591 ad
527 2557 676 2591 terram
700 2550 824 2591 delati
849 2557 955 2591 sunt.
1004 2557 1044 2591 et
1068 2564 1162 2590 eum
1179 2550 1337 2604 passim
1355 2549 1541 2591 homines
1567 2565 1587 2594 4

189 2612 404 2665 scalaeque
429 2620 593 2653 ruerent
617 2619 657 2654 ct
681 2613 771 2667 ipso
797 2627 993 2654 successu
1018 2612 1189 2653 audacia
1213 2619 1335 2665 atque
1356 2612 1542 2653 alacritas

188 2674 367 2716 hostium
392 2682 609 2725 cresceret,
637 2676 801 2730 signum
825 2676 1008 2730 receptui
1026 2675 1168 2716 datum
1188 2681 1249 2716 est
1258 2691 1268 2724 3
1294 2675 1406 2728 quod
1425 2689 1541 2729 spem
1567 2689 1586 2718 5
