<?xml version="1.0" encoding="UTF-8"?>
<!DOCTYPE html PUBLIC "-//W3C//DTD XHTML 1.0 Transitional//EN"
    "http://www.w3.org/TR/xhtml1/DTD/xhtml1-transitional.dtd">
<html xmlns="http://www.w3.org/1999/xhtml" xml:lang="en" lang="en">
 <head>
  <title>
</title>
<meta http-equiv="Content-Type" content="text/html;charset=utf-8" />
  <meta name='ocr-system' content='tesseract 3.04.00' />
  <meta name='ocr-capabilities' content='ocr_page ocr_carea ocr_par ocr_line ocrx_word'/>
</head>
<body>
  <div class='ocr_page' id='page_1' title='image "./aburbeconditalib02livyuoft_0114.png"; bbox 0 0 1815 3184; ppageno 0'>
   <div class='ocr_carea' id='block_1_1' title="bbox 291 221 1322 281">
    <p class='ocr_par' dir='ltr' id='par_1_1' title="bbox 291 221 1322 281">
     <span class='ocr_line' id='line_1_1' title="bbox 291 221 1322 281; baseline 0.001 -11"><span class='ocrx_word' id='word_1_1' title='bbox 291 230 343 270; x_wconf 90' lang='grc'>10</span> <span class='ocrx_word' id='word_1_2' title='bbox 603 237 758 271; x_wconf 82' lang='lat' dir='ltr'>LIBER</span> <span class='ocrx_word' id='word_1_3' title='bbox 782 237 893 280; x_wconf 80' lang='lat' dir='ltr'>XXI,</span> <span class='ocrx_word' id='word_1_4' title='bbox 921 237 974 270; x_wconf 95' lang='lat'>11.</span> <span class='ocrx_word' id='word_1_5' title='bbox 1001 237 1053 271; x_wconf 77' lang='lat'>12.</span> <span class='ocrx_word' id='word_1_6' title='bbox 1082 239 1131 280; x_wconf 84' lang='lat' dir='ltr'>[a.</span> <span class='ocrx_word' id='word_1_7' title='bbox 1146 248 1180 271; x_wconf 87' lang='lat' dir='ltr'>u.</span> <span class='ocrx_word' id='word_1_8' title='bbox 1196 221 1322 281; x_wconf 56' lang='lat'><strong>0536]</strong></span> 
     </span>
    </p>
   </div>
   <div class='ocr_carea' id='block_1_2' title="bbox 217 338 1640 2738">
    <p class='ocr_par' dir='ltr' id='par_1_2' title="bbox 222 338 1640 1565">
     <span class='ocr_line' id='line_1_2' title="bbox 244 338 1639 395; baseline -0.001 -11"><span class='ocrx_word' id='word_1_9' title='bbox 244 355 263 384; x_wconf 82' lang='lat'>5</span> <span class='ocrx_word' id='word_1_10' title='bbox 288 348 398 381; x_wconf 89' lang='lat' dir='ltr'>retur</span> <span class='ocrx_word' id='word_1_11' title='bbox 427 355 562 395; x_wconf 89' lang='lat' dir='ltr'>posse.</span> <span class='ocrx_word' id='word_1_12' title='bbox 626 339 847 394; x_wconf 79' lang='lat' dir='ltr'>Saguntini</span> <span class='ocrx_word' id='word_1_13' title='bbox 878 346 921 378; x_wconf 88' lang='lat' dir='ltr'>ut</span> <span class='ocrx_word' id='word_1_14' title='bbox 953 354 977 379; x_wconf 90' lang='lat' dir='ltr'>a</span> <span class='ocrx_word' id='word_1_15' title='bbox 1008 338 1171 392; x_wconf 88' lang='lat' dir='ltr'>proeliis</span> <span class='ocrx_word' id='word_1_16' title='bbox 1204 339 1382 391; x_wconf 86' lang='lat' dir='ltr'>quietem</span> <span class='ocrx_word' id='word_1_17' title='bbox 1413 340 1639 382; x_wconf 82' lang='lat' dir='ltr'>habuerant</span> 
     </span>
     <span class='ocr_line' id='line_1_3' title="bbox 285 400 1637 454; baseline 0 -11"><span class='ocrx_word' id='word_1_18' title='bbox 285 417 361 443; x_wconf 91' lang='lat' dir='ltr'>nee</span> <span class='ocrx_word' id='word_1_19' title='bbox 380 402 629 442; x_wconf 78' lang='lat' dir='ltr'>lacessentes</span> <span class='ocrx_word' id='word_1_20' title='bbox 649 415 725 441; x_wconf 91' lang='lat' dir='ltr'>nec</span> <span class='ocrx_word' id='word_1_21' title='bbox 744 400 923 441; x_wconf 88' lang='lat' dir='ltr'>lacessiti</span> <span class='ocrx_word' id='word_1_22' title='bbox 942 415 1015 454; x_wconf 87' lang='lat' dir='ltr'>per</span> <span class='ocrx_word' id='word_1_23' title='bbox 1033 400 1186 453; x_wconf 81' lang='lat' dir='ltr'>aliquot</span> <span class='ocrx_word' id='word_1_24' title='bbox 1205 401 1305 449; x_wconf 91' lang='lat' dir='ltr'>dies,</span> <span class='ocrx_word' id='word_1_25' title='bbox 1331 401 1387 441; x_wconf 88' lang='lat' dir='ltr'>ita</span> <span class='ocrx_word' id='word_1_26' title='bbox 1406 417 1486 442; x_wconf 91' lang='lat' dir='ltr'>non</span> <span class='ocrx_word' id='word_1_27' title='bbox 1507 410 1637 451; x_wconf 89' lang='lat' dir='ltr'>nocte,</span> 
     </span>
     <span class='ocr_line' id='line_1_4' title="bbox 286 461 1639 515; baseline 0.001 -12"><span class='ocrx_word' id='word_1_28' title='bbox 286 479 368 503; x_wconf 91' lang='lat' dir='ltr'>non</span> <span class='ocrx_word' id='word_1_29' title='bbox 393 463 458 503; x_wconf 90' lang='lat' dir='ltr'>die</span> <span class='ocrx_word' id='word_1_30' title='bbox 484 477 680 515; x_wconf 88' lang='lat' dir='ltr'>umquam</span> <span class='ocrx_word' id='word_1_31' title='bbox 705 472 967 503; x_wconf 75' lang='lat' dir='ltr'>cessaverant</span> <span class='ocrx_word' id='word_1_32' title='bbox 992 461 1043 502; x_wconf 88' lang='lat' dir='ltr'>ab</span> <span class='ocrx_word' id='word_1_33' title='bbox 1069 476 1204 515; x_wconf 87' lang='lat' dir='ltr'>opere,</span> <span class='ocrx_word' id='word_1_34' title='bbox 1231 469 1276 502; x_wconf 88' lang='lat' dir='ltr'>ut</span> <span class='ocrx_word' id='word_1_35' title='bbox 1299 477 1452 502; x_wconf 78' lang='lat' dir='ltr'>novum</span> <span class='ocrx_word' id='word_1_36' title='bbox 1477 478 1639 504; x_wconf 86' lang='lat' dir='ltr'>murum</span> 
     </span>
     <span class='ocr_line' id='line_1_5' title="bbox 287 523 1639 578; baseline 0 -13"><span class='ocrx_word' id='word_1_37' title='bbox 287 525 337 565; x_wconf 91' lang='lat' dir='ltr'>ab</span> <span class='ocrx_word' id='word_1_38' title='bbox 364 539 411 565; x_wconf 85' lang='lat' dir='ltr'>ea</span> <span class='ocrx_word' id='word_1_39' title='bbox 436 532 569 578; x_wconf 89' lang='lat' dir='ltr'>parte,</span> <span class='ocrx_word' id='word_1_40' title='bbox 596 538 678 576; x_wconf 90' lang='lat' dir='ltr'>qua</span> <span class='ocrx_word' id='word_1_41' title='bbox 701 523 954 578; x_wconf 87' lang='lat' dir='ltr'>patefactum</span> <span class='ocrx_word' id='word_1_42' title='bbox 980 523 1177 577; x_wconf 87' lang='lat' dir='ltr'>oppidum</span> <span class='ocrx_word' id='word_1_43' title='bbox 1209 524 1335 564; x_wconf 90' lang='lat' dir='ltr'>ruinis</span> <span class='ocrx_word' id='word_1_44' title='bbox 1362 531 1466 573; x_wconf 89' lang='lat' dir='ltr'>erat,</span> <span class='ocrx_word' id='word_1_45' title='bbox 1498 525 1639 565; x_wconf 89' lang='lat' dir='ltr'>refice-</span> 
     </span>
     <span class='ocr_line' id='line_1_6' title="bbox 243 585 1639 639; baseline 0 -13"><span class='ocrx_word' id='word_1_46' title='bbox 243 601 260 630; x_wconf 85' lang='lat'>6</span> <span class='ocrx_word' id='word_1_47' title='bbox 286 593 386 626; x_wconf 85' lang='lat' dir='ltr'>rent.</span> <span class='ocrx_word' id='word_1_48' title='bbox 446 586 541 626; x_wconf 89' lang='lat' dir='ltr'>inde</span> <span class='ocrx_word' id='word_1_49' title='bbox 573 585 827 639; x_wconf 83' lang='lat' dir='ltr'>oppugnatio</span> <span class='ocrx_word' id='word_1_50' title='bbox 853 600 923 626; x_wconf 89' lang='lat' dir='ltr'>eos</span> <span class='ocrx_word' id='word_1_51' title='bbox 957 585 1165 637; x_wconf 89' lang='lat' dir='ltr'>aliquanto</span> <span class='ocrx_word' id='word_1_52' title='bbox 1199 585 1373 625; x_wconf 78' lang='lat' dir='ltr'>atrocior</span> <span class='ocrx_word' id='word_1_53' title='bbox 1397 600 1521 638; x_wconf 87' lang='lat' dir='ltr'>quam</span> <span class='ocrx_word' id='word_1_54' title='bbox 1546 594 1639 627; x_wconf 86' lang='lat' dir='ltr'>ante</span> 
     </span>
     <span class='ocr_line' id='line_1_7' title="bbox 286 647 1640 700; baseline 0.001 -13"><span class='ocrx_word' id='word_1_55' title='bbox 286 648 428 688; x_wconf 85' lang='lat' dir='ltr'>adorta</span> <span class='ocrx_word' id='word_1_56' title='bbox 453 654 533 695; x_wconf 85' lang='lat' dir='ltr'>est,</span> <span class='ocrx_word' id='word_1_57' title='bbox 559 662 635 687; x_wconf 88' lang='lat' dir='ltr'>nee</span> <span class='ocrx_word' id='word_1_58' title='bbox 660 661 741 699; x_wconf 90' lang='lat' dir='ltr'>qua</span> <span class='ocrx_word' id='word_1_59' title='bbox 766 647 942 700; x_wconf 88' lang='lat' dir='ltr'>primum</span> <span class='ocrx_word' id='word_1_60' title='bbox 968 654 1036 687; x_wconf 91' lang='lat' dir='ltr'>aut</span> <span class='ocrx_word' id='word_1_61' title='bbox 1062 647 1323 700; x_wconf 89' lang='lat' dir='ltr'>potissimum</span> <span class='ocrx_word' id='word_1_62' title='bbox 1348 657 1462 700; x_wconf 92' lang='lat' dir='ltr'>parte</span> <span class='ocrx_word' id='word_1_63' title='bbox 1487 648 1640 688; x_wconf 85' lang='lat' dir='ltr'>ferrent</span> 
     </span>
     <span class='ocr_line' id='line_1_8' title="bbox 286 708 1638 763; baseline 0.001 -15"><span class='ocrx_word' id='word_1_64' title='bbox 286 724 418 763; x_wconf 89' lang='lat' dir='ltr'>opem,</span> <span class='ocrx_word' id='word_1_65' title='bbox 446 724 538 749; x_wconf 81' lang='lat' dir='ltr'>cuin</span> <span class='ocrx_word' id='word_1_66' title='bbox 566 708 704 749; x_wconf 89' lang='lat' dir='ltr'>omnia</span> <span class='ocrx_word' id='word_1_67' title='bbox 722 708 845 748; x_wconf 70' lang='lat' dir='ltr'>variis</span> <span class='ocrx_word' id='word_1_68' title='bbox 873 708 1117 749; x_wconf 87' lang='lat' dir='ltr'>clamoribus</span> <span class='ocrx_word' id='word_1_69' title='bbox 1145 715 1382 762; x_wconf 83' lang='lat' dir='ltr'>streperent,</span> <span class='ocrx_word' id='word_1_70' title='bbox 1411 709 1509 750; x_wconf 86' lang='lat' dir='ltr'>satis</span> <span class='ocrx_word' id='word_1_71' title='bbox 1537 710 1638 750; x_wconf 89' lang='lat' dir='ltr'>scire</span> 
     </span>
     <span class='ocr_line' id='line_1_9' title="bbox 244 769 1640 825; baseline -0.001 -13"><span class='ocrx_word' id='word_1_72' title='bbox 244 785 259 813; x_wconf 85' lang='grc'>7</span> <span class='ocrx_word' id='word_1_73' title='bbox 285 778 485 825; x_wconf 77' lang='lat' dir='ltr'>poterant.</span> <span class='ocrx_word' id='word_1_74' title='bbox 536 771 624 824; x_wconf 88' lang='lat' dir='ltr'>ipse</span> <span class='ocrx_word' id='word_1_75' title='bbox 650 769 874 818; x_wconf 83' lang='lat' dir='ltr'>Hannibal,</span> <span class='ocrx_word' id='word_1_76' title='bbox 901 785 983 822; x_wconf 90' lang='lat' dir='ltr'>qua</span> <span class='ocrx_word' id='word_1_77' title='bbox 1008 769 1129 810; x_wconf 89' lang='lat' dir='ltr'>turris</span> <span class='ocrx_word' id='word_1_78' title='bbox 1155 769 1318 810; x_wconf 85' lang='lat' dir='ltr'>mobilis</span> <span class='ocrx_word' id='word_1_79' title='bbox 1345 771 1482 811; x_wconf 86' lang='lat' dir='ltr'>onmia</span> <span class='ocrx_word' id='word_1_80' title='bbox 1507 771 1640 811; x_wconf 87' lang='lat' dir='ltr'>muni-</span> 
     </span>
     <span class='ocr_line' id='line_1_10' title="bbox 284 831 1638 886; baseline 0 -14"><span class='ocrx_word' id='word_1_81' title='bbox 284 840 421 872; x_wconf 87' lang='lat' dir='ltr'>menta</span> <span class='ocrx_word' id='word_1_82' title='bbox 446 832 558 873; x_wconf 90' lang='lat' dir='ltr'>urbis</span> <span class='ocrx_word' id='word_1_83' title='bbox 580 847 779 886; x_wconf 87' lang='lat' dir='ltr'>superans</span> <span class='ocrx_word' id='word_1_84' title='bbox 805 831 1018 872; x_wconf 84' lang='lat' dir='ltr'>altitudine</span> <span class='ocrx_word' id='word_1_85' title='bbox 1042 831 1252 886; x_wconf 80' lang='lat' dir='ltr'>agebatur,</span> <span class='ocrx_word' id='word_1_86' title='bbox 1280 831 1462 872; x_wconf 88' lang='lat' dir='ltr'>hortator</span> <span class='ocrx_word' id='word_1_87' title='bbox 1486 832 1638 872; x_wconf 85' lang='lat' dir='ltr'>aderat.</span> 
     </span>
     <span class='ocr_line' id='line_1_11' title="bbox 285 893 1640 947; baseline 0.001 -14"><span class='ocrx_word' id='word_1_88' title='bbox 285 909 389 947; x_wconf 91' lang='lat' dir='ltr'>quae</span> <span class='ocrx_word' id='word_1_89' title='bbox 417 909 509 934; x_wconf 80' lang='lat' dir='ltr'>cuin</span> <span class='ocrx_word' id='word_1_90' title='bbox 535 894 701 934; x_wconf 87' lang='lat' dir='ltr'>admota</span> <span class='ocrx_word' id='word_1_91' title='bbox 727 893 944 947; x_wconf 82' lang='lat' dir='ltr'>catapultis</span> <span class='ocrx_word' id='word_1_92' title='bbox 970 893 1227 946; x_wconf 82' lang='lat' dir='ltr'>ballistisque</span> <span class='ocrx_word' id='word_1_93' title='bbox 1258 908 1330 947; x_wconf 91' lang='lat' dir='ltr'>per</span> <span class='ocrx_word' id='word_1_94' title='bbox 1355 894 1491 934; x_wconf 87' lang='lat' dir='ltr'>omnia</span> <span class='ocrx_word' id='word_1_95' title='bbox 1522 893 1640 934; x_wconf 90' lang='lat' dir='ltr'>tabu-</span> 
     </span>
     <span class='ocr_line' id='line_1_12' title="bbox 239 955 1637 1010; baseline -0.001 -13"><span class='ocrx_word' id='word_1_96' title='bbox 239 970 258 999; x_wconf 77' lang='grc'>8</span> <span class='ocrx_word' id='word_1_97' title='bbox 283 956 365 996; x_wconf 87' lang='lat' dir='ltr'>lata</span> <span class='ocrx_word' id='word_1_98' title='bbox 390 956 599 1010; x_wconf 82' lang='lat' dir='ltr'>dispositis</span> <span class='ocrx_word' id='word_1_99' title='bbox 626 970 764 996; x_wconf 91' lang='lat' dir='ltr'>muros</span> <span class='ocrx_word' id='word_1_100' title='bbox 786 955 1071 996; x_wconf 85' lang='lat' dir='ltr'>defensoribus</span> <span class='ocrx_word' id='word_1_101' title='bbox 1097 956 1307 1004; x_wconf 86' lang='lat' dir='ltr'>nudasset,</span> <span class='ocrx_word' id='word_1_102' title='bbox 1328 962 1414 995; x_wconf 83' lang='lat' dir='ltr'>tuln</span> <span class='ocrx_word' id='word_1_103' title='bbox 1430 955 1637 996; x_wconf 88' lang='lat' dir='ltr'>Hannibal</span> 
     </span>
     <span class='ocr_line' id='line_1_13' title="bbox 284 1016 1640 1071; baseline -0.001 -13"><span class='ocrx_word' id='word_1_104' title='bbox 284 1018 540 1058; x_wconf 72' lang='lat' dir='ltr'>occasionem</span> <span class='ocrx_word' id='word_1_105' title='bbox 566 1025 678 1057; x_wconf 85' lang='lat' dir='ltr'>ratus</span> <span class='ocrx_word' id='word_1_106' title='bbox 704 1017 951 1071; x_wconf 85' lang='lat' dir='ltr'>quingentos</span> <span class='ocrx_word' id='word_1_107' title='bbox 978 1017 1105 1057; x_wconf 88' lang='lat' dir='ltr'>ferme</span> <span class='ocrx_word' id='word_1_108' title='bbox 1119 1016 1248 1057; x_wconf 85' lang='lat' dir='ltr'>Afros</span> <span class='ocrx_word' id='word_1_109' title='bbox 1270 1032 1363 1057; x_wconf 90' lang='lat' dir='ltr'>cum</span> <span class='ocrx_word' id='word_1_110' title='bbox 1384 1017 1562 1057; x_wconf 86' lang='lat' dir='ltr'>dolabris</span> <span class='ocrx_word' id='word_1_111' title='bbox 1587 1017 1640 1057; x_wconf 90' lang='lat' dir='ltr'>ad</span> 
     </span>
     <span class='ocr_line' id='line_1_14' title="bbox 285 1079 1637 1133; baseline -0.001 -13"><span class='ocrx_word' id='word_1_112' title='bbox 285 1079 566 1120; x_wconf 83' lang='lat' dir='ltr'>subruendum</span> <span class='ocrx_word' id='word_1_113' title='bbox 592 1079 643 1120; x_wconf 90' lang='lat' dir='ltr'>ab</span> <span class='ocrx_word' id='word_1_114' title='bbox 664 1080 745 1119; x_wconf 90' lang='lat' dir='ltr'>imo</span> <span class='ocrx_word' id='word_1_115' title='bbox 765 1095 926 1119; x_wconf 89' lang='lat' dir='ltr'>murum</span> <span class='ocrx_word' id='word_1_116' title='bbox 954 1080 1088 1119; x_wconf 86' lang='lat' dir='ltr'>mittit.</span> <span class='ocrx_word' id='word_1_117' title='bbox 1133 1094 1208 1119; x_wconf 90' lang='lat' dir='ltr'>nec</span> <span class='ocrx_word' id='word_1_118' title='bbox 1228 1086 1313 1119; x_wconf 89' lang='lat' dir='ltr'>erat</span> <span class='ocrx_word' id='word_1_119' title='bbox 1334 1079 1500 1119; x_wconf 86' lang='lat' dir='ltr'>difficile</span> <span class='ocrx_word' id='word_1_120' title='bbox 1521 1094 1637 1133; x_wconf 90' lang='lat' dir='ltr'>opus,</span> 
     </span>
     <span class='ocr_line' id='line_1_15' title="bbox 286 1140 1638 1194; baseline 0 -13"><span class='ocrx_word' id='word_1_121' title='bbox 286 1142 397 1194; x_wconf 91' lang='lat' dir='ltr'>quod</span> <span class='ocrx_word' id='word_1_122' title='bbox 422 1148 634 1181; x_wconf 86' lang='lat' dir='ltr'>caementa</span> <span class='ocrx_word' id='word_1_123' title='bbox 660 1156 742 1181; x_wconf 90' lang='lat' dir='ltr'>non</span> <span class='ocrx_word' id='word_1_124' title='bbox 768 1141 878 1181; x_wconf 89' lang='lat' dir='ltr'>calce</span> <span class='ocrx_word' id='word_1_125' title='bbox 904 1141 1047 1181; x_wconf 88' lang='lat' dir='ltr'>durata</span> <span class='ocrx_word' id='word_1_126' title='bbox 1073 1151 1205 1189; x_wconf 89' lang='lat' dir='ltr'>erant,</span> <span class='ocrx_word' id='word_1_127' title='bbox 1241 1141 1313 1181; x_wconf 91' lang='lat' dir='ltr'>sed</span> <span class='ocrx_word' id='word_1_128' title='bbox 1345 1140 1522 1181; x_wconf 87' lang='lat' dir='ltr'>interlita</span> <span class='ocrx_word' id='word_1_129' title='bbox 1553 1140 1638 1181; x_wconf 91' lang='lat' dir='ltr'>luto</span> 
     </span>
     <span class='ocr_line' id='line_1_16' title="bbox 241 1202 1639 1257; baseline -0.002 -12"><span class='ocrx_word' id='word_1_130' title='bbox 241 1216 258 1245; x_wconf 85' lang='lat'><strong>9</strong></span> <span class='ocrx_word' id='word_1_131' title='bbox 286 1210 511 1243; x_wconf 87' lang='lat' dir='ltr'>structurae</span> <span class='ocrx_word' id='word_1_132' title='bbox 538 1203 727 1256; x_wconf 85' lang='lat' dir='ltr'>antiquae</span> <span class='ocrx_word' id='word_1_133' title='bbox 753 1217 916 1257; x_wconf 88' lang='lat' dir='ltr'>genere.</span> <span class='ocrx_word' id='word_1_134' title='bbox 955 1203 1091 1254; x_wconf 90' lang='lat' dir='ltr'>itaque</span> <span class='ocrx_word' id='word_1_135' title='bbox 1111 1202 1232 1243; x_wconf 91' lang='lat' dir='ltr'>latius</span> <span class='ocrx_word' id='word_1_136' title='bbox 1253 1217 1376 1255; x_wconf 91' lang='lat' dir='ltr'>quam</span> <span class='ocrx_word' id='word_1_137' title='bbox 1396 1217 1476 1255; x_wconf 86' lang='lat' dir='ltr'>qua</span> <span class='ocrx_word' id='word_1_138' title='bbox 1496 1203 1639 1243; x_wconf 88' lang='lat' dir='ltr'>eaede-</span> 
     </span>
     <span class='ocr_line' id='line_1_17' title="bbox 283 1264 1639 1318; baseline 0 -14"><span class='ocrx_word' id='word_1_139' title='bbox 283 1272 392 1304; x_wconf 89' lang='lat' dir='ltr'>retur</span> <span class='ocrx_word' id='word_1_140' title='bbox 416 1264 572 1312; x_wconf 87' lang='lat' dir='ltr'>ruebat,</span> <span class='ocrx_word' id='word_1_141' title='bbox 599 1279 752 1317; x_wconf 83' lang='lat' dir='ltr'>perque</span> <span class='ocrx_word' id='word_1_142' title='bbox 778 1264 960 1318; x_wconf 82' lang='lat' dir='ltr'>patentia</span> <span class='ocrx_word' id='word_1_143' title='bbox 985 1264 1111 1304; x_wconf 91' lang='lat' dir='ltr'>ruinis</span> <span class='ocrx_word' id='word_1_144' title='bbox 1138 1265 1303 1318; x_wconf 77' lang='lat' dir='ltr'>agmina</span> <span class='ocrx_word' id='word_1_145' title='bbox 1329 1272 1578 1304; x_wconf 88' lang='lat' dir='ltr'>armatorum</span> <span class='ocrx_word' id='word_1_146' title='bbox 1597 1265 1639 1304; x_wconf 91' lang='lat' dir='ltr'>in</span> 
     </span>
     <span class='ocr_line' id='line_1_18' title="bbox 222 1325 1639 1379; baseline -0.001 -12"><span class='ocrx_word' id='word_1_147' title='bbox 222 1338 262 1367; x_wconf 86' lang='lat'>10</span> <span class='ocrx_word' id='word_1_148' title='bbox 288 1325 431 1365; x_wconf 89' lang='lat' dir='ltr'>urbem</span> <span class='ocrx_word' id='word_1_149' title='bbox 456 1325 673 1365; x_wconf 58' lang='lat' dir='ltr'>radebant.</span> <span class='ocrx_word' id='word_1_150' title='bbox 724 1326 859 1366; x_wconf 90' lang='lat' dir='ltr'>locum</span> <span class='ocrx_word' id='word_1_151' title='bbox 886 1340 1049 1378; x_wconf 88' lang='lat' dir='ltr'>quoque</span> <span class='ocrx_word' id='word_1_152' title='bbox 1076 1325 1229 1365; x_wconf 86' lang='lat' dir='ltr'>editum</span> <span class='ocrx_word' id='word_1_153' title='bbox 1257 1326 1422 1379; x_wconf 89' lang='lat' dir='ltr'>capiunt</span> <span class='ocrx_word' id='word_1_154' title='bbox 1449 1326 1639 1366; x_wconf 78' lang='lat' dir='ltr'>conlatiS-</span> 
     </span>
     <span class='ocr_line' id='line_1_19' title="bbox 284 1386 1638 1440; baseline 0.001 -14"><span class='ocrx_word' id='word_1_155' title='bbox 284 1401 363 1439; x_wconf 92' lang='lat' dir='ltr'>que</span> <span class='ocrx_word' id='word_1_156' title='bbox 389 1401 436 1427; x_wconf 92' lang='lat' dir='ltr'>co</span> <span class='ocrx_word' id='word_1_157' title='bbox 469 1387 685 1440; x_wconf 88' lang='lat' dir='ltr'>catapultis</span> <span class='ocrx_word' id='word_1_158' title='bbox 718 1387 994 1439; x_wconf 86' lang='lat' dir='ltr'>ballistisque,</span> <span class='ocrx_word' id='word_1_159' title='bbox 1030 1393 1074 1426; x_wconf 91' lang='lat' dir='ltr'>ut</span> <span class='ocrx_word' id='word_1_160' title='bbox 1100 1386 1313 1426; x_wconf 85' lang='lat' dir='ltr'>castellum</span> <span class='ocrx_word' id='word_1_161' title='bbox 1345 1387 1386 1426; x_wconf 89' lang='lat' dir='ltr'>in</span> <span class='ocrx_word' id='word_1_162' title='bbox 1417 1387 1507 1440; x_wconf 88' lang='lat' dir='ltr'>ipsa</span> <span class='ocrx_word' id='word_1_163' title='bbox 1538 1387 1638 1428; x_wconf 87' lang='lat' dir='ltr'>urbe</span> 
     </span>
     <span class='ocr_line' id='line_1_20' title="bbox 284 1448 1638 1496; baseline 0.001 -8"><span class='ocrx_word' id='word_1_164' title='bbox 284 1449 393 1488; x_wconf 65' lang='lat' dir='ltr'>velut</span> <span class='ocrx_word' id='word_1_165' title='bbox 426 1463 561 1488; x_wconf 88' lang='lat' dir='ltr'>arcem</span> <span class='ocrx_word' id='word_1_166' title='bbox 593 1449 860 1489; x_wconf 85' lang='lat' dir='ltr'>inminentem</span> <span class='ocrx_word' id='word_1_167' title='bbox 886 1448 1102 1496; x_wconf 86' lang='lat' dir='ltr'>haberent,</span> <span class='ocrx_word' id='word_1_168' title='bbox 1130 1463 1244 1488; x_wconf 91' lang='lat' dir='ltr'>muro</span> <span class='ocrx_word' id='word_1_169' title='bbox 1271 1449 1537 1490; x_wconf 85' lang='lat' dir='ltr'>circumdant.</span> <span class='ocrx_word' id='word_1_170' title='bbox 1599 1456 1638 1490; x_wconf 87' lang='lat' dir='ltr'>ct</span> 
     </span>
     <span class='ocr_line' id='line_1_21' title="bbox 285 1509 1638 1565; baseline 0 -15"><span class='ocrx_word' id='word_1_171' title='bbox 285 1509 506 1565; x_wconf 85' lang='lat' dir='ltr'>Saguntini</span> <span class='ocrx_word' id='word_1_172' title='bbox 532 1525 694 1550; x_wconf 82' lang='lat' dir='ltr'>murum</span> <span class='ocrx_word' id='word_1_173' title='bbox 720 1511 953 1550; x_wconf 85' lang='lat' dir='ltr'>interiorem</span> <span class='ocrx_word' id='word_1_174' title='bbox 973 1509 1024 1550; x_wconf 89' lang='lat' dir='ltr'>ab</span> <span class='ocrx_word' id='word_1_175' title='bbox 1044 1510 1225 1549; x_wconf 92' lang='lat' dir='ltr'>nondum</span> <span class='ocrx_word' id='word_1_176' title='bbox 1247 1517 1365 1564; x_wconf 86' lang='lat' dir='ltr'>capta</span> <span class='ocrx_word' id='word_1_177' title='bbox 1390 1519 1504 1564; x_wconf 89' lang='lat' dir='ltr'>parte</span> <span class='ocrx_word' id='word_1_178' title='bbox 1525 1510 1638 1551; x_wconf 83' lang='lat' dir='ltr'>urbis</span> 
     </span>
    </p>

    <p class='ocr_par' dir='ltr' id='par_1_3' title="bbox 219 1572 1639 1688">
     <span class='ocr_line' id='line_1_22' title="bbox 219 1572 1639 1626; baseline -0.001 -13"><span class='ocrx_word' id='word_1_179' title='bbox 219 1587 254 1614; x_wconf 89' lang='lat'>11</span> <span class='ocrx_word' id='word_1_180' title='bbox 285 1572 451 1612; x_wconf 87' lang='lat' dir='ltr'>ducunt.</span> <span class='ocrx_word' id='word_1_181' title='bbox 513 1572 715 1625; x_wconf 85' lang='lat' dir='ltr'>utrimque</span> <span class='ocrx_word' id='word_1_182' title='bbox 743 1588 902 1612; x_wconf 90' lang='lat' dir='ltr'>summa</span> <span class='ocrx_word' id='word_1_183' title='bbox 928 1572 967 1611; x_wconf 65' lang='lat' dir='ltr'>vi</span> <span class='ocrx_word' id='word_1_184' title='bbox 994 1580 1033 1612; x_wconf 85' lang='lat' dir='ltr'>et</span> <span class='ocrx_word' id='word_1_185' title='bbox 1058 1572 1247 1612; x_wconf 87' lang='lat' dir='ltr'>muniunt</span> <span class='ocrx_word' id='word_1_186' title='bbox 1273 1579 1311 1612; x_wconf 88' lang='lat' dir='ltr'>et</span> <span class='ocrx_word' id='word_1_187' title='bbox 1335 1579 1539 1626; x_wconf 85' lang='lat' dir='ltr'>pugnant,</span> <span class='ocrx_word' id='word_1_188' title='bbox 1567 1572 1639 1612; x_wconf 89' lang='lat' dir='ltr'>scd</span> 
     </span>
     <span class='ocr_line' id='line_1_23' title="bbox 282 1632 1636 1688; baseline 0.001 -15"><span class='ocrx_word' id='word_1_189' title='bbox 282 1634 473 1674; x_wconf 85' lang='lat' dir='ltr'>interiora</span> <span class='ocrx_word' id='word_1_190' title='bbox 493 1634 644 1673; x_wconf 89' lang='lat' dir='ltr'>tuendo</span> <span class='ocrx_word' id='word_1_191' title='bbox 666 1634 864 1674; x_wconf 88' lang='lat' dir='ltr'>minorem</span> <span class='ocrx_word' id='word_1_192' title='bbox 890 1634 931 1673; x_wconf 89' lang='lat' dir='ltr'>in</span> <span class='ocrx_word' id='word_1_193' title='bbox 951 1633 1037 1674; x_wconf 91' lang='lat' dir='ltr'>dies</span> <span class='ocrx_word' id='word_1_194' title='bbox 1064 1633 1207 1673; x_wconf 90' lang='lat' dir='ltr'>urbem</span> <span class='ocrx_word' id='word_1_195' title='bbox 1225 1632 1444 1688; x_wconf 85' lang='lat' dir='ltr'>Saguntini</span> <span class='ocrx_word' id='word_1_196' title='bbox 1469 1634 1636 1675; x_wconf 86' lang='lat' dir='ltr'>faciunt.</span> 
     </span>
    </p>

    <p class='ocr_par' dir='ltr' id='par_1_4' title="bbox 217 1697 1639 1813">
     <span class='ocr_line' id='line_1_24' title="bbox 217 1697 1639 1752; baseline 0.001 -16"><span class='ocrx_word' id='word_1_197' title='bbox 217 1708 255 1737; x_wconf 79' lang='lat'>12</span> <span class='ocrx_word' id='word_1_198' title='bbox 284 1697 405 1737; x_wconf 90' lang='lat' dir='ltr'>simul</span> <span class='ocrx_word' id='word_1_199' title='bbox 426 1698 571 1737; x_wconf 87' lang='lat' dir='ltr'>crescit</span> <span class='ocrx_word' id='word_1_200' title='bbox 591 1697 727 1751; x_wconf 82' lang='lat' dir='ltr'>inopia</span> <span class='ocrx_word' id='word_1_201' title='bbox 747 1697 928 1738; x_wconf 91' lang='lat' dir='ltr'>omnium</span> <span class='ocrx_word' id='word_1_202' title='bbox 944 1697 1066 1752; x_wconf 85' lang='lat' dir='ltr'>longa</span> <span class='ocrx_word' id='word_1_203' title='bbox 1082 1697 1293 1738; x_wconf 86' lang='lat' dir='ltr'>obsidione</span> <span class='ocrx_word' id='word_1_204' title='bbox 1308 1706 1346 1738; x_wconf 91' lang='lat' dir='ltr'>et</span> <span class='ocrx_word' id='word_1_205' title='bbox 1361 1698 1557 1738; x_wconf 90' lang='lat' dir='ltr'>minuitur</span> <span class='ocrx_word' id='word_1_206' title='bbox 1570 1713 1639 1738; x_wconf 83' lang='lat' dir='ltr'>ex-</span> 
     </span>
     <span class='ocr_line' id='line_1_25' title="bbox 282 1759 1637 1813; baseline 0.001 -15"><span class='ocrx_word' id='word_1_207' title='bbox 282 1759 457 1812; x_wconf 85' lang='lat' dir='ltr'>pectatio</span> <span class='ocrx_word' id='word_1_208' title='bbox 472 1766 662 1799; x_wconf 79' lang='lat' dir='ltr'>externae</span> <span class='ocrx_word' id='word_1_209' title='bbox 678 1759 780 1813; x_wconf 86' lang='lat' dir='ltr'>opis,</span> <span class='ocrx_word' id='word_1_210' title='bbox 808 1774 901 1799; x_wconf 94' lang='lat' dir='ltr'>cum</span> <span class='ocrx_word' id='word_1_211' title='bbox 916 1767 998 1798; x_wconf 91' lang='lat' dir='ltr'>tam</span> <span class='ocrx_word' id='word_1_212' title='bbox 1020 1759 1161 1812; x_wconf 89' lang='lat' dir='ltr'>procul</span> <span class='ocrx_word' id='word_1_213' title='bbox 1175 1759 1364 1808; x_wconf 86' lang='lat' dir='ltr'>Romani,</span> <span class='ocrx_word' id='word_1_214' title='bbox 1392 1760 1511 1800; x_wconf 80' lang='lat' dir='ltr'>unica</span> <span class='ocrx_word' id='word_1_215' title='bbox 1531 1775 1637 1813; x_wconf 81' lang='lat' dir='ltr'>spes,</span> 
     </span>
    </p>

    <p class='ocr_par' dir='ltr' id='par_1_5' title="bbox 218 1821 1640 2168">
     <span class='ocr_line' id='line_1_26' title="bbox 218 1821 1640 1874; baseline 0.001 -14"><span class='ocrx_word' id='word_1_216' title='bbox 218 1830 256 1859; x_wconf 89' lang='lat'>13</span> <span class='ocrx_word' id='word_1_217' title='bbox 283 1821 390 1860; x_wconf 85' lang='lat' dir='ltr'>circa</span> <span class='ocrx_word' id='word_1_218' title='bbox 415 1821 551 1861; x_wconf 88' lang='lat' dir='ltr'>omnia</span> <span class='ocrx_word' id='word_1_219' title='bbox 577 1821 756 1861; x_wconf 89' lang='lat' dir='ltr'>hostium</span> <span class='ocrx_word' id='word_1_220' title='bbox 779 1829 928 1861; x_wconf 90' lang='lat' dir='ltr'>essent.</span> <span class='ocrx_word' id='word_1_221' title='bbox 967 1821 1175 1874; x_wconf 87' lang='lat' dir='ltr'>paulisper</span> <span class='ocrx_word' id='word_1_222' title='bbox 1195 1829 1331 1861; x_wconf 85' lang='lat' dir='ltr'>tamen</span> <span class='ocrx_word' id='word_1_223' title='bbox 1351 1822 1534 1862; x_wconf 89' lang='lat' dir='ltr'>adfectos</span> <span class='ocrx_word' id='word_1_224' title='bbox 1554 1822 1640 1862; x_wconf 90' lang='lat' dir='ltr'>ani-</span> 
     </span>
     <span class='ocr_line' id='line_1_27' title="bbox 283 1882 1637 1936; baseline 0.001 -15"><span class='ocrx_word' id='word_1_225' title='bbox 283 1897 372 1922; x_wconf 90' lang='lat' dir='ltr'>mos</span> <span class='ocrx_word' id='word_1_226' title='bbox 398 1883 596 1922; x_wconf 75' lang='lat' dir='ltr'>recreavit</span> <span class='ocrx_word' id='word_1_227' title='bbox 620 1883 833 1936; x_wconf 86' lang='lat' dir='ltr'>repentina</span> <span class='ocrx_word' id='word_1_228' title='bbox 864 1882 1063 1936; x_wconf 83' lang='lat' dir='ltr'>profectio</span> <span class='ocrx_word' id='word_1_229' title='bbox 1089 1882 1338 1923; x_wconf 89' lang='lat' dir='ltr'>Hannibalis</span> <span class='ocrx_word' id='word_1_230' title='bbox 1364 1883 1405 1923; x_wconf 92' lang='lat' dir='ltr'>in</span> <span class='ocrx_word' id='word_1_231' title='bbox 1432 1882 1637 1924; x_wconf 85' lang='lat' dir='ltr'>Oretanos</span> 
     </span>
     <span class='ocr_line' id='line_1_28' title="bbox 284 1943 1639 1997; baseline 0.001 -14"><span class='ocrx_word' id='word_1_232' title='bbox 284 1943 636 1997; x_wconf 85' lang='lat' dir='ltr'>Carpetanosque‚</span> <span class='ocrx_word' id='word_1_233' title='bbox 657 1944 725 1996; x_wconf 88' lang='lat' dir='ltr'>qui</span> <span class='ocrx_word' id='word_1_234' title='bbox 747 1944 827 1984; x_wconf 92' lang='lat' dir='ltr'>duo</span> <span class='ocrx_word' id='word_1_235' title='bbox 853 1943 993 1997; x_wconf 82' lang='lat' dir='ltr'>populi</span> <span class='ocrx_word' id='word_1_236' title='bbox 1020 1944 1191 1984; x_wconf 88' lang='lat' dir='ltr'>dilectus</span> <span class='ocrx_word' id='word_1_237' title='bbox 1218 1944 1438 1985; x_wconf 88' lang='lat' dir='ltr'>acerbitate</span> <span class='ocrx_word' id='word_1_238' title='bbox 1459 1952 1639 1985; x_wconf 88' lang='lat' dir='ltr'>conster-</span> 
     </span>
     <span class='ocr_line' id='line_1_29' title="bbox 282 2005 1638 2060; baseline 0.001 -16"><span class='ocrx_word' id='word_1_239' title='bbox 282 2005 366 2045; x_wconf 89' lang='lat' dir='ltr'>nati</span> <span class='ocrx_word' id='word_1_240' title='bbox 391 2005 558 2045; x_wconf 88' lang='lat' dir='ltr'>retentis</span> <span class='ocrx_word' id='word_1_241' title='bbox 586 2005 932 2058; x_wconf 89' lang='lat' dir='ltr'>conquisitoribus</span> <span class='ocrx_word' id='word_1_242' title='bbox 960 2013 1113 2045; x_wconf 88' lang='lat' dir='ltr'>metum</span> <span class='ocrx_word' id='word_1_243' title='bbox 1136 2005 1376 2046; x_wconf 87' lang='lat' dir='ltr'>defectionis</span> <span class='ocrx_word' id='word_1_244' title='bbox 1403 2021 1495 2046; x_wconf 90' lang='lat' dir='ltr'>eum</span> <span class='ocrx_word' id='word_1_245' title='bbox 1522 2020 1638 2060; x_wconf 90' lang='lat' dir='ltr'>prae-</span> 
     </span>
     <span class='ocr_line' id='line_1_30' title="bbox 282 2066 1639 2121; baseline 0.001 -15"><span class='ocrx_word' id='word_1_246' title='bbox 282 2066 485 2115; x_wconf 89' lang='lat' dir='ltr'>buissent,</span> <span class='ocrx_word' id='word_1_247' title='bbox 519 2067 706 2121; x_wconf 87' lang='lat' dir='ltr'>oppressi</span> <span class='ocrx_word' id='word_1_248' title='bbox 743 2067 947 2107; x_wconf 89' lang='lat' dir='ltr'>celeritate</span> <span class='ocrx_word' id='word_1_249' title='bbox 978 2066 1228 2108; x_wconf 88' lang='lat' dir='ltr'>Hannibalis</span> <span class='ocrx_word' id='word_1_250' title='bbox 1268 2068 1491 2108; x_wconf 83' lang='lat' dir='ltr'>omiserunt</span> <span class='ocrx_word' id='word_1_251' title='bbox 1528 2074 1639 2108; x_wconf 87' lang='lat' dir='ltr'>mota</span> 
     </span>
     <span class='ocr_line' id='line_1_31' title="bbox 283 2144 408 2168; baseline 0 0"><span class='ocrx_word' id='word_1_252' title='bbox 283 2144 408 2168; x_wconf 79' lang='lat' dir='ltr'>arina.</span> 
     </span>
    </p>

    <p class='ocr_par' dir='ltr' id='par_1_6' title="bbox 240 2189 1639 2676">
     <span class='ocr_line' id='line_1_32' title="bbox 240 2189 1638 2245; baseline 0.002 -18"><span class='ocrx_word' id='word_1_253' title='bbox 240 2199 254 2227; x_wconf 87' lang='lat'>1</span> <span class='ocrx_word' id='word_1_254' title='bbox 360 2190 466 2230; x_wconf 83' lang='lat' dir='ltr'>XII.</span> <span class='ocrx_word' id='word_1_255' title='bbox 510 2190 595 2230; x_wconf 78' lang='lat' dir='ltr'>Nec</span> <span class='ocrx_word' id='word_1_256' title='bbox 621 2189 797 2245; x_wconf 82' lang='lat' dir='ltr'>Sagunti</span> <span class='ocrx_word' id='word_1_257' title='bbox 822 2191 1075 2244; x_wconf 82' lang='lat' dir='ltr'>oppugnatio</span> <span class='ocrx_word' id='word_1_258' title='bbox 1102 2190 1266 2245; x_wconf 85' lang='lat' dir='ltr'>segnior</span> <span class='ocrx_word' id='word_1_259' title='bbox 1291 2197 1376 2231; x_wconf 87' lang='lat' dir='ltr'>crat</span> <span class='ocrx_word' id='word_1_260' title='bbox 1395 2190 1638 2231; x_wconf 82' lang='lat' dir='ltr'>Maharbale</span> 
     </span>
     <span class='ocr_line' id='line_1_33' title="bbox 283 2251 1637 2306; baseline 0.001 -15"><span class='ocrx_word' id='word_1_261' title='bbox 283 2251 529 2292; x_wconf 88' lang='lat' dir='ltr'>Himilconis</span> <span class='ocrx_word' id='word_1_262' title='bbox 555 2252 706 2292; x_wconf 75' lang='lat' dir='ltr'>filio—</span> <span class='ocrx_word' id='word_1_263' title='bbox 721 2268 814 2292; x_wconf 88' lang='lat' dir='ltr'>eum</span> <span class='ocrx_word' id='word_1_264' title='bbox 840 2255 1093 2306; x_wconf 76' lang='lat' dir='ltr'>praefecerat</span> <span class='ocrx_word' id='word_1_265' title='bbox 1106 2251 1455 2292; x_wconf 86' lang='lat' dir='ltr'>Hannibal—ita</span> <span class='ocrx_word' id='word_1_266' title='bbox 1479 2252 1637 2306; x_wconf 83' lang='lat' dir='ltr'>inpigre</span> 
     </span>
     <span class='ocr_line' id='line_1_34' title="bbox 282 2313 1639 2368; baseline -0.001 -15"><span class='ocrx_word' id='word_1_267' title='bbox 282 2328 368 2353; x_wconf 85' lang='lat' dir='ltr'>rem</span> <span class='ocrx_word' id='word_1_268' title='bbox 393 2321 560 2368; x_wconf 84' lang='lat' dir='ltr'>agente,</span> <span class='ocrx_word' id='word_1_269' title='bbox 594 2321 636 2353; x_wconf 89' lang='lat' dir='ltr'>ut</span> <span class='ocrx_word' id='word_1_270' title='bbox 663 2314 810 2354; x_wconf 86' lang='lat' dir='ltr'>ducem</span> <span class='ocrx_word' id='word_1_271' title='bbox 836 2313 982 2354; x_wconf 87' lang='lat' dir='ltr'>abesse</span> <span class='ocrx_word' id='word_1_272' title='bbox 1013 2328 1088 2353; x_wconf 90' lang='lat' dir='ltr'>nec</span> <span class='ocrx_word' id='word_1_273' title='bbox 1114 2314 1223 2354; x_wconf 80' lang='lat' dir='ltr'>cives</span> <span class='ocrx_word' id='word_1_274' title='bbox 1249 2328 1324 2353; x_wconf 91' lang='lat' dir='ltr'>nec</span> <span class='ocrx_word' id='word_1_275' title='bbox 1349 2313 1488 2354; x_wconf 89' lang='lat' dir='ltr'>hostes</span> <span class='ocrx_word' id='word_1_276' title='bbox 1516 2313 1639 2354; x_wconf 90' lang='lat' dir='ltr'>senti-</span> 
     </span>
     <span class='ocr_line' id='line_1_35' title="bbox 283 2374 1637 2429; baseline -0.001 -14"><span class='ocrx_word' id='word_1_277' title='bbox 283 2382 383 2415; x_wconf 88' lang='lat' dir='ltr'>rent.</span> <span class='ocrx_word' id='word_1_278' title='bbox 433 2376 468 2415; x_wconf 89' lang='lat' dir='ltr'>is</span> <span class='ocrx_word' id='word_1_279' title='bbox 489 2382 527 2415; x_wconf 89' lang='lat' dir='ltr'>et</span> <span class='ocrx_word' id='word_1_280' title='bbox 548 2375 702 2429; x_wconf 86' lang='lat' dir='ltr'>proelia</span> <span class='ocrx_word' id='word_1_281' title='bbox 727 2375 882 2428; x_wconf 87' lang='lat' dir='ltr'>aliquot</span> <span class='ocrx_word' id='word_1_282' title='bbox 904 2375 1085 2415; x_wconf 86' lang='lat' dir='ltr'>secunda</span> <span class='ocrx_word' id='word_1_283' title='bbox 1105 2375 1202 2415; x_wconf 84' lang='lat' dir='ltr'>fecit</span> <span class='ocrx_word' id='word_1_284' title='bbox 1223 2383 1261 2415; x_wconf 88' lang='lat' dir='ltr'>et</span> <span class='ocrx_word' id='word_1_285' title='bbox 1286 2374 1416 2415; x_wconf 81' lang='lat' dir='ltr'>tribus</span> <span class='ocrx_word' id='word_1_286' title='bbox 1443 2374 1637 2415; x_wconf 88' lang='lat' dir='ltr'>arietibus</span> 
     </span>
     <span class='ocr_line' id='line_1_36' title="bbox 284 2437 1639 2490; baseline -0.001 -13"><span class='ocrx_word' id='word_1_287' title='bbox 284 2437 536 2490; x_wconf 87' lang='lat' dir='ltr'>aliquantum</span> <span class='ocrx_word' id='word_1_288' title='bbox 564 2438 667 2477; x_wconf 87' lang='lat' dir='ltr'>muri</span> <span class='ocrx_word' id='word_1_289' title='bbox 694 2438 889 2478; x_wconf 85' lang='lat' dir='ltr'>discussit</span> <span class='ocrx_word' id='word_1_290' title='bbox 915 2445 1122 2490; x_wconf 90' lang='lat' dir='ltr'>strataque</span> <span class='ocrx_word' id='word_1_291' title='bbox 1143 2438 1279 2478; x_wconf 87' lang='lat' dir='ltr'>omnia</span> <span class='ocrx_word' id='word_1_292' title='bbox 1298 2437 1531 2478; x_wconf 86' lang='lat' dir='ltr'>recentibus</span> <span class='ocrx_word' id='word_1_293' title='bbox 1556 2437 1639 2477; x_wconf 87' lang='lat' dir='ltr'>rui-</span> 
     </span>
     <span class='ocr_line' id='line_1_37' title="bbox 284 2499 1637 2553; baseline 0 -15"><span class='ocrx_word' id='word_1_294' title='bbox 284 2499 345 2539; x_wconf 89' lang='lat' dir='ltr'>nis</span> <span class='ocrx_word' id='word_1_295' title='bbox 372 2499 603 2539; x_wconf 76' lang='lat' dir='ltr'>advenienti</span> <span class='ocrx_word' id='word_1_296' title='bbox 618 2499 845 2539; x_wconf 88' lang='lat' dir='ltr'>Hannibali</span> <span class='ocrx_word' id='word_1_297' title='bbox 870 2499 1060 2540; x_wconf 86' lang='lat' dir='ltr'>ostendit.</span> <span class='ocrx_word' id='word_1_298' title='bbox 1109 2499 1246 2551; x_wconf 92' lang='lat' dir='ltr'>itaque</span> <span class='ocrx_word' id='word_1_299' title='bbox 1267 2499 1319 2539; x_wconf 87' lang='lat' dir='ltr'>ad</span> <span class='ocrx_word' id='word_1_300' title='bbox 1344 2499 1477 2553; x_wconf 89' lang='lat' dir='ltr'>ipsam</span> <span class='ocrx_word' id='word_1_301' title='bbox 1502 2513 1637 2539; x_wconf 89' lang='lat' dir='ltr'>arcem</span> 
     </span>
     <span class='ocr_line' id='line_1_38' title="bbox 284 2560 1638 2614; baseline 0.001 -15"><span class='ocrx_word' id='word_1_302' title='bbox 284 2560 488 2614; x_wconf 85' lang='lat' dir='ltr'>extemplo</span> <span class='ocrx_word' id='word_1_303' title='bbox 515 2561 661 2601; x_wconf 89' lang='lat' dir='ltr'>ductus</span> <span class='ocrx_word' id='word_1_304' title='bbox 688 2562 889 2601; x_wconf 80' lang='lat' dir='ltr'>exercitus</span> <span class='ocrx_word' id='word_1_305' title='bbox 916 2569 1113 2613; x_wconf 84' lang='lat' dir='ltr'>atroxque</span> <span class='ocrx_word' id='word_1_306' title='bbox 1139 2561 1340 2614; x_wconf 90' lang='lat' dir='ltr'>proelium</span> <span class='ocrx_word' id='word_1_307' title='bbox 1365 2576 1458 2601; x_wconf 88' lang='lat' dir='ltr'>cum</span> <span class='ocrx_word' id='word_1_308' title='bbox 1491 2560 1638 2600; x_wconf 90' lang='lat' dir='ltr'>multo-</span> 
     </span>
     <span class='ocr_line' id='line_1_39' title="bbox 284 2622 1484 2676; baseline 0.001 -16"><span class='ocrx_word' id='word_1_309' title='bbox 284 2636 373 2661; x_wconf 90' lang='lat' dir='ltr'>rum</span> <span class='ocrx_word' id='word_1_310' title='bbox 400 2622 603 2674; x_wconf 87' lang='lat' dir='ltr'>utrimque</span> <span class='ocrx_word' id='word_1_311' title='bbox 629 2623 753 2663; x_wconf 91' lang='lat' dir='ltr'>caede</span> <span class='ocrx_word' id='word_1_312' title='bbox 779 2623 924 2662; x_wconf 90' lang='lat' dir='ltr'>initum</span> <span class='ocrx_word' id='word_1_313' title='bbox 952 2631 989 2663; x_wconf 90' lang='lat' dir='ltr'>et</span> <span class='ocrx_word' id='word_1_314' title='bbox 1014 2637 1108 2676; x_wconf 88' lang='lat' dir='ltr'>pars</span> <span class='ocrx_word' id='word_1_315' title='bbox 1135 2622 1239 2662; x_wconf 86' lang='lat' dir='ltr'>arcis</span> <span class='ocrx_word' id='word_1_316' title='bbox 1266 2629 1385 2676; x_wconf 88' lang='lat' dir='ltr'>capta</span> <span class='ocrx_word' id='word_1_317' title='bbox 1410 2628 1484 2662; x_wconf 90' lang='lat' dir='ltr'>est.</span> 
     </span>
    </p>

    <p class='ocr_par' dir='ltr' id='par_1_7' title="bbox 239 2682 1636 2738">
     <span class='ocr_line' id='line_1_40' title="bbox 239 2682 1636 2738; baseline -0.003 -13"><span class='ocrx_word' id='word_1_318' title='bbox 239 2696 258 2725; x_wconf 75' lang='lat'>4</span> <span class='ocrx_word' id='word_1_319' title='bbox 364 2682 581 2737; x_wconf 87' lang='lat' dir='ltr'>Temptata</span> <span class='ocrx_word' id='word_1_320' title='bbox 601 2684 747 2724; x_wconf 88' lang='lat' dir='ltr'>deinde</span> <span class='ocrx_word' id='word_1_321' title='bbox 773 2699 845 2738; x_wconf 92' lang='lat' dir='ltr'>per</span> <span class='ocrx_word' id='word_1_322' title='bbox 863 2685 966 2726; x_wconf 90' lang='lat' dir='ltr'>duos</span> <span class='ocrx_word' id='word_1_323' title='bbox 988 2691 1049 2725; x_wconf 88' lang='lat' dir='ltr'>est</span> <span class='ocrx_word' id='word_1_324' title='bbox 1074 2683 1223 2738; x_wconf 80' lang='lat' dir='ltr'>exigua</span> <span class='ocrx_word' id='word_1_325' title='bbox 1248 2685 1361 2738; x_wconf 91' lang='lat' dir='ltr'>pacis</span> <span class='ocrx_word' id='word_1_326' title='bbox 1388 2697 1496 2737; x_wconf 82' lang='lat' dir='ltr'>speS,</span> <span class='ocrx_word' id='word_1_327' title='bbox 1511 2682 1636 2722; x_wconf 90' lang='lat' dir='ltr'>Alco-</span> 
     </span>
    </p>
   </div>
   <div class='ocr_carea' id='block_1_3' title="bbox 239 2388 256 2417">
    <p class='ocr_par' dir='ltr' id='par_1_8' title="bbox 239 2388 256 2417">
     <span class='ocr_line' id='line_1_41' title="bbox 239 2388 256 2417; textangle 90"><span class='ocrx_word' id='word_1_328' title='bbox 239 2388 256 2417; x_wconf 67' lang='lat'>10</span> 
     </span>
    </p>
   </div>
   <div class='ocr_carea' id='block_1_4' title="bbox 240 2511 257 2539">
    <p class='ocr_par' dir='ltr' id='par_1_9' title="bbox 240 2511 257 2539">
     <span class='ocr_line' id='line_1_42' title="bbox 240 2511 257 2539; textangle 90"><span class='ocrx_word' id='word_1_329' title='bbox 240 2511 257 2539; x_wconf 59' lang='grc' dir='ltr'>Εὐ</span> 
     </span>
    </p>
   </div>
  </div>
 </body>
</html>
