1815 3184
446 248 600 282 LIBER
624 247 786 291 xxvn,
811 246 933 280 3334.
962 249 1009 289 [a.
1026 245 1159 289 ceos]
1394 235 1476 276 363

134 350 465 399 Scerdilaedum,
497 349 562 390 cui
585 356 729 390 notum
754 356 841 390 erat
864 348 1026 403 insigne
1052 348 1214 402 galeae,
1241 346 1395 387 famam
1419 346 1481 386 in-

132 412 292 453 terfecti
332 412 442 465 regis
486 410 684 464 vulgavit.
756 417 851 465 post
892 410 1190 464 profectionem
1232 423 1283 449 ex
1320 407 1482 448 Achaia
1507 421 1527 449 4

131 474 241 527 regis
282 472 491 527 Sulpicius
527 472 738 526 Aeginam
781 472 913 512 classe
955 472 1164 525 profectus
1208 484 1301 510 cum
1336 469 1481 509 Attalo

133 549 225 575 sese
251 534 474 574 coniunxit.
522 533 684 574 Achaei
710 548 802 573 cum
819 533 980 573 Aetolis
994 533 1192 585 Eleisque
1212 532 1322 572 haud
1340 531 1483 586 procul
1509 545 1527 572 ῡ

131 596 330 637 Messene
354 610 597 650 prosperam
622 610 806 650 pugnam
830 596 1029 636 fecerunt.
1077 594 1246 635 Attalus
1270 608 1344 634 rex
1369 600 1408 633 et
1431 593 1481 633 P.

135 656 344 711 Sulpicius
371 657 563 711 Aeginae
588 657 870 698 hibernarunt.

215 718 346 758 Exitu
371 718 490 758 huius
518 718 613 758 anni
633 718 682 758 T.
699 717 918 770 Quinctius
945 716 1108 765 consul,
1135 717 1332 756 dictatore
1358 715 1484 756 comi·
1509 729 1527 757 6

132 780 282 820 tiorum
316 780 590 831 ludorumque
626 780 908 820 faciendorum
946 793 1071 818 causa
1102 778 1210 818 dicto
1241 778 1291 817 T.
1323 777 1484 817 Manlio

132 842 362 894 Torquato,
390 856 441 881 ex
467 842 632 881 volnere
657 841 840 881 moritur.
890 840 958 880 alii
983 839 1172 887 Tarenti,
1199 838 1266 878 alii
1291 838 1333 878 in
1359 837 1486 879 Cam-

131 903 255 957 pania
290 910 497 943 mortuum
534 903 712 942 tradunt.
771 902 814 941 id
850 901 960 954 quod
996 901 1109 941 nullo
1147 907 1240 940 ante
1277 900 1386 940 bello
1418 914 1485 940 ac-

132 964 303 1012 ciderat,
341 964 422 1004 duo
454 964 644 1004 consules
677 963 764 1003 sine
795 962 1062 1002 memorando
1092 962 1249 1015 proelio
1280 961 1485 1001 interfecti

130 1027 243 1066 velut
268 1026 410 1065 orbam
434 1040 521 1065 rem
547 1025 754 1078 publicam
780 1024 1042 1076 reliquerant.
1098 1023 1273 1063 dictator
1299 1023 1485 1062 BIanlius

131 1087 375 1140 magistrum
411 1087 594 1139 equitum
628 1085 676 1127 C.
711 1085 935 1125 Servilium
965 1109 994 1112 —
1029 1091 1115 1123 tum
1152 1083 1295 1124 aedilis
1333 1083 1485 1123 curulis

129 1156 218 1187 erat
240 1171 273 1174 —
298 1147 412 1187 dixit.
463 1155 630 1187 senatus
657 1160 737 1199 quo
764 1146 829 1185 die
854 1145 1031 1199 primum
1058 1152 1121 1185 est
1144 1145 1329 1193 habitus,
1366 1144 1485 1184 ludos

128 1223 302 1263 magnos
328 1209 465 1248 facere
492 1209 733 1248 dictatorem
758 1207 897 1255 iussit,
925 1221 1028 1260 quos
1053 1206 1115 1246 M.
1136 1206 1342 1246 Aemilius
1368 1221 1487 1259 prae-

129 1277 192 1310 tor
216 1269 329 1310 urbis
357 1268 406 1311 C.
433 1269 653 1318 Flaminio,
686 1268 764 1310 Cn.
793 1269 971 1309 Servilio
997 1268 1235 1309 consulibus
1268 1268 1423 1307 fecerat
1448 1275 1489 1307 et

128 1332 171 1372 in
196 1332 522 1385 quinquennium
547 1338 730 1372 voverat.
790 1338 878 1371 tum
909 1330 1083 1370 dictator
1108 1337 1148 1370 et
1179 1330 1278 1370 fecit
1302 1330 1421 1369 ludos
1448 1336 1489 1369 et

129 1393 171 1433 in
196 1393 419 1445 insequens
445 1394 620 1433 lustrum
645 1393 770 1433 vovit.
818 1400 1000 1433 ceterum
1021 1406 1114 1432 cum
1140 1392 1221 1432 duo
1247 1391 1485 1432 consulares
1513 1405 1523 1431 t

130 1454 334 1496 exercitus
361 1462 445 1495 tam
469 1470 597 1509 prope
622 1454 784 1495 hostem
806 1454 893 1494 sine
914 1454 1087 1494 ducibus
1109 1460 1266 1502 essent,
1294 1453 1486 1493 omnibus

132 1516 221 1556 aliis
253 1515 417 1556 omissis
449 1531 532 1556 una
560 1516 782 1570 praecipua
813 1530 911 1556 cura
945 1523 1083 1569 patres
1113 1515 1395 1569 populumque
1425 1514 1487 1553 in-

132 1577 256 1617 cessit
283 1577 473 1618 consules
500 1578 632 1632 primo
658 1592 820 1630 quoque
846 1585 1031 1631 tempore
1058 1577 1244 1625 creandi,
1283 1584 1323 1616 et.
1346 1583 1391 1615 ut
1416 1590 1487 1615 eos

132 1646 317 1678 crearent
347 1638 629 1693 potissimum,
668 1653 843 1691 quorum
874 1639 1004 1678 virtus
1038 1638 1137 1678 satis
1170 1645 1258 1677 tuta
1289 1652 1313 1677 a
1343 1636 1487 1676 fraude

130 1700 290 1741 Punica
315 1708 444 1741 esset:
477 1714 570 1740 cum
596 1707 681 1741 toto
707 1715 755 1741 eo
780 1700 889 1740 bello
916 1700 1116 1739 damnosa
1140 1712 1416 1753 praepropera
1441 1711 1488 1737 ac

132 1762 291 1802 fervida
315 1761 482 1815 ingenia
506 1762 801 1816 imperatorum
832 1761 1029 1809 fuissent,
1067 1768 1153 1801 tum
1184 1775 1232 1800 eo
1263 1760 1354 1814 ipso
1381 1774 1488 1799 anno

132 1824 322 1864 consules
353 1824 480 1865 nimia
511 1823 735 1877 cupiditate
766 1823 1010 1863 conserendi
1041 1837 1135 1862 cum
1164 1822 1283 1862 hoste
1320 1836 1486 1861 manum

131 1885 173 1924 in
196 1885 486 1939 necopinatam
512 1885 701 1925 fraudem
726 1884 867 1939 lapsos
899 1899 1004 1925 esse.
1066 1892 1247 1924 ceterum
1280 1883 1379 1923 deos
1411 1883 1487 1922 im-

131 1947 335 1995 mortalis,
372 1947 578 1987 miseritos
604 1946 782 1987 nominis
808 1946 1007 1995 Romani,
1043 1945 1281 2000 pepercisse
1310 1944 1489 1985 innoxiis

133 2009 407 2057 exercitibus,
468 2008 741 2049 temeritatem
789 2008 1006 2049 consulum
1053 2008 1238 2062 ipsorum
1286 2006 1488 2061 capitibus

133 2071 366 2111 damnasse.

217 2131 470 2172 XXXIIII.
533 2131 642 2172 Cum
681 2132 1043 2186 circumspicerent
1077 2138 1236 2185 patreS,
1287 2144 1489 2182 quosnam

134 2193 324 2233 consules
352 2194 553 2242 facerent,
584 2194 708 2247 longe
735 2201 828 2233 ante
855 2193 956 2233 alios
983 2193 1190 2233 eminebat
1216 2191 1264 2232 C.
1287 2190 1488 2231 Claudius

133 2254 267 2302 Nero3
317 2254 353 2294 ei
390 2255 566 2308 conlega
602 2255 888 2307 quaerebatur.
949 2261 989 2294 et
1024 2253 1157 2293 virum
1193 2252 1359 2305 quidem
1396 2266 1489 2291 eum

134 2315 348 2369 egregium
374 2316 599 2364 ducebant,
639 2317 712 2356 scd
736 2315 1032 2370 promptiorem
1058 2315 1338 2366 acrioremque
1365 2328 1489 2366 quam

135 2387 320 2430 tempora
346 2377 441 2417 belli
466 2377 723 2431 postularent
750 2384 819 2417 aut
843 2377 973 2417 hostis
998 2376 1230 2416 Hannibal:
1258 2382 1490 2428 temperan-

135 2439 232 2478 dum
264 2453 356 2479 acre
388 2439 601 2493 ingenium
632 2439 719 2479 eius
751 2439 963 2479 moderato
1002 2445 1042 2478 et
1071 2437 1264 2492 prudenti
1294 2436 1382 2477 viro
1419 2436 1490 2476 ad-

134 2499 272 2540 iuncto
299 2500 472 2554 conlega
498 2500 734 2540 censebant.
794 2501 856 2540 M.
883 2499 1031 2540 Livius
1057 2506 1162 2548 erat,
1199 2498 1338 2538 multis
1371 2497 1488 2537 annis

135 2569 228 2600 ante
255 2576 306 2601 ex
337 2562 554 2602 consulatu
586 2561 728 2615 populi
758 2561 909 2601 iudicio
942 2561 1180 2609 damnatus,
1220 2574 1342 2612 quam
1372 2559 1490 2613 igno-

133 2622 302 2662 miniam
327 2623 430 2663 adeo
457 2637 579 2677 aegre
605 2623 771 2671 tulerat,
797 2630 842 2662 ut
865 2638 934 2662 rus
960 2622 1157 2676 migraret
1175 2628 1216 2662 et
1239 2635 1313 2675 per
1337 2620 1488 2661 multos

134 2698 264 2724 annos
296 2690 337 2725 et
366 2684 467 2725 urbe
498 2692 540 2725 et
569 2684 681 2726 omni
711 2692 831 2725 coetu
861 2691 1018 2725 careret
1047 2683 1272 2724 hominum.
1340 2689 1486 2723 octavo

1512 1155 1531 1184 Οἱ)

1516 1710 1556 1739 10

1516 1896 1551 1924 11

1514 2265 1532 2292 [0

1514 2572 1534 2600 4

1513 2696 1531 2724 Γ)
