1815 3184
428 242 583 276 LIBER
607 242 736 286 xxn,
761 241 917 275 57—59.
947 244 985 285 [a
1012 240 1147 285 (1216]
1386 232 1464 273 107

107 354 297 401 quattuor
322 361 373 387 ex
398 346 460 386 his
486 346 669 401 legiones
696 352 735 386 et
760 345 870 386 mille
896 345 1053 398 equites
1079 344 1230 385 effecti.
1291 344 1389 385 item
1414 343 1467 384 ad

108 409 240 450 socios
260 409 541 462 Latinumque
560 422 711 449 nomen
737 408 787 448 ad
813 407 961 448 milites
988 422 1039 448 ex
1064 407 1241 448 formula
1266 406 1468 460 accipien-

108 471 183 511 dos
203 471 381 510 mittunt.
432 485 564 518 arma,
591 470 689 519 tela,
717 469 796 510 alia
819 469 955 523 parari
979 469 1121 509 iubent
1146 476 1186 509 et
1210 475 1349 509 vetera
1375 482 1467 521 spo-

108 533 163 573 lia
204 533 385 573 hostium
428 532 646 572 detrahunt
691 531 853 585 templis
890 530 1210 585 porticibusque.
1271 537 1311 570 et
1346 530 1466 570 aliam

108 596 283 635 sormam
309 595 405 634 novi
430 594 602 634 dilectus
628 594 766 647 inopia
790 593 1010 634 liberorum
1037 593 1217 646 capitum
1249 606 1296 632 ac
1326 606 1469 632 neces—

109 658 208 698 sitas
246 657 377 697 dedit:
425 664 516 696 octo
559 656 671 695 milia
707 655 902 695 iuvenum
940 654 1169 694 validorum
1205 668 1257 694 ex
1293 653 1467 698 servitiis

107 720 220 773 prius
259 719 514 759 sciscitantes
553 717 757 771 singulos,
796 717 999 757 vellentne
1030 716 1221 764 militare,
1257 715 1469 769 redempta

107 780 270 834 publice
296 786 568 820 armaverunt.
629 779 695 818 hic
721 778 837 819 miles
863 777 995 832 magis
1021 777 1193 832 placuit,
1221 791 1313 817 cum
1339 776 1468 831 pretio

108 843 265 883 minore
290 842 489 882 redimere
515 841 699 895 captivos
727 841 844 894 copia
869 840 994 880 fieret.

192 904 357 945 LVIII.
412 903 600 956 Namque
627 902 841 943 Hannibal
867 902 1093 942 secundum
1120 909 1203 942 tam
1229 916 1466 956 prosperam

108 966 159 1006 ad
187 965 354 1006 Cannas
385 979 567 1019 pugnam
599 963 765 1003 victoris
797 963 930 1017 magis
962 978 1084 1015 quam
1111 963 1264 1003 bellum
1290 963 1469 1017 gerentis

108 1028 288 1067 intentus
309 1027 430 1074 curis,
458 1040 550 1065 eum
571 1025 743 1079 captivis
758 1025 967 1078 productis
989 1025 1300 1079 segregatisque
1322 1024 1468 1072 socios,

108 1089 212 1129 sicut
245 1095 340 1128 ante
373 1088 425 1128 ad
456 1086 650 1127 Trebiam
683 1086 1071 1138 Trasumenumque
1101 1086 1254 1134 lacum,
1293 1085 1471 1139 benigne

107 1150 322 1190 adlocutus
344 1149 430 1189 sine
450 1149 580 1203 pretio
600 1148 842 1196 dimisisset,
870 1148 1081 1188 Romanos
1103 1162 1266 1200 quoque
1287 1156 1468 1195 vocatos,

105 1212 216 1264 quod
241 1226 467 1264 numquam
493 1210 594 1251 alias
615 1217 752 1259 autea,
781 1210 878 1250 satis
900 1210 988 1249 miti
1008 1224 1194 1249 sermone
1216 1209 1469 1262 adloquitur:

106 1288 185 1313 non
211 1273 509 1313 internecivum
532 1272 609 1313 sibi
630 1287 720 1313 esse
743 1287 834 1312 cum
849 1271 1048 1312 Romanis
1070 1270 1241 1319 bellum,
1268 1271 1318 1310 (le
1338 1271 1472 1325 digni-

106 1342 187 1375 tate
225 1342 348 1388 atque
385 1335 556 1389 imperio
594 1343 761 1375 certare.
823 1341 862 1374 et
903 1340 1040 1388 patres
1082 1333 1222 1373 virtuti
1258 1333 1471 1374 Romanae

107 1396 284 1437 cessisse
317 1404 356 1437 et
388 1411 430 1437 se
462 1397 504 1436 id
535 1397 681 1445 adniti,
719 1403 763 1436 ut
790 1411 888 1436 suae
915 1396 956 1435 in
981 1396 1114 1435 vicem
1140 1395 1262 1436 simul
1287 1395 1472 1436 felicitati

106 1465 146 1498 et
181 1458 320 1498 virtuti
358 1459 539 1499 cedatur.
599 1459 737 1511 itaque
768 1457 996 1498 redimendi
1028 1472 1071 1498 se
1104 1457 1277 1511 captivis
1310 1458 1471 1512 copiam

107 1521 253 1561 facere.
315 1521 491 1575 pretium
529 1521 617 1561 fore
653 1522 695 1561 in
726 1521 860 1575 capita
891 1520 1017 1573 equiti
1047 1520 1278 1575 quingenos
1309 1520 1473 1573 quadri-

107 1590 225 1637 gatos
256 1598 469 1632 nummos,
508 1590 693 1624 trecenos
725 1583 870 1637 pediti,
910 1597 1028 1622 servo
1060 1589 1267 1623 centenos.
1328 1597 1473 1635 quam-

107 1660 231 1697 quam
256 1645 510 1697 aliquantum
537 1645 791 1686 adiciebatur
810 1644 1016 1697 equitibus
1037 1645 1091 1684 ad
1108 1644 1150 1684 id
1169 1644 1363 1698 pretium,
1391 1659 1472 1697 quo

106 1707 347 1761 pepigerant
378 1708 574 1748 dedentes
608 1723 670 1756 se,
707 1707 804 1747 laeti
834 1714 971 1747 tamen
1002 1721 1306 1760 quamcumque
1331 1707 1472 1748 condi-

107 1769 265 1809 cionem
290 1769 527 1822 paciscendi
552 1776 811 1824 acceperunt.
872 1769 1025 1823 placuit
1058 1768 1255 1823 suffragio
1286 1769 1469 1823 ipsorum

106 1831 249 1870 decem
276 1831 420 1885 deligi,
452 1832 522 1884 qui
548 1831 725 1872 Romam
751 1832 803 1872 ad
835 1838 1023 1873 senatum
1053 1831 1174 1879 irent,
1212 1845 1287 1871 nec
1318 1831 1468 1885 pignus

107 1893 217 1933 aliud
241 1893 339 1933 fidei
364 1908 488 1946 quam
514 1901 558 1934 ut
584 1895 763 1934 iurarent
789 1909 832 1934 se
858 1894 1060 1934 redituros
1087 1900 1314 1948 acceptum.
1375 1893 1473 1933 mis-

108 1969 177 1994 sus
204 1969 297 1994 cum
316 1955 379 1995 his
404 1955 600 1996 Carthalo
620 1955 768 1996 nobilis
792 1955 1167 2009 Carthaginiensis,
1194 1955 1282 2008 qui,
1311 1954 1345 1995 si
1367 1954 1472 1994 forte

107 2017 158 2056 ad
173 2030 316 2070 pacem
336 2017 550 2058 inclinaret
565 2018 740 2066 animus,
763 2018 1023 2058 condiciones
1040 2018 1174 2058 ferret.
1208 2031 1301 2056 cum
1316 2015 1472 2070 egressi

108 2078 253 2118 castris
280 2087 435 2127 essent,
462 2095 568 2120 unus
596 2096 647 2120 ex
672 2080 741 2129 iis,
774 2080 942 2120 minime
967 2079 1147 2120 Romani
1170 2078 1310 2133 ingeni
1336 2078 1471 2125 homo,

109 2139 234 2178 veluti
264 2140 420 2192 aliquid
451 2141 602 2182 oblitus
633 2141 732 2181 iuris
759 2141 919 2181 iurandi
951 2141 1136 2181 solvendi
1162 2154 1287 2180 causa
1312 2154 1406 2179 cum
1430 2139 1472 2178 in

109 2208 243 2241 castra
266 2202 461 2251 redisset,
490 2210 583 2242 ante
608 2213 770 2243 noctem
797 2203 965 2242 comites
992 2202 1243 2254 adsequitur.
1299 2200 1369 2241 ubi
1388 2200 1472 2240 Ro-

109 2278 217 2302 mam
251 2264 389 2303 venire
421 2279 491 2305 eos
523 2265 754 2305 nuntiatum
781 2274 860 2313 est,
900 2264 1141 2305 Carthaloni
1167 2263 1331 2304 obviam
1356 2263 1473 2303 lictor

108 2324 279 2373 missus,
318 2326 387 2377 qui
426 2326 635 2367 dictatoris
673 2327 808 2367 verbis
847 2327 1070 2376 nuntiaret,
1108 2334 1152 2366 ut
1183 2334 1277 2366 ante
1309 2332 1470 2366 noctem

109 2387 323 2427 excederet
348 2388 500 2429 finibus
526 2388 739 2429 Romanis.

192 2449 381 2490 LVHH.
424 2451 598 2505 Legatis
625 2452 879 2505 captivorum
907 2457 1072 2491 senatus
1099 2450 1150 2491 ab
1177 2450 1374 2490 dictatore
1400 2449 1471 2490 da-

109 2518 173 2551 tus
206 2520 279 2551 est.
341 2526 516 2565 quorum
548 2513 739 2567 princeps
766 2513 827 2553 M.
856 2513 998 2553 Iunius
1034 2518 1189 2567 ‘patres
1222 2511 1470 2565 conscripti,'

108 2572 238 2625 inquit
265 2577 403 2615 ‘nemo
428 2582 613 2615 nostrum
639 2575 818 2630 ignorat,
845 2575 944 2615 nulli
964 2590 1160 2628 umquam
1182 2573 1337 2614 civitati
1357 2573 1471 2613 vilio-

1496 357 1534 386 10

1497 544 1532 572 11

109 2649 171 2675 res
209 2635 339 2676 fuisse
377 2637 561 2690 captivos
598 2652 722 2690 quam
759 2644 934 2678 nostrae.
996 2644 1196 2685 ceterum,
1237 2636 1314 2676 nisi
1350 2634 1469 2676 nobis
1496 2649 1513 2678 2

110 2697 201 2751 plus
234 2698 341 2739 iusto
373 2706 513 2740 nostra-
544 2700 677 2754 placet
708 2716 851 2749 causa,
889 2716 969 2741 non
1002 2700 1070 2741 alii
1101 2715 1297 2753 umquam
1335 2698 1469 2739 minus
