1815 3184
490 226 642 260 LIBER
666 225 818 269 xxm,
844 226 877 259 6.
902 225 930 258 τ.
960 226 1008 268 [a.
1025 223 1159 267 0216]
1421 215 1499 254 119

148 338 190 370 ut
228 331 336 371 idem
371 329 513 384 legati,
551 329 620 382 qui
657 329 709 369 ad
746 327 955 369 consulem
991 327 1227 368 Romanum
1262 327 1410 375 ierant,
1448 326 1500 366 ad

150 391 425 432 Hannibalem
452 392 717 431 mitterentur.
1392 382 1401 392 ⁶

237 454 331 506 Quo
356 454 595 507 priusquam
620 453 745 492 iretur
770 458 1006 504 certumque
1025 451 1265 492 defectionis
1286 450 1500 491 consilium

150 524 275 564 esset,
308 516 482 556 Romam
514 515 672 569 legatos
704 514 852 554 missos
879 529 902 554 a
929 513 1152 567 Campanis
1183 513 1225 552 in
1255 512 1501 565 quibusdam

150 577 364 618 annalibus
391 576 552 617 invenio
577 576 849 630 postulantes,
888 582 931 614 ut
962 575 1063 615 alter
1093 575 1236 615 eonsul
1263 574 1501 629 Campanus

151 640 280 688 fieret,
325 639 359 679 si
395 654 479 678 rem
517 638 744 678 Romanam
782 637 965 677 adiuvari
1001 637 1162 677 vellent.
1222 637 1501 691 indignatione

150 714 235 741 orta
272 701 505 741 submoveri
537 716 560 740 a
592 700 702 740 curia
732 700 865 740 iussos
898 714 989 739 esse
1020 699 1274 752 missumque
1305 699 1501 747 lictorem,

150 763 219 815 qui
245 778 295 803 cx
322 762 419 803 urbe
446 762 633 802 educeret
660 777 729 802 eos
756 768 877 814 atque
903 776 951 801 eo
976 762 1041 801 die
1072 776 1236 801 manere
1267 768 1381 801 extra
1411 760 1502 800 finis

152 825 358 864 Romanos
386 824 554 864 iuberet.
594 824 689 876 quia
713 823 833 863 nimis
860 838 1012 876 conpar
1030 823 1274 862 Latinorum
1295 823 1502 875 quondam

151 887 368 940 postulatio
394 894 478 925 erat
506 884 755 937 Coeliusque
781 891 820 925 et
844 885 911 924 alii
937 885 978 924 id
1002 884 1102 924 haut
1128 885 1214 924 sine
1240 899 1363 924 eausa
1389 900 1504 938 prac-

151 949 405 989 termiserant
432 947 665 1000 scriptores,
697 961 847 1000 ponere
872 961 945 999 pro
972 953 1081 985 certo
1108 961 1199 985 sum
1225 946 1390 986 veritus.

235 1009 333 1050 VII.
383 1008 534 1062 Legati
560 1008 611 1048 ad
630 1007 910 1048 Hannibalem
936 1014 1134 1047 venerunt
1159 1022 1385 1060 pacemque
1411 1022 1501 1047 eum

150 1088 197 1113 co
218 1071 525 1112 condicionibus
547 1071 742 1119 fecerunt,
770 1085 820 1110 nc
841 1070 932 1122 quis
953 1070 1174 1123 imperator
1187 1070 1504 1123 magistratusve

148 1134 383 1174 Poenorum
419 1133 482 1172 ius
515 1132 641 1171 ullum
672 1132 713 1172 in
745 1132 877 1172 civem
910 1131 1172 1184 Campanum
1202 1130 1371 1170 haberet
1401 1146 1503 1171 neve

149 1196 248 1237 civis
272 1196 510 1249 Campanus
531 1195 682 1235 invitus
703 1195 892 1234 militaret
912 1209 1115 1234 munusve
1140 1194 1310 1242 faceret,
1337 1200 1380 1233 ut
1407 1208 1503 1233 suae

148 1259 279 1313 leges,
307 1258 370 1297 sui
396 1258 659 1312 magistratus
682 1256 851 1311 Capuae
878 1263 1033 1305 essent,
1060 1263 1104 1296 ut
1129 1262 1330 1296 trecentos
1353 1270 1402 1296 ex
1422 1255 1506 1296 Ro-

149 1321 280 1360 manis
315 1320 485 1373 captivis
518 1319 684 1361 Poenus
716 1320 830 1360 daret
858 1318 1082 1373 Campanis
1114 1333 1216 1371 quos
1248 1318 1327 1372 ipsi
1358 1317 1506 1371 elegis-

150 1389 257 1430 sent,
296 1397 388 1422 eum
421 1381 570 1434 quibus
603 1382 786 1434 equitum
820 1380 1147 1435 Campanorum,
1186 1380 1255 1432 qui
1291 1379 1332 1419 in
1366 1378 1506 1420 Sicilia

150 1443 352 1497 stipendia
377 1443 576 1491 facerent,
604 1443 849 1497 permutatio
875 1443 1001 1483 fieret.
1057 1442 1156 1482 haec
1182 1448 1320 1496 pacta3
1352 1441 1421 1481 illa
1445 1441 1505 1480 in-

150 1519 272 1558 super
296 1519 418 1557 quam
445 1520 549 1557 quae
574 1512 694 1559 pacta
719 1512 832 1545 erant
851 1505 1032 1545 facinora
1048 1504 1248 1558 Campani
1273 1503 1504 1543 ediderunt:

150 1581 244 1605 nain
280 1566 508 1619 praefectos
548 1567 704 1606 socium
742 1566 925 1619 civisque
957 1566 1166 1606 Romanos
1199 1565 1319 1613 alios,
1360 1564 1507 1618 partim

151 1628 286 1680 aliquo
312 1628 479 1668 militiae
505 1643 671 1669 munere
697 1638 937 1682 occupatOS‚
964 1628 1111 1682 partim
1137 1627 1305 1681 privatis
1332 1626 1506 1680 negotiis

151 1691 373 1744 inplicitos,
406 1690 522 1744 plebs
548 1700 714 1745 repente
740 1690 871 1730 omnis
898 1690 1204 1744 conprehensos
1230 1688 1341 1729 velut
1372 1696 1508 1729 custo-

152 1752 241 1792 diae
273 1767 397 1792 causa
429 1752 584 1793 balneis
616 1752 769 1792 includi
794 1752 930 1800 iussit,
961 1751 1033 1792 ubi
1058 1751 1218 1791 fervore
1245 1758 1365 1803 atque
1392 1758 1508 1790 aestu

151 1814 286 1853 anima
311 1814 531 1854 interclusa
555 1814 722 1854 foedum
749 1814 789 1853 in
815 1814 983 1853 modum
1009 1813 1252 1867 expirarent.

236 1875 303 1915 Ea
321 1890 371 1915 ne
393 1875 534 1915 fierent
553 1891 632 1916 neu
647 1876 797 1930 legatio
813 1875 1039 1915 mitteretur
1053 1875 1105 1915 ad
1118 1874 1318 1923 Poenum,
1348 1888 1508 1914 summa

151 1951 227 1990 ope
248 1937 404 1977 Decius
420 1938 607 1992 Magius,
635 1938 696 1977 vir
715 1938 780 1977 cui
800 1937 852 1978 ad
873 1952 1075 1977 summam
1101 1936 1383 1977 auctoritatem
1408 1935 1508 1975 nihil

150 2006 309 2051 praeter
335 2014 475 2039 sanam
503 1999 654 2039 civium
679 2006 855 2039 mentem
883 1998 1029 2046 defuit,
1061 1999 1274 2038 restiterat.
1335 2004 1380 2037 ut
1411 2012 1507 2036 vero

153 2061 403 2113 praesidium
440 2061 545 2101 mitti
582 2060 632 2101 ab
664 2060 900 2101 Hannibale
932 2060 1105 2108 audivit,
1138 2059 1257 2114 Pyrri
1288 2058 1508 2112 superbam

153 2121 471 2162 dominationem
513 2122 870 2175 miserabilemque
913 2122 1227 2162 Tarentinorum
1272 2120 1507 2160 servitutem

154 2183 342 2236 exempla
366 2184 566 2232 referens,
593 2185 723 2238 primo
749 2199 799 2224 ne
824 2184 1071 2237 reciperetur
1095 2183 1346 2236 praesidium
1372 2181 1507 2235 palam

152 2245 400 2285 vociferatus
427 2253 506 2294 est,
534 2246 701 2294 deinde,
735 2253 777 2286 ut
802 2252 1011 2299 receptum
1036 2253 1105 2284 aut
1132 2245 1328 2284 eiceretur
1353 2252 1440 2291 aut,
1473 2243 1507 2283 si

154 2306 304 2345 malum
328 2306 504 2355 facinus,
531 2308 642 2359 quod
661 2323 684 2347 a
709 2307 997 2348 vetustissimis
1024 2307 1145 2347 sociis
1172 2305 1508 2360 consanguineis-

153 2382 232 2419 que
251 2367 516 2417 defecissent,
543 2369 637 2409 forti
663 2384 709 2409 ae
735 2369 990 2409 memorabili
1015 2368 1194 2409 facinore
1219 2382 1395 2422 purgare
1421 2366 1503 2407 vel-

153 2429 253 2477 lent,
287 2436 331 2469 ut
361 2430 574 2470 interfecto
599 2430 758 2471 Punico
790 2431 994 2484 praesidio
1025 2430 1283 2470 restituerent
1308 2428 1507 2469 Romanis

155 2508 210 2530 se.
271 2491 371 2531 haec
408 2517 442 2520 —
477 2507 553 2533 nee
589 2493 697 2533 enim
735 2492 894 2533 occulta
930 2491 1159 2546 agebantur
1188 2517 1221 2520 —
1252 2506 1343 2531 cum
1381 2490 1507 2530 relata

154 2552 378 2593 Hannibali
411 2561 565 2603 essent,
604 2555 734 2608 primo
765 2555 875 2594 misit
907 2554 975 2607 qui
1007 2560 1197 2595 vocarent
1230 2553 1420 2607 Magium
1456 2553 1508 2592 ad

155 2629 244 2654 sese
271 2615 312 2654 in
337 2623 487 2663 castra,
514 2616 678 2664 deinde,
706 2631 799 2656 cum
820 2617 853 2656 is
875 2616 1062 2657 ferociter
1081 2622 1273 2670 negasset
1295 2630 1337 2655 sc
1358 2615 1507 2654 iturum

155 2700 187 2704 —
210 2691 284 2717 nec
316 2677 423 2718 enim
455 2678 680 2719 Hannibali
716 2679 779 2720 ius
817 2693 907 2719 esse
943 2678 984 2719 in
1015 2678 1144 2719 civem
1179 2678 1436 2732 Campanum
1465 2702 1507 2722 —‚

1531 1206 1549 1235 10
