1815 3184
519 246 673 281 LIBER
696 246 842 287 XXVI,
867 247 900 280 9.
924 247 976 280 10.
1005 249 1052 289 [a.
1069 245 1107 280 C.
1121 246 1202 291 211]
1460 237 1544 278 275

193 357 336 405 perent
372 356 605 403 matresque
635 350 845 391 Romanas
882 356 921 390 et
956 348 1106 390 liberos
1142 363 1292 403 parvos
1327 349 1544 390 inviolatos

195 418 414 453 servarent.
476 419 641 452 senatus
684 411 991 466 magistratibus
1034 411 1075 451 in
1111 410 1199 451 foro
1235 417 1461 465 praestost,
1512 410 1545 451 si

194 475 292 528 quid
317 474 529 515 consulere
556 473 691 514 velint.
735 474 803 514 alii
828 473 1031 527 accipiunt
1056 473 1226 527 imperia
1251 473 1547 525 disceduntque

194 537 246 577 ad
272 551 367 577 suas
393 536 567 589 quisque
593 536 821 577 officiorum
846 542 1000 590 partes,
1028 535 1095 575 alii
1121 535 1298 575 offerunt
1323 550 1379 584 se,
1407 535 1441 576 si
1466 549 1548 588 quo

194 613 293 638 usus
320 613 466 652 operae
492 598 555 638 sit.
605 598 809 652 praesidia
832 598 873 637 in
899 612 1009 646 arce,
1035 597 1077 636 in
1092 596 1314 651 Capitolio,
1340 597 1382 637 in
1406 597 1546 645 muris,

194 660 302 700 eirca
326 660 488 709 urbem,
515 660 557 699 in
582 666 718 700 monte
744 659 867 700 etiam
893 659 1058 700 Albano
1084 666 1205 712 atque
1231 673 1322 700 arce
1335 658 1549 700 Aesulana,

194 729 411 775 ponuntur.
460 722 564 762 inter
588 721 697 762 hunc
722 722 943 762 tumultum
969 720 1021 773 Q.
1041 720 1235 761 Fulvium
1260 720 1548 775 proconsulem

194 783 423 837 profectum
449 798 542 823 cum
568 783 748 823 exercitu
778 782 923 836 Capua
948 782 1148 831 adfertur3
1180 782 1245 822 cui
1270 797 1320 822 ne
1345 783 1549 823 minuere-

195 852 260 884 tur
284 845 518 898 imperium,
553 845 586 885 si
610 845 653 884 in
677 844 819 884 urbem
846 844 1043 892 venisset,
1077 844 1257 884 decernit
1283 851 1468 893 senatus,
1505 852 1550 884 ut

197 906 249 958 Q.
270 906 418 946 Fulvio
442 921 517 959 par
541 920 634 945 cum
660 905 898 946 consulibus
923 905 1141 959 imperium
1166 912 1286 945 esset.
1337 905 1548 946 Hannibal

195 967 383 1008 infestius
419 966 688 1020 perpopulato
724 981 823 1020 agro
852 966 1097 1020 Fregellano
1133 973 1299 1019 propter
1335 967 1548 1008 intercisos

194 1029 348 1083 pontis,
385 1043 458 1082 per
487 1028 749 1068 Frusinatem
784 1028 1173 1079 Ferentinatemque
1209 1034 1249 1067 et
1276 1028 1549 1082 Anagninum

193 1105 338 1144 agrum
368 1090 410 1130 in
439 1089 700 1129 Labicanum
730 1089 853 1129 venit.
914 1089 1009 1128 inde
1034 1088 1191 1143 Algido
1219 1088 1448 1130 Tusculum
1478 1105 1549 1143 pe-

194 1151 272 1199 tiit,
310 1165 386 1191 nec
421 1157 611 1204 receptus
647 1150 864 1191 moenibus
902 1150 1008 1190 infra
1044 1150 1273 1191 Tusculum
1310 1151 1548 1192 dextrorsus

194 1210 351 1253 Gabios
389 1212 612 1253 descendit.
682 1212 778 1252 inde
815 1212 857 1252 in
893 1211 1114 1266 Pupiniam
1151 1212 1332 1252 exercitu
1369 1213 1550 1254 demisso

193 1280 283 1315 octo
308 1273 420 1314 milia
444 1289 642 1328 passuum
668 1273 719 1314 ab
744 1273 880 1314 Roma
903 1274 1042 1328 posuit
1068 1280 1214 1314 castra.
1274 1288 1356 1327 quo
1380 1275 1548 1329 propius

192 1335 322 1376 hostis
348 1335 586 1385 accedebat,
614 1350 661 1377 eo
687 1336 817 1377 maior
841 1336 987 1376 caedes
1013 1335 1138 1376 fiebat
1161 1335 1409 1390 fugientium
1434 1351 1551 1391 prae-

193 1397 432 1438 cedentibus
468 1398 676 1447 Numidis‚
719 1398 941 1452 pluresque
977 1398 1160 1439 omnium
1195 1412 1393 1453 generum
1429 1405 1551 1452 atque

194 1459 388 1499 aetatium
415 1459 692 1513 capiebantur.

277 1520 337 1560 X.
397 1521 447 1560 In
483 1521 561 1561 hoc
596 1521 774 1562 tumultu
810 1521 984 1562 Fulvius
1016 1521 1192 1562 Flaccus
1230 1529 1347 1576 porta
1380 1522 1550 1576 Capena

195 1597 288 1622 eum
319 1582 499 1622 exercitu
531 1583 707 1623 Romam
737 1584 949 1638 ingressus
981 1584 1117 1623 media
1148 1583 1247 1624 urbe
1277 1599 1350 1638 per
1376 1584 1549 1625 Carinas

194 1644 403 1696 Esquilias
431 1645 635 1685 contendit
645 1661 655 1693 3
698 1645 791 1685 inde
819 1659 1011 1699 egressus
1036 1645 1141 1685 inter
1165 1645 1426 1698 Esquilinam
1454 1645 1551 1687 Col-

194 1707 400 1760 linamque
437 1714 596 1761 portam
626 1708 763 1762 posuit
793 1714 938 1748 castra.
999 1708 1151 1748 aediles
1182 1708 1314 1762 plebis
1346 1723 1551 1750 commea—

194 1778 281 1809 tum
306 1784 354 1810 eo
380 1775 667 1823 conportarunt
677 1786 686 1819 3
714 1769 902 1810 eonsules
929 1776 1177 1822 senatusque
1202 1770 1245 1809 in
1269 1778 1403 1811 eastra
1429 1785 1551 1811 vene-

194 1836 299 1871 runt.
360 1830 417 1871 ibi
460 1831 509 1871 de
552 1846 712 1871 summa
747 1846 789 1871 re
826 1830 991 1884 publica
1033 1831 1321 1872 consultatum.
1382 1832 1548 1886 placuit,

195 1892 384 1933 consules
422 1892 528 1933 circa
563 1899 701 1946 portas
740 1893 945 1933 Collinam
975 1893 1318 1946 Esquilinamque
1353 1902 1551 1949 ponerent

195 1960 346 2003 eastra,
387 1954 435 1995 C.
464 1954 733 2009 Calpurnium
763 1961 993 2009 praetorem
1024 1954 1226 1995 urbanum
1253 1954 1459 2009 Capitolio
1491 1964 1551 1997 at—

195 2032 273 2070 que
310 2018 393 2058 arci
428 2033 619 2072 praeesse
657 2024 695 2058 et
732 2025 918 2058 senatum
954 2017 1210 2070 frequentem
1252 2018 1294 2058 in
1330 2018 1418 2059 foro
1455 2034 1551 2059 con-

195 2079 330 2127 tineri,
358 2080 392 2120 si
416 2080 514 2132 quid
539 2080 581 2120 in
605 2086 687 2120 tam
717 2079 862 2120 subitis
887 2079 1009 2120 rebus
1036 2079 1221 2120 consulto
1248 2095 1351 2133 opus
1378 2088 1498 2121 esset.

1576 732 1616 762 10

1577 919 1613 947 11

1578 1289 1617 1318 13

1580 1538 1591 1565 1

1576 1723 1593 1751 2

281 2139 393 2180 Inter
422 2141 524 2182 haec
554 2141 766 2182 Hannibal
797 2142 849 2182 ad
879 2140 1084 2182 'Anienem
1120 2141 1290 2181 fiuvium
1327 2142 1404 2182 tria
1439 2143 1550 2183 milia
1576 2157 1594 2186 3

196 2217 393 2255 passuum
419 2202 470 2243 ab
497 2203 596 2244 urbe
622 2210 755 2244 castra
782 2204 975 2244 admovit.
1026 2203 1083 2244 ibi
1109 2204 1266 2244 stativis
1294 2204 1436 2257 positis
1461 2204 1550 2258 ipse

196 2279 289 2303 cum
316 2263 476 2305 duobus
508 2265 672 2306 milibus
706 2265 888 2318 equitum
920 2265 972 2306 ad
1001 2272 1161 2319 portam
1188 2264 1394 2306 Collinam
1419 2280 1550 2319 usque

196 2326 248 2365 ad
273 2324 465 2366 Herculis
492 2326 689 2380 templum
715 2335 777 2367 est
801 2342 1045 2381 progressus
1072 2333 1193 2380 atque
1219 2328 1327 2367 unde
1352 2343 1551 2381 proxume

195 2394 354 2440 poterat
384 2388 545 2428 moenia
582 2388 785 2441 situmque
824 2389 936 2429 urbis
970 2389 1212 2442 obequitans
1245 2390 1550 2443 contemplaba—

196 2455 271 2488 tur.
331 2449 373 2488 id
404 2464 496 2489 eum
529 2456 612 2489 tam
641 2449 810 2491 licenter
839 2457 961 2503 atque
993 2451 1122 2491 otiose
1153 2450 1288 2491 faeere
1313 2451 1464 2492 Flacco
1489 2452 1550 2491 in-
1576 2467 1594 2495 4

196 2511 366 2565 dignum
391 2511 526 2552 visum
552 2519 632 2561 est,
670 2512 807 2566 itaque
837 2513 1006 2554 immisit
1036 2513 1193 2566 equites
1220 2514 1549 2568 summoverique

195 2580 316 2626 atque
352 2573 393 2613 in
430 2581 562 2614 castra
597 2574 728 2631 redigi
762 2575 942 2616 hostium
986 2575 1211 2628 equitatum
1253 2575 1383 2616 iussit.
1455 2591 1549 2616 eum
1576 2591 1594 2618 5

195 2637 459 2677 commissum
496 2638 695 2691 proelium
733 2645 859 2688 esset,
907 2639 1096 2679 eonsules
1134 2638 1370 2693 transfugas
1406 2639 1550 2680 Numi-

195 2697 357 2748 darum,
396 2699 465 2752 qui
496 2706 582 2740 tum
614 2700 656 2740 in
686 2699 896 2742 Aventino
927 2701 979 2742 ad
1015 2700 1124 2741 mille
1157 2707 1196 2741 et
1227 2701 1391 2741 ducenti
1421 2707 1547 2750 erant,

1249 2767 1315 2801 18*
