1815 3184
480 256 632 290 LIBER
658 256 786 299 XXII,
814 257 865 289 14.
889 256 939 290 15.
968 259 1014 300 [a.
1031 255 1067 290 C.
1084 256 1165 301 217]
1447 246 1500 286 69

151 360 376 409 ciebamus,
411 360 674 400 scandentem
706 360 868 400 moenia
892 359 1103 400 Romanae
1135 359 1316 400 coloniae
1342 358 1503 399 Hanni-

148 421 282 463 balem
307 422 402 462 lacti
429 428 675 476 spectamus.
718 421 857 463 fumus
884 437 935 462 ex
959 421 1157 462 incendiis
1179 421 1364 461 villarum
1385 436 1503 475 agro-

147 498 319 537 rumque
344 484 386 524 in
411 484 552 524 oculos
579 490 700 536 atque
727 499 798 524 ora
822 484 950 533 venit,
986 489 1171 537 strepunt
1202 498 1320 524 aures
1353 483 1504 523 clamo-

147 547 259 588 ribus
296 546 541 600 plorantium
580 546 803 594 sociorum,
848 546 1011 600 saepius
1048 560 1123 586 nos
1167 560 1290 599 quam
1333 546 1501 586 deorum

146 609 425 649 invocantium
456 623 595 662 opem:
633 623 707 648 nos
739 608 805 648 hic
836 623 1030 662 pecorum
1062 608 1184 648 modo
1217 622 1289 661 per
1322 607 1502 648 aestivos

147 671 275 711 saltus
301 670 525 722 deviasque
551 670 664 710 callis
691 670 915 710 exercitum
943 670 1130 710 ducimus
1152 669 1303 710 conditi
1323 668 1502 710 nubibus

147 732 356 785 silvisque.
407 732 441 772 si
476 731 554 772 hoe
590 732 712 772 modo
748 732 1006 786 peragrando
1043 733 1257 773 cacumina
1293 732 1503 784 saltusque

148 794 208 834 M.
246 794 397 835 Furius
435 794 616 847 recipere
653 809 677 834 a
716 792 847 834 Gallis
886 793 1030 834 urbem
1066 794 1282 843 voluisset,
1321 808 1403 847 quo
1438 793 1505 834 hic

147 872 277 897 novus
306 856 526 904 Camillus,
564 855 682 896 nobis
715 856 887 896 dictator
918 856 1062 897 unicus
1093 856 1135 896 in
1170 856 1293 897 rebus
1331 856 1503 897 adfectis

147 919 376 972 quaesitus,
409 918 573 958 Italiam
599 917 649 958 ab
675 918 911 958 Hannibale
936 933 1176 972 recuperare
1202 925 1335 972 parat,
1365 917 1505 959 Gallo-

148 996 239 1021 rum
264 981 397 1021 Roma
424 986 551 1028 esset,
579 994 703 1032 quam
728 994 872 1022 vereor
896 995 947 1020 ne
974 981 1032 1020 sic
1061 981 1351 1021 cunctantibus
1384 980 1502 1020 nobis

149 1042 374 1083 Hannibali
410 1055 457 1082 ae
488 1040 640 1081 Poenis
678 1041 824 1082 totiens
863 1043 1115 1082 servaverint
1151 1043 1325 1083 maiores
1363 1043 1502 1082 nostri.

145 1104 218 1144 sed
253 1104 314 1143 vir
350 1117 397 1143 ac
432 1117 527 1143 vere
558 1102 791 1151 Romanus,
830 1117 911 1156 quo
943 1103 1008 1143 die
1045 1104 1283 1144 dictatorem
1322 1119 1414 1144 eum
1453 1118 1503 1144 ex

144 1165 383 1206 auctoritate
408 1171 569 1218 patrum
595 1165 793 1217 iussuque
823 1164 964 1218 populi
997 1165 1151 1205 dietum
1176 1164 1303 1205 Veios
1337 1165 1504 1205 allatum

144 1234 224 1276 est,
263 1242 355 1269 cum
393 1233 502 1268 esset
538 1227 635 1267 satiS
673 1227 800 1267 altum
831 1228 1081 1276 Ianiculum,
1120 1227 1190 1268 ubi
1229 1228 1376 1268 sedens
1412 1243 1506 1282 pro-

145 1296 347 1343 spectaret
377 1289 556 1337 hostem,
594 1289 806 1329 descendit
837 1289 879 1329 in
911 1304 1054 1329 aecum
1081 1296 1203 1343 atque
1229 1290 1297 1330 illo
1323 1290 1413 1344 ipso
1440 1290 1505 1330 die

144 1352 279 1392 media
303 1351 344 1391 in
368 1350 488 1399 urbe,
527 1366 608 1404 qua
639 1365 747 1391 nunc
778 1350 900 1392 busta
927 1350 1089 1392 Gallica
1120 1360 1231 1402 sunt,
1270 1359 1310 1393 et
1340 1359 1505 1406 postero

145 1413 209 1453 die
247 1413 347 1453 citra
379 1411 535 1454 Gabios
568 1414 713 1454 cecidit
747 1412 962 1454 Gallorum
993 1414 1190 1469 legiones,
1252 1414 1376 1468 quid?
1411 1421 1505 1468 post
1554 1431 1560 1439 ⁴

144 1475 293 1515 multos
320 1489 448 1515 annos
476 1490 569 1516 cum
588 1476 640 1516 ad
658 1476 859 1516 Furculas
876 1476 1086 1517 Caudinas
1107 1477 1158 1517 ab
1182 1476 1367 1518 Samnite
1387 1476 1505 1517 hoste

146 1537 221 1578 sub
247 1538 390 1591 iugum
415 1537 530 1577 missi
557 1553 717 1586 sumus,
746 1544 883 1578 utrum
909 1539 1073 1579 tandem
1099 1539 1152 1579 L.
1180 1538 1371 1593 Papirius
1401 1538 1506 1579 (Jur-

146 1615 212 1640 sor
236 1599 334 1653 iuga
361 1598 519 1640 Samnii
544 1600 830 1653 perlustrando
856 1616 908 1641 an
932 1600 1155 1642 Luceriam
1182 1602 1406 1656 premendo
1433 1601 1504 1641 ob-

147 1661 398 1714 sidendoque
435 1667 474 1701 et
509 1661 750 1702 lacessendo
786 1662 977 1703 victorem
1009 1663 1169 1703 hostem
1202 1663 1420 1717 depulsum
1453 1663 1504 1703 ab

147 1723 345 1763 Romanis
391 1722 618 1763 cervicibus
660 1724 804 1778 iugum
854 1724 1030 1779 superbo
1077 1724 1254 1766 Samniti
1301 1725 1506 1779 inposuit?

147 1786 269 1825 modo
296 1784 344 1826 C.
371 1785 541 1825 Lutatio
574 1800 678 1838 quae
710 1786 789 1826 alia
819 1801 1041 1840 resquam
1074 1788 1259 1828 celeritas
1291 1787 1504 1828 victoriam

146 1847 275 1896 dedit,
308 1848 418 1900 quod
442 1854 606 1901 postero
632 1848 697 1888 die
722 1862 846 1900 quam
872 1849 1032 1889 hostem
1060 1850 1179 1899 vidit,
1212 1850 1386 1890 classem
1413 1865 1506 1904 gra-

146 1924 238 1949 vem
271 1909 586 1958 commeatibus,
624 1910 847 1964 inpeditam
880 1920 1039 1952 suomet
1070 1912 1203 1966 ipsam
1234 1912 1504 1952 instrumento

146 1978 266 2023 atque
292 1971 509 2025 adparatu,
543 1972 771 2025 oppressit?
808 1973 979 2014 stultitia
1011 1981 1072 2014 est
1098 1975 1278 2014 sedendo
1304 1981 1374 2014 aut
1398 1973 1503 2014 votis

146 2032 340 2073 debellari
366 2033 528 2073 credere
554 2048 696 2087 posse:
725 2050 838 2075 arma
863 2036 1000 2089 capias
1028 2043 1187 2089 oportet
1213 2042 1252 2076 et
1277 2035 1503 2076 descendas

147 2094 189 2133 in
225 2108 367 2133 aecum
405 2101 443 2134 et
479 2094 540 2134 vir
577 2109 669 2135 cum
707 2096 793 2136 viro
826 2097 1124 2150 congrediaris3
1162 2097 1350 2137 audendo
1383 2103 1505 2149 atque

148 2155 307 2207 agendo
343 2170 406 2195 res
439 2155 627 2197 Romana
664 2157 808 2206 crevit,
852 2173 935 2198 non
972 2158 1035 2198 his
1074 2157 1270 2212 segnibus
1309 2158 1502 2207 consiliis,

150 2230 253 2267 quae
280 2216 409 2256 timidi
435 2224 555 2257 cauta
578 2218 752 2259 vocant.’

233 2277 352 2317 Haec
377 2278 487 2318 velut
513 2279 763 2319 contionanti
787 2279 974 2320 Minucio
1000 2280 1405 2322 circumfundebatur
1435 2281 1504 2322 tri-

150 2338 350 2379 bunorum
382 2340 644 2393 equitumque
669 2341 949 2382 Romanorum
982 2343 1199 2384 multitudo
1231 2350 1270 2384 et
1301 2344 1352 2384 ad
1384 2358 1502 2384 aures

148 2414 309 2452 quoque
335 2400 509 2441 militum
535 2402 643 2442 dieta
668 2402 820 2443 ferocia
845 2404 1139 2445 evolvebantur
1164 2419 1228 2454 ae,
1256 2405 1290 2446 si
1316 2405 1502 2446 militaris

150 2461 336 2516 suffragii
364 2476 429 2503 res
461 2469 587 2512 esset,
620 2464 732 2504 haud
757 2464 878 2506 dubie
903 2465 1089 2507 ferebant
1114 2465 1345 2507 Minucium
1371 2467 1502 2508 Fabio

149 2523 294 2562 ducem
320 2524 586 2577 praelaturos.

232 2585 332 2625 XV.
392 2586 547 2627 Fabius
579 2588 729 2641 pariter
758 2589 862 2629 inter
893 2604 988 2630 suos
1015 2590 1125 2630 haud
1152 2591 1285 2632 minus
1312 2605 1434 2644 quam
1459 2591 1501 2631 in

148 2646 276 2687 hostis
309 2648 508 2697 intentus,
545 2650 657 2703 prius
689 2650 740 2691 ab
771 2651 849 2691 illis
876 2652 1074 2692 invictum
1101 2653 1282 2693 animum
1307 2660 1499 2707 praestat.

148 2723 396 2762 quamquam
421 2710 548 2765 probe
576 2713 651 2752 scit
676 2728 756 2754 non
782 2714 823 2754 in
849 2714 992 2755 castris
1018 2714 1140 2755 modo
1173 2715 1276 2765 suis,
1316 2715 1389 2756 sed
1419 2716 1500 2771 iam

1533 994 1571 1021 10

1532 1118 1568 1146 11

1535 1801 1572 1829 13

1533 1985 1572 2013 14

1532 2295 1570 2324 15
