1815 3184
321 223 403 264 520
622 230 772 264 LIBER
797 229 926 272 XXX,
953 230 1005 262 35.
1025 230 1079 263 36.
1107 230 1337 274 [a.u.e.552]

319 334 471 390 proelio
497 333 616 374 modo
643 348 705 381 se,
732 332 804 372 sed
828 332 934 372 bello
960 332 1128 381 victum,
1154 346 1229 373 nec
1255 347 1370 387 spem
1395 333 1535 375 salutis
1555 334 1650 376 alibi

321 411 442 449 quam
465 395 507 434 in
529 408 630 448 pace
654 394 910 448 impetranda
934 408 1038 434 esse.

280 473 293 500 1
402 455 622 497 XXXVI.
678 454 816 509 Scipio
842 455 1057 496 confestim
1073 471 1106 496 -a
1129 455 1282 511 proelio
1309 456 1552 511 expugnatis
1577 455 1650 497 ho-

322 518 444 558 stium
468 517 610 558 castris
636 516 884 571 direptisque
915 531 1008 557 cum
1037 517 1193 571 ingenti
1216 518 1369 572 praeda
1393 518 1445 558 ad
1468 532 1579 559 mare
1604 531 1651 558 ac

278 594 295 622 2
321 594 447 620 naves
482 578 602 619 rediit
629 578 770 619 nuntio
802 578 956 627 adlato,
990 578 1041 619 P.
1071 579 1296 620 Lentulum
1326 593 1419 619 cum
1453 579 1651 632 quinqua-

319 642 432 696 ginta
455 640 658 689 rostratis,
685 648 848 680 centum
872 640 1085 690 onerariis,
1118 655 1210 681 cum
1234 641 1344 682 omni
1367 656 1517 696 genere
1541 655 1650 683 com-

276 718 294 747 3
319 712 477 743 meatus
514 703 567 742 ad
588 702 756 744 Uticam
792 702 1029 743 accessisse.
1089 703 1391 744 admovendum
1424 703 1548 757 igitur
1576 718 1650 743 un-

322 765 442 818 dique
467 772 662 805 terrorem
685 763 897 818 perculsae
924 762 1166 819 Carthagini
1189 772 1319 814 ratus,
1354 764 1481 806 misso
1505 764 1653 806 Laelio

318 827 495 868 Romam
525 840 617 866 cum
647 825 839 866 victoriae
869 825 1010 867 nuntio
1043 825 1264 867 Octavium
1299 826 1480 867 terrestri
1509 826 1652 867 itinere

320 889 466 929 ducere
490 888 672 942 legiones
689 886 984 942 Carthaginem
1006 888 1135 937 iubet3
1160 888 1248 942 ipse
1269 888 1321 928 ad
1340 903 1455 929 suam
1474 896 1653 929 veterem

317 965 426 991 nova
454 949 624 990 Lentuli
654 949 786 990 classe
817 949 1008 990 adiuncta
1034 950 1242 1004 profectus
1269 951 1319 990 ab
1343 950 1468 992 Utica
1490 958 1653 1004 portum

276 1026 294 1054 4
321 1011 583 1067 Carthaginis
618 1011 731 1066 petit.
792 1011 902 1052 haud
935 1011 1077 1066 procul
1114 1012 1270 1061 aberat,
1308 1026 1401 1052 cum
1430 1011 1564 1052 velata
1592 1011 1653 1051 in-

320 1074 414 1114 fulis
456 1074 661 1126 ramisque
703 1073 816 1114 oleae
859 1071 1262 1127 Carthaginiensium
1309 1074 1482 1114 occurrit
1522 1073 1651 1114 navis.

321 1136 462 1176 decem
486 1135 611 1189 legati
636 1142 767 1183 erant,
792 1134 996 1188 principes
1022 1134 1215 1183 civitatis,
1242 1143 1405 1176 auctore
1418 1135 1652 1175 Hannibale

277 1212 295 1240 5
320 1197 435 1238 missi
471 1197 524 1237 ad
557 1197 777 1251 petendam
811 1210 968 1250 pacem.
1027 1196 1095 1249 qui
1125 1210 1218 1236 cum
1253 1197 1304 1236 ad
1332 1196 1503 1251 puppim
1537 1211 1654 1250 prae—

321 1259 447 1300 toriae
476 1259 593 1299 navis
625 1258 897 1298 accessissent
926 1257 1155 1298 velamenta
1185 1258 1414 1312 supplicum
1443 1258 1653 1312 porrigen-

321 1329 401 1370 tes,
438 1327 599 1361 orantes
625 1320 970 1374 implorantesque
994 1320 1118 1360 fidem
1149 1334 1196 1359 ac
1219 1319 1538 1360 misericordiam
1563 1318 1652 1360 Sci-

278 1396 295 1425 6
320 1381 471 1437 pionis,
519 1381 676 1421 nullum
722 1380 770 1420 iis
819 1381 928 1420 aliud
973 1395 1217 1435 responsum
1264 1381 1403 1421 datum
1448 1395 1571 1433 quam
1610 1389 1654 1420 ut

321 1444 524 1497 Tynetem
549 1443 750 1483 venirent:
795 1457 842 1482 eo
869 1457 912 1482 se
936 1450 1141 1482 moturum
1166 1450 1310 1482 castra.
1370 1442 1458 1496 ipse
1483 1442 1535 1481 ad
1559 1456 1654 1482 con—

321 1505 600 1559 templandum
637 1503 900 1557 Carthaginis
938 1503 1086 1552 situm,
1134 1518 1216 1544 non
1258 1512 1342 1543 tam
1381 1503 1578 1544 noscendi
1613 1503 1654 1543 in

319 1567 552 1621 praesentia
593 1581 715 1618 quam
757 1565 1010 1619 deprimendi
1052 1564 1182 1606 hostis
1224 1578 1347 1605 causa
1386 1563 1654 1620 [provectus]‚

279 1644 293 1671 7
320 1629 505 1676 Uticam,
544 1628 688 1668 eodem
722 1635 759 1667 et
792 1626 968 1667 Octavio
1003 1634 1213 1675 revocato,
1249 1627 1380 1667 rediit.
1439 1627 1532 1667 inde
1562 1643 1656 1682 pro—

321 1690 558 1730 cedentibus
592 1689 643 1729 ad
667 1689 871 1742 Tynetem
900 1688 1067 1729 nuntius
1099 1688 1276 1738 adlatus,
1313 1688 1552 1731 Verminam
1577 1687 1657 1742 Sy-

320 1752 461 1806 phacis
508 1751 637 1791 filium
677 1765 770 1791 cum
812 1750 1015 1804 equitibus
1057 1750 1241 1805 pluribus
1283 1765 1406 1803 quam
1452 1751 1655 1805 peditibus

277 1826 295 1855 8
322 1814 457 1854 venire
502 1812 912 1868 Carthaginiensibus
956 1813 1118 1854 auxilio.
1188 1828 1283 1867 pars
1326 1813 1527 1854 exercitus
1564 1827 1658 1853 cum

321 1876 431 1917 omni
466 1875 648 1928 equitatu
680 1874 965 1915 Saturnalibus
995 1874 1136 1929 primis
1169 1890 1316 1929 agmen
1352 1875 1550 1929 adgressa
1572 1876 1657 1916 Nu-

320 1938 522 1978 midarum
546 1937 627 1978 levi
652 1937 871 1977 certamine
897 1937 1013 1977 fudit.
1063 1937 1175 1977 exitu
1199 1951 1360 1990 quoque
1385 1937 1508 1991 fugae
1532 1937 1656 1977 inter-

321 2000 434 2040 cluso
469 2008 583 2054 parte
615 1999 724 2040 omni
761 1999 1020 2040 circumdatis
1052 1999 1255 2052 equitibus
1287 1998 1517 2052 quindecim
1546 1999 1657 2039 milia

321 2061 532 2101 hominum
557 2075 695 2110 caesa,
732 2060 841 2101 mille
873 2068 911 2100 et
938 2060 1101 2100 ducenti
1131 2060 1214 2100 vivi
1243 2060 1351 2114 capti
1382 2067 1476 2099 sunt
1500 2067 1540 2100 et
1563 2059 1657 2111 equi

320 2123 523 2163 Numidici
548 2123 657 2163 mille
688 2130 728 2163 et
758 2122 990 2176 quingenti,
1029 2122 1148 2176 signa
1176 2121 1365 2162 militaria
1396 2121 1475 2162 duo
1501 2128 1541 2161 et
1566 2135 1658 2175 sep-

321 2185 517 2240 tuaginta.
586 2185 752 2239 regulus
788 2185 893 2225 inter
928 2184 1146 2224 tumultum
1188 2198 1281 2223 cum
1320 2183 1462 2239 paucis
1499 2183 1656 2236 effugit.

279 2260 295 2288 9
321 2254 407 2287 tum
432 2247 485 2287 ad
508 2247 544 2286 T
547 2254 712 2300 ynetem
737 2247 882 2287 eodem
907 2261 986 2299 quo
1012 2253 1104 2286 ante
1135 2245 1225 2287 loco
1250 2254 1384 2286 castra
1412 2244 1564 2300 posita,
1600 2244 1658 2284 le-

321 2309 485 2363 gatique
517 2308 683 2363 triginta
714 2307 965 2362 Carthagine
997 2308 1048 2348 ad
1080 2307 1315 2362 Scipionem
1347 2314 1558 2348 venerunt.
1618 2313 1659 2345 et

321 2371 378 2411 illi
409 2371 573 2424 quidem
603 2371 730 2412 multo
759 2370 1032 2411 miserabilius
1065 2384 1188 2423 quam
1223 2377 1362 2418 antea,
1411 2383 1489 2422 quo
1525 2367 1656 2422 magis

322 2433 493 2487 cogebat
513 2433 694 2481 fortuna,
721 2440 904 2487 egerunt,
931 2431 1004 2473 sed
1024 2432 1231 2484 aliquanto
1250 2431 1406 2472 minore
1427 2444 1519 2470 cum
1537 2429 1660 2470 mise-

261 2506 298 2534 10
321 2494 494 2535 ricordia
519 2495 569 2535 ab
593 2495 747 2536 recenti
771 2494 966 2535 memoria
989 2493 1184 2548 perfidiae
1209 2493 1335 2534 auditi
1355 2499 1460 2533 sunt.
1497 2491 1539 2532 in
1564 2506 1660 2532 con-

324 2555 411 2596 silio
437 2570 683 2609 quamquam
713 2556 820 2596 iusta
849 2556 909 2596 ira
939 2555 1070 2596 omnis
1102 2555 1155 2596 ad
1179 2554 1395 2596 delendam
1425 2553 1659 2594 stimulabat

325 2615 640 2671 Carthaginem,
690 2624 827 2658 tamen
862 2631 955 2657 cum
991 2624 1032 2657 et
1067 2624 1219 2670 quanta
1252 2631 1319 2657 res
1356 2622 1489 2664 esset,
1536 2628 1658 2668 quam

324 2677 435 2731 longi
459 2678 652 2732 temporis
678 2678 836 2720 obsidio
868 2687 951 2719 tam
980 2678 1159 2719 munitae
1190 2685 1230 2719 et
1254 2685 1337 2718 tam
1362 2676 1520 2717 validae
1545 2674 1656 2715 urbis
