<?xml version="1.0" encoding="UTF-8"?>
<!DOCTYPE html PUBLIC "-//W3C//DTD XHTML 1.0 Transitional//EN"
    "http://www.w3.org/TR/xhtml1/DTD/xhtml1-transitional.dtd">
<html xmlns="http://www.w3.org/1999/xhtml" xml:lang="en" lang="en">
 <head>
  <title>
</title>
<meta http-equiv="Content-Type" content="text/html;charset=utf-8" />
  <meta name='ocr-system' content='tesseract 3.04.00' />
  <meta name='ocr-capabilities' content='ocr_page ocr_carea ocr_par ocr_line ocrx_word'/>
</head>
<body>
  <div class='ocr_page' id='page_1' title='image "./aburbeconditalib02livyuoft_0305.png"; bbox 0 0 1815 3184; ppageno 0'>
   <div class='ocr_carea' id='block_1_1' title="bbox 490 232 1524 286">
    <p class='ocr_par' dir='ltr' id='par_1_1' title="bbox 490 232 1524 286">
     <span class='ocr_line' id='line_1_1' title="bbox 490 232 1524 286; baseline -0.004 -10"><span class='ocrx_word' id='word_1_1' title='bbox 490 242 643 276; x_wconf 82' lang='lat' dir='ltr'>LIBER</span> <span class='ocrx_word' id='word_1_2' title='bbox 665 242 837 286; x_wconf 79' lang='lat' dir='ltr'>xxnn,</span> <span class='ocrx_word' id='word_1_3' title='bbox 864 242 918 276; x_wconf 81' lang='lat'>37.</span> <span class='ocrx_word' id='word_1_4' title='bbox 938 242 992 276; x_wconf 79' lang='lat'>38.</span> <span class='ocrx_word' id='word_1_5' title='bbox 1021 244 1069 285; x_wconf 72' lang='lat' dir='ltr'>[a.</span> <span class='ocrx_word' id='word_1_6' title='bbox 1085 241 1124 276; x_wconf 86' lang='grc'>0.</span> <span class='ocrx_word' id='word_1_7' title='bbox 1139 241 1220 285; x_wconf 81' lang='lat'>214]</span> <span class='ocrx_word' id='word_1_8' title='bbox 1444 232 1524 273; x_wconf 77' lang='grc'>201</span> 
     </span>
    </p>
   </div>
   <div class='ocr_carea' id='block_1_2' title="bbox 168 343 1530 1076">
    <p class='ocr_par' dir='ltr' id='par_1_2' title="bbox 168 343 1530 1076">
     <span class='ocr_line' id='line_1_2' title="bbox 254 343 1527 388; baseline -0.002 -1"><span class='ocrx_word' id='word_1_9' title='bbox 254 345 501 388; x_wconf 84' lang='lat' dir='ltr'>XXXVII.</span> <span class='ocrx_word' id='word_1_10' title='bbox 561 345 633 386; x_wconf 83' lang='lat' dir='ltr'>Ad</span> <span class='ocrx_word' id='word_1_11' title='bbox 657 345 762 386; x_wconf 89' lang='lat' dir='ltr'>hanc</span> <span class='ocrx_word' id='word_1_12' title='bbox 793 345 1065 386; x_wconf 87' lang='lat' dir='ltr'>defectionem</span> <span class='ocrx_word' id='word_1_13' title='bbox 1097 344 1219 385; x_wconf 87' lang='lat' dir='ltr'>erecti</span> <span class='ocrx_word' id='word_1_14' title='bbox 1246 350 1340 385; x_wconf 89' lang='lat' dir='ltr'>sunt</span> <span class='ocrx_word' id='word_1_15' title='bbox 1365 350 1405 385; x_wconf 91' lang='lat' dir='ltr'>et</span> <span class='ocrx_word' id='word_1_16' title='bbox 1429 343 1527 384; x_wconf 86' lang='lat' dir='ltr'>alia-</span> 
     </span>
     <span class='ocr_line' id='line_1_3' title="bbox 170 405 1529 461; baseline -0.003 -12"><span class='ocrx_word' id='word_1_17' title='bbox 170 424 261 449; x_wconf 88' lang='lat' dir='ltr'>rum</span> <span class='ocrx_word' id='word_1_18' title='bbox 287 408 512 449; x_wconf 84' lang='lat' dir='ltr'>civitatium</span> <span class='ocrx_word' id='word_1_19' title='bbox 537 407 681 456; x_wconf 80' lang='lat' dir='ltr'>animi,</span> <span class='ocrx_word' id='word_1_20' title='bbox 707 407 993 461; x_wconf 88' lang='lat' dir='ltr'>praesidiaque</span> <span class='ocrx_word' id='word_1_21' title='bbox 1012 407 1202 447; x_wconf 84' lang='lat' dir='ltr'>Romana</span> <span class='ocrx_word' id='word_1_22' title='bbox 1226 413 1296 446; x_wconf 84' lang='lat' dir='ltr'>aut</span> <span class='ocrx_word' id='word_1_23' title='bbox 1319 405 1529 460; x_wconf 89' lang='lat' dir='ltr'>pelleban-</span> 
     </span>
     <span class='ocr_line' id='line_1_4' title="bbox 171 467 1526 522; baseline -0.002 -12"><span class='ocrx_word' id='word_1_24' title='bbox 171 479 236 511; x_wconf 84' lang='lat' dir='ltr'>tur</span> <span class='ocrx_word' id='word_1_25' title='bbox 282 469 444 510; x_wconf 80' lang='lat' dir='ltr'>arcibus</span> <span class='ocrx_word' id='word_1_26' title='bbox 493 475 562 509; x_wconf 89' lang='lat' dir='ltr'>aut</span> <span class='ocrx_word' id='word_1_27' title='bbox 609 469 771 522; x_wconf 84' lang='lat' dir='ltr'>prodita</span> <span class='ocrx_word' id='word_1_28' title='bbox 818 483 890 522; x_wconf 90' lang='lat' dir='ltr'>per</span> <span class='ocrx_word' id='word_1_29' title='bbox 937 468 1124 508; x_wconf 83' lang='lat' dir='ltr'>fraudem</span> <span class='ocrx_word' id='word_1_30' title='bbox 1181 467 1526 522; x_wconf 70' lang='lat' dir='ltr'>opprimebantur.</span> 
     </span>
     <span class='ocr_line' id='line_1_5' title="bbox 170 528 1527 584; baseline -0.002 -13"><span class='ocrx_word' id='word_1_31' title='bbox 170 531 340 580; x_wconf 89' lang='lat' dir='ltr'>Henna,</span> <span class='ocrx_word' id='word_1_32' title='bbox 367 530 531 571; x_wconf 77' lang='lat' dir='ltr'>excelso</span> <span class='ocrx_word' id='word_1_33' title='bbox 555 530 645 570; x_wconf 91' lang='lat' dir='ltr'>loco</span> <span class='ocrx_word' id='word_1_34' title='bbox 671 544 719 570; x_wconf 89' lang='lat' dir='ltr'>ac</span> <span class='ocrx_word' id='word_1_35' title='bbox 743 536 961 584; x_wconf 87' lang='lat' dir='ltr'>praerupto</span> <span class='ocrx_word' id='word_1_36' title='bbox 988 530 1166 582; x_wconf 88' lang='lat' dir='ltr'>undique</span> <span class='ocrx_word' id='word_1_37' title='bbox 1193 530 1287 577; x_wconf 86' lang='lat' dir='ltr'>sita,</span> <span class='ocrx_word' id='word_1_38' title='bbox 1320 544 1414 569; x_wconf 82' lang='lat' dir='ltr'>cum</span> <span class='ocrx_word' id='word_1_39' title='bbox 1438 528 1527 569; x_wconf 88' lang='lat' dir='ltr'>loco</span> 
     </span>
     <span class='ocr_line' id='line_1_6' title="bbox 169 591 1530 647; baseline -0.002 -14"><span class='ocrx_word' id='word_1_40' title='bbox 169 592 499 647; x_wconf 77' lang='lat' dir='ltr'>inexpugnabilis</span> <span class='ocrx_word' id='word_1_41' title='bbox 527 598 629 640; x_wconf 88' lang='lat' dir='ltr'>erat,</span> <span class='ocrx_word' id='word_1_42' title='bbox 657 598 744 631; x_wconf 86' lang='lat' dir='ltr'>tum</span> <span class='ocrx_word' id='word_1_43' title='bbox 769 591 1019 645; x_wconf 81' lang='lat' dir='ltr'>praesidium</span> <span class='ocrx_word' id='word_1_44' title='bbox 1044 591 1085 631; x_wconf 91' lang='lat' dir='ltr'>in</span> <span class='ocrx_word' id='word_1_45' title='bbox 1104 606 1195 631; x_wconf 86' lang='lat' dir='ltr'>arce</span> <span class='ocrx_word' id='word_1_46' title='bbox 1214 591 1395 630; x_wconf 85' lang='lat' dir='ltr'>validum</span> <span class='ocrx_word' id='word_1_47' title='bbox 1413 604 1530 644; x_wconf 88' lang='lat' dir='ltr'>prae-</span> 
     </span>
     <span class='ocr_line' id='line_1_7' title="bbox 170 651 1527 707; baseline -0.002 -13"><span class='ocrx_word' id='word_1_48' title='bbox 170 654 407 706; x_wconf 86' lang='lat' dir='ltr'>fectumque</span> <span class='ocrx_word' id='word_1_49' title='bbox 443 652 621 707; x_wconf 78' lang='lat' dir='ltr'>praesidi</span> <span class='ocrx_word' id='word_1_50' title='bbox 658 652 758 693; x_wconf 87' lang='lat' dir='ltr'>haut</span> <span class='ocrx_word' id='word_1_51' title='bbox 795 667 893 693; x_wconf 87' lang='lat' dir='ltr'>sane</span> <span class='ocrx_word' id='word_1_52' title='bbox 929 659 1204 706; x_wconf 84' lang='lat' dir='ltr'>opportunum</span> <span class='ocrx_word' id='word_1_53' title='bbox 1239 651 1527 692; x_wconf 78' lang='lat' dir='ltr'>insidiantibus</span> 
     </span>
     <span class='ocr_line' id='line_1_8' title="bbox 169 713 1526 767; baseline -0.001 -12"><span class='ocrx_word' id='word_1_54' title='bbox 169 715 359 756; x_wconf 88' lang='lat' dir='ltr'>habebat.</span> <span class='ocrx_word' id='word_1_55' title='bbox 409 715 462 755; x_wconf 85' lang='lat' dir='ltr'>L.</span> <span class='ocrx_word' id='word_1_56' title='bbox 489 714 681 755; x_wconf 83' lang='lat' dir='ltr'>Pinarius</span> <span class='ocrx_word' id='word_1_57' title='bbox 708 721 812 763; x_wconf 89' lang='grc'>0101,</span> <span class='ocrx_word' id='word_1_58' title='bbox 840 714 902 754; x_wconf 78' lang='lat' dir='ltr'>vir</span> <span class='ocrx_word' id='word_1_59' title='bbox 927 729 1020 754; x_wconf 84' lang='lat' dir='ltr'>acer</span> <span class='ocrx_word' id='word_1_60' title='bbox 1045 720 1084 754; x_wconf 88' lang='lat' dir='ltr'>et</span> <span class='ocrx_word' id='word_1_61' title='bbox 1109 714 1179 766; x_wconf 88' lang='lat' dir='ltr'>qui</span> <span class='ocrx_word' id='word_1_62' title='bbox 1203 713 1295 767; x_wconf 90' lang='lat' dir='ltr'>plus</span> <span class='ocrx_word' id='word_1_63' title='bbox 1321 714 1363 753; x_wconf 91' lang='lat' dir='ltr'>in</span> <span class='ocrx_word' id='word_1_64' title='bbox 1388 728 1449 762; x_wconf 91' lang='grc'>00,</span> <span class='ocrx_word' id='word_1_65' title='bbox 1475 727 1526 753; x_wconf 97' lang='grc'>110</span> 
     </span>
     <span class='ocr_line' id='line_1_9' title="bbox 169 775 1529 831; baseline -0.001 -14"><span class='ocrx_word' id='word_1_66' title='bbox 169 784 308 831; x_wconf 89' lang='lat' dir='ltr'>posset</span> <span class='ocrx_word' id='word_1_67' title='bbox 333 777 484 831; x_wconf 81' lang='lat' dir='ltr'>decipi,</span> <span class='ocrx_word' id='word_1_68' title='bbox 512 791 635 829; x_wconf 88' lang='lat' dir='ltr'>quam</span> <span class='ocrx_word' id='word_1_69' title='bbox 662 776 704 816; x_wconf 90' lang='lat' dir='ltr'>in</span> <span class='ocrx_word' id='word_1_70' title='bbox 729 776 809 816; x_wconf 91' lang='lat' dir='ltr'>fide</span> <span class='ocrx_word' id='word_1_71' title='bbox 838 775 1072 816; x_wconf 83' lang='lat' dir='ltr'>Siculorum</span> <span class='ocrx_word' id='word_1_72' title='bbox 1096 782 1323 829; x_wconf 73' lang='lat' dir='ltr'>reponeret.</span> <span class='ocrx_word' id='word_1_73' title='bbox 1379 782 1418 815; x_wconf 89' lang='lat' dir='ltr'>et</span> <span class='ocrx_word' id='word_1_74' title='bbox 1442 782 1529 815; x_wconf 86' lang='lat' dir='ltr'>tum</span> 
     </span>
     <span class='ocr_line' id='line_1_10' title="bbox 168 836 1530 890; baseline -0.001 -12"><span class='ocrx_word' id='word_1_75' title='bbox 168 839 426 878; x_wconf 78' lang='lat' dir='ltr'>intenderant</span> <span class='ocrx_word' id='word_1_76' title='bbox 451 853 545 878; x_wconf 91' lang='lat' dir='ltr'>eum</span> <span class='ocrx_word' id='word_1_77' title='bbox 571 838 623 878; x_wconf 89' lang='lat' dir='ltr'>ad</span> <span class='ocrx_word' id='word_1_78' title='bbox 648 838 822 878; x_wconf 87' lang='lat' dir='ltr'>cavendi</span> <span class='ocrx_word' id='word_1_79' title='bbox 848 838 985 878; x_wconf 85' lang='lat' dir='ltr'>onmia</span> <span class='ocrx_word' id='word_1_80' title='bbox 1010 837 1150 877; x_wconf 79' lang='lat' dir='ltr'>curam</span> <span class='ocrx_word' id='word_1_81' title='bbox 1176 843 1233 877; x_wconf 92' lang='lat' dir='ltr'>tot</span> <span class='ocrx_word' id='word_1_82' title='bbox 1254 836 1416 877; x_wconf 78' lang='lat' dir='ltr'>auditae</span> <span class='ocrx_word' id='word_1_83' title='bbox 1436 851 1530 890; x_wconf 89' lang='lat' dir='ltr'>pro-</span> 
     </span>
     <span class='ocr_line' id='line_1_11' title="bbox 169 899 1527 952; baseline -0.001 -13"><span class='ocrx_word' id='word_1_84' title='bbox 169 901 344 940; x_wconf 82' lang='lat' dir='ltr'>ditiones</span> <span class='ocrx_word' id='word_1_85' title='bbox 381 899 716 951; x_wconf 76' lang='lat' dir='ltr'>defectionesque</span> <span class='ocrx_word' id='word_1_86' title='bbox 758 899 921 939; x_wconf 88' lang='lat' dir='ltr'>urbium</span> <span class='ocrx_word' id='word_1_87' title='bbox 958 905 997 939; x_wconf 92' lang='lat' dir='ltr'>et</span> <span class='ocrx_word' id='word_1_88' title='bbox 1039 899 1175 938; x_wconf 88' lang='lat' dir='ltr'>clades</span> <span class='ocrx_word' id='word_1_89' title='bbox 1216 899 1527 952; x_wconf 88' lang='lat' dir='ltr'>praesidiorum.</span> 
     </span>
     <span class='ocr_line' id='line_1_12' title="bbox 168 959 1529 1016; baseline -0.002 -14"><span class='ocrx_word' id='word_1_90' title='bbox 168 962 305 1014; x_wconf 85' lang='lat' dir='ltr'>itaque</span> <span class='ocrx_word' id='word_1_91' title='bbox 333 960 417 1016; x_wconf 85' lang='lat' dir='ltr'>[die</span> <span class='ocrx_word' id='word_1_92' title='bbox 443 959 509 1014; x_wconf 89' lang='lat' dir='ltr'>ac]</span> <span class='ocrx_word' id='word_1_93' title='bbox 537 967 655 1001; x_wconf 88' lang='lat' dir='ltr'>nocte</span> <span class='ocrx_word' id='word_1_94' title='bbox 680 960 794 1000; x_wconf 81' lang='lat' dir='ltr'>iuxta</span> <span class='ocrx_word' id='word_1_95' title='bbox 820 967 962 1013; x_wconf 89' lang='lat' dir='ltr'>parata</span> <span class='ocrx_word' id='word_1_96' title='bbox 986 960 1266 1012; x_wconf 87' lang='lat' dir='ltr'>instructaque</span> <span class='ocrx_word' id='word_1_97' title='bbox 1298 960 1434 1000; x_wconf 90' lang='lat' dir='ltr'>omnia</span> <span class='ocrx_word' id='word_1_98' title='bbox 1460 975 1529 1000; x_wconf 91' lang='lat' dir='ltr'>cu-</span> 
     </span>
     <span class='ocr_line' id='line_1_13' title="bbox 169 1021 1528 1076; baseline -0.002 -13"><span class='ocrx_word' id='word_1_99' title='bbox 169 1023 311 1063; x_wconf 87' lang='lat' dir='ltr'>stodiis</span> <span class='ocrx_word' id='word_1_100' title='bbox 339 1038 385 1063; x_wconf 86' lang='lat' dir='ltr'>ae</span> <span class='ocrx_word' id='word_1_101' title='bbox 411 1022 561 1076; x_wconf 79' lang='lat' dir='ltr'>vigiliis</span> <span class='ocrx_word' id='word_1_102' title='bbox 588 1027 720 1069; x_wconf 83' lang='lat' dir='ltr'>erant,</span> <span class='ocrx_word' id='word_1_103' title='bbox 759 1036 834 1061; x_wconf 89' lang='lat' dir='ltr'>nec</span> <span class='ocrx_word' id='word_1_104' title='bbox 867 1021 918 1061; x_wconf 87' lang='lat' dir='ltr'>ab</span> <span class='ocrx_word' id='word_1_105' title='bbox 950 1021 1073 1061; x_wconf 87' lang='lat' dir='ltr'>armis</span> <span class='ocrx_word' id='word_1_106' title='bbox 1100 1027 1169 1061; x_wconf 88' lang='lat' dir='ltr'>aut</span> <span class='ocrx_word' id='word_1_107' title='bbox 1193 1021 1283 1061; x_wconf 85' lang='lat' dir='ltr'>loeo</span> <span class='ocrx_word' id='word_1_108' title='bbox 1310 1036 1384 1061; x_wconf 91' lang='lat' dir='ltr'>suo</span> <span class='ocrx_word' id='word_1_109' title='bbox 1410 1021 1528 1061; x_wconf 88' lang='lat' dir='ltr'>miles</span> 
     </span>
    </p>
   </div>
   <div class='ocr_carea' id='block_1_3' title="bbox 168 1081 1560 1135">
    <p class='ocr_par' dir='ltr' id='par_1_3' title="bbox 168 1081 1560 1135">
     <span class='ocr_line' id='line_1_14' title="bbox 168 1081 1560 1135; baseline -0.002 -11"><span class='ocrx_word' id='word_1_110' title='bbox 168 1084 428 1124; x_wconf 89' lang='lat' dir='ltr'>abscedebat.</span> <span class='ocrx_word' id='word_1_111' title='bbox 489 1083 600 1135; x_wconf 91' lang='lat' dir='ltr'>quod</span> <span class='ocrx_word' id='word_1_112' title='bbox 637 1082 707 1122; x_wconf 91' lang='lat' dir='ltr'>ubi</span> <span class='ocrx_word' id='word_1_113' title='bbox 732 1081 1023 1122; x_wconf 85' lang='lat' dir='ltr'>Hennensium</span> <span class='ocrx_word' id='word_1_114' title='bbox 1059 1082 1265 1135; x_wconf 83' lang='lat' dir='ltr'>principes</span> <span class='ocrx_word' id='word_1_115' title='bbox 1302 1082 1384 1122; x_wconf 89' lang='lat' dir='ltr'>iam</span> <span class='ocrx_word' id='word_1_116' title='bbox 1420 1083 1560 1135; x_wconf 89' lang='lat' dir='ltr'>pacti.</span> 
     </span>
    </p>
   </div>
   <div class='ocr_carea' id='block_1_4' title="bbox 165 1143 1530 2679">
    <p class='ocr_par' dir='ltr' id='par_1_4' title="bbox 166 1143 1530 2479">
     <span class='ocr_line' id='line_1_15' title="bbox 167 1143 1527 1197; baseline -0.001 -13"><span class='ocrx_word' id='word_1_117' title='bbox 167 1160 261 1185; x_wconf 90' lang='lat' dir='ltr'>cum</span> <span class='ocrx_word' id='word_1_118' title='bbox 295 1144 532 1184; x_wconf 84' lang='lat' dir='ltr'>Himilcone</span> <span class='ocrx_word' id='word_1_119' title='bbox 569 1144 619 1183; x_wconf 90' lang='lat' dir='ltr'>de</span> <span class='ocrx_word' id='word_1_120' title='bbox 656 1143 884 1197; x_wconf 86' lang='lat' dir='ltr'>proditione</span> <span class='ocrx_word' id='word_1_121' title='bbox 920 1143 1099 1197; x_wconf 84' lang='lat' dir='ltr'>praesidi</span> <span class='ocrx_word' id='word_1_122' title='bbox 1141 1143 1527 1192; x_wconf 68' lang='lat' dir='ltr'>animadverterunt,</span> 
     </span>
     <span class='ocr_line' id='line_1_16' title="bbox 166 1204 1530 1259; baseline -0.001 -13"><span class='ocrx_word' id='word_1_123' title='bbox 166 1206 267 1246; x_wconf 90' lang='lat' dir='ltr'>nulli</span> <span class='ocrx_word' id='word_1_124' title='bbox 291 1205 497 1246; x_wconf 88' lang='lat' dir='ltr'>occasioni</span> <span class='ocrx_word' id='word_1_125' title='bbox 522 1204 678 1245; x_wconf 85' lang='lat' dir='ltr'>fraudis</span> <span class='ocrx_word' id='word_1_126' title='bbox 699 1204 933 1245; x_wconf 84' lang='lat' dir='ltr'>Romanum</span> <span class='ocrx_word' id='word_1_127' title='bbox 959 1211 1115 1259; x_wconf 87' lang='lat' dir='ltr'>patere,</span> <span class='ocrx_word' id='word_1_128' title='bbox 1142 1204 1278 1258; x_wconf 89' lang='lat' dir='ltr'>palam</span> <span class='ocrx_word' id='word_1_129' title='bbox 1303 1204 1379 1244; x_wconf 90' lang='lat' dir='ltr'>rati</span> <span class='ocrx_word' id='word_1_130' title='bbox 1404 1219 1530 1259; x_wconf 81' lang='lat' dir='ltr'>agen-</span> 
     </span>
     <span class='ocr_line' id='line_1_17' title="bbox 166 1266 1526 1321; baseline 0.001 -14"><span class='ocrx_word' id='word_1_131' title='bbox 166 1267 276 1307; x_wconf 88' lang='lat' dir='ltr'>dum.</span> <span class='ocrx_word' id='word_1_132' title='bbox 330 1266 473 1307; x_wconf 90' lang='lat' dir='ltr'>urbem</span> <span class='ocrx_word' id='word_1_133' title='bbox 499 1281 717 1320; x_wconf 86' lang='lat' dir='ltr'>arcemque</span> <span class='ocrx_word' id='word_1_134' title='bbox 744 1281 842 1307; x_wconf 87' lang='lat' dir='ltr'>suae</span> <span class='ocrx_word' id='word_1_135' title='bbox 867 1267 1082 1321; x_wconf 84' lang='lat' dir='ltr'>potestatis</span> <span class='ocrx_word' id='word_1_136' title='bbox 1110 1267 1222 1306; x_wconf 88' lang='lat' dir='ltr'>aiunt</span> <span class='ocrx_word' id='word_1_137' title='bbox 1247 1266 1396 1307; x_wconf 89' lang='lat' dir='ltr'>debere</span> <span class='ocrx_word' id='word_1_138' title='bbox 1422 1281 1526 1315; x_wconf 86' lang='lat' dir='ltr'>esse,</span> 
     </span>
     <span class='ocr_line' id='line_1_18' title="bbox 167 1328 1530 1377; baseline -0.001 -7"><span class='ocrx_word' id='word_1_139' title='bbox 167 1329 202 1370; x_wconf 86' lang='lat' dir='ltr'>si</span> <span class='ocrx_word' id='word_1_140' title='bbox 236 1328 353 1370; x_wconf 91' lang='lat' dir='ltr'>liberi</span> <span class='ocrx_word' id='word_1_141' title='bbox 388 1329 430 1368; x_wconf 93' lang='lat' dir='ltr'>in</span> <span class='ocrx_word' id='word_1_142' title='bbox 467 1328 724 1377; x_wconf 85' lang='lat' dir='ltr'>societatem,</span> <span class='ocrx_word' id='word_1_143' title='bbox 774 1343 857 1369; x_wconf 90' lang='lat' dir='ltr'>non</span> <span class='ocrx_word' id='word_1_144' title='bbox 899 1329 1007 1369; x_wconf 81' lang='lat' dir='ltr'>servi</span> <span class='ocrx_word' id='word_1_145' title='bbox 1043 1328 1085 1368; x_wconf 89' lang='lat' dir='ltr'>in</span> <span class='ocrx_word' id='word_1_146' title='bbox 1127 1329 1356 1369; x_wconf 88' lang='lat' dir='ltr'>custodiam</span> <span class='ocrx_word' id='word_1_147' title='bbox 1392 1328 1530 1368; x_wconf 89' lang='lat' dir='ltr'>traditi</span> 
     </span>
     <span class='ocr_line' id='line_1_19' title="bbox 167 1389 1530 1444; baseline -0.001 -12"><span class='ocrx_word' id='word_1_148' title='bbox 167 1397 304 1432; x_wconf 88' lang='lat' dir='ltr'>essent</span> <span class='ocrx_word' id='word_1_149' title='bbox 333 1390 546 1431; x_wconf 84' lang='lat' dir='ltr'>Romanis.</span> <span class='ocrx_word' id='word_1_150' title='bbox 606 1390 744 1443; x_wconf 88' lang='lat' dir='ltr'>itaque</span> <span class='ocrx_word' id='word_1_151' title='bbox 781 1390 918 1431; x_wconf 84' lang='lat' dir='ltr'>claves</span> <span class='ocrx_word' id='word_1_152' title='bbox 955 1396 1165 1444; x_wconf 86' lang='lat' dir='ltr'>portarum</span> <span class='ocrx_word' id='word_1_153' title='bbox 1196 1390 1312 1430; x_wconf 88' lang='lat' dir='ltr'>reddi</span> <span class='ocrx_word' id='word_1_154' title='bbox 1350 1389 1427 1430; x_wconf 90' lang='lat' dir='ltr'>sibi</span> <span class='ocrx_word' id='word_1_155' title='bbox 1462 1404 1530 1430; x_wconf 90' lang='grc'>00-</span> 
     </span>
     <span class='ocr_line' id='line_1_20' title="bbox 166 1450 1529 1505; baseline 0 -13"><span class='ocrx_word' id='word_1_156' title='bbox 166 1467 294 1505; x_wconf 88' lang='lat' dir='ltr'>quum</span> <span class='ocrx_word' id='word_1_157' title='bbox 330 1458 516 1491; x_wconf 86' lang='lat' dir='ltr'>censent:</span> <span class='ocrx_word' id='word_1_158' title='bbox 553 1450 673 1492; x_wconf 91' lang='lat' dir='ltr'>bonis</span> <span class='ocrx_word' id='word_1_159' title='bbox 711 1452 831 1492; x_wconf 89' lang='lat' dir='ltr'>sociis</span> <span class='ocrx_word' id='word_1_160' title='bbox 868 1452 993 1493; x_wconf 88' lang='lat' dir='ltr'>fidem</span> <span class='ocrx_word' id='word_1_161' title='bbox 1030 1467 1147 1492; x_wconf 89' lang='lat' dir='ltr'>suam</span> <span class='ocrx_word' id='word_1_162' title='bbox 1178 1452 1404 1492; x_wconf 84' lang='lat' dir='ltr'>maximum</span> <span class='ocrx_word' id='word_1_163' title='bbox 1440 1452 1529 1492; x_wconf 74' lang='lat' dir='ltr'>vin-</span> 
     </span>
     <span class='ocr_line' id='line_1_21' title="bbox 168 1513 1528 1567; baseline 0.001 -14"><span class='ocrx_word' id='word_1_164' title='bbox 168 1514 304 1554; x_wconf 88' lang='lat' dir='ltr'>culum</span> <span class='ocrx_word' id='word_1_165' title='bbox 335 1527 445 1562; x_wconf 91' lang='lat' dir='ltr'>esse,</span> <span class='ocrx_word' id='word_1_166' title='bbox 490 1520 529 1553; x_wconf 90' lang='lat' dir='ltr'>et</span> <span class='ocrx_word' id='word_1_167' title='bbox 559 1513 615 1554; x_wconf 86' lang='lat' dir='ltr'>ita</span> <span class='ocrx_word' id='word_1_168' title='bbox 646 1513 724 1554; x_wconf 91' lang='lat' dir='ltr'>sibi</span> <span class='ocrx_word' id='word_1_169' title='bbox 754 1514 952 1567; x_wconf 86' lang='lat' dir='ltr'>populum</span> <span class='ocrx_word' id='word_1_170' title='bbox 983 1514 1220 1555; x_wconf 84' lang='lat' dir='ltr'>Romanum</span> <span class='ocrx_word' id='word_1_171' title='bbox 1257 1521 1528 1567; x_wconf 85' lang='lat' dir='ltr'>senatumque</span> 
     </span>
     <span class='ocr_line' id='line_1_22' title="bbox 166 1574 1529 1629; baseline 0.001 -15"><span class='ocrx_word' id='word_1_172' title='bbox 166 1575 319 1629; x_wconf 74' lang='lat' dir='ltr'>gratias</span> <span class='ocrx_word' id='word_1_173' title='bbox 350 1574 604 1623; x_wconf 89' lang='lat' dir='ltr'>habiturum,</span> <span class='ocrx_word' id='word_1_174' title='bbox 643 1575 678 1615; x_wconf 93' lang='lat' dir='ltr'>si</span> <span class='ocrx_word' id='word_1_175' title='bbox 714 1575 895 1616; x_wconf 78' lang='lat' dir='ltr'>volentes</span> <span class='ocrx_word' id='word_1_176' title='bbox 927 1590 974 1616; x_wconf 90' lang='lat' dir='ltr'>ac</span> <span class='ocrx_word' id='word_1_177' title='bbox 1005 1591 1088 1616; x_wconf 89' lang='lat' dir='ltr'>non</span> <span class='ocrx_word' id='word_1_178' title='bbox 1119 1576 1249 1616; x_wconf 89' lang='lat' dir='ltr'>eoacti</span> <span class='ocrx_word' id='word_1_179' title='bbox 1280 1576 1529 1616; x_wconf 85' lang='lat' dir='ltr'>mansissent</span> 
     </span>
     <span class='ocr_line' id='line_1_23' title="bbox 167 1635 1527 1690; baseline 0.001 -15"><span class='ocrx_word' id='word_1_180' title='bbox 167 1637 209 1676; x_wconf 90' lang='lat' dir='ltr'>in</span> <span class='ocrx_word' id='word_1_181' title='bbox 244 1635 434 1676; x_wconf 83' lang='lat' dir='ltr'>amicitia.</span> <span class='ocrx_word' id='word_1_182' title='bbox 494 1636 547 1676; x_wconf 90' lang='lat' dir='ltr'>ad</span> <span class='ocrx_word' id='word_1_183' title='bbox 582 1650 630 1676; x_wconf 86' lang='lat' dir='ltr'>ea</span> <span class='ocrx_word' id='word_1_184' title='bbox 660 1637 874 1677; x_wconf 84' lang='lat' dir='ltr'>Romanus</span> <span class='ocrx_word' id='word_1_185' title='bbox 908 1651 951 1677; x_wconf 90' lang='lat' dir='ltr'>se</span> <span class='ocrx_word' id='word_1_186' title='bbox 982 1637 1024 1676; x_wconf 91' lang='lat' dir='ltr'>in</span> <span class='ocrx_word' id='word_1_187' title='bbox 1055 1637 1259 1690; x_wconf 88' lang='lat' dir='ltr'>praesidio</span> <span class='ocrx_word' id='word_1_188' title='bbox 1289 1637 1527 1690; x_wconf 89' lang='lat' dir='ltr'>impositum</span> 
     </span>
     <span class='ocr_line' id='line_1_24' title="bbox 168 1697 1529 1751; baseline 0.001 -14"><span class='ocrx_word' id='word_1_189' title='bbox 168 1712 258 1738; x_wconf 86' lang='lat' dir='ltr'>esse</span> <span class='ocrx_word' id='word_1_190' title='bbox 285 1697 418 1737; x_wconf 88' lang='lat' dir='ltr'>dicere</span> <span class='ocrx_word' id='word_1_191' title='bbox 444 1697 494 1738; x_wconf 90' lang='lat' dir='ltr'>ab</span> <span class='ocrx_word' id='word_1_192' title='bbox 525 1697 770 1751; x_wconf 87' lang='lat' dir='ltr'>imperatore</span> <span class='ocrx_word' id='word_1_193' title='bbox 802 1713 876 1738; x_wconf 91' lang='lat' dir='ltr'>suo</span> <span class='ocrx_word' id='word_1_194' title='bbox 905 1698 1123 1750; x_wconf 79' lang='lat' dir='ltr'>clavesque</span> <span class='ocrx_word' id='word_1_195' title='bbox 1154 1704 1363 1751; x_wconf 90' lang='lat' dir='ltr'>portarum</span> <span class='ocrx_word' id='word_1_196' title='bbox 1394 1705 1435 1738; x_wconf 88' lang='lat' dir='ltr'>et</span> <span class='ocrx_word' id='word_1_197' title='bbox 1459 1713 1529 1738; x_wconf 87' lang='lat' dir='ltr'>cu-</span> 
     </span>
     <span class='ocr_line' id='line_1_25' title="bbox 169 1759 1528 1814; baseline 0.001 -15"><span class='ocrx_word' id='word_1_198' title='bbox 169 1759 344 1800; x_wconf 89' lang='lat' dir='ltr'>stodiam</span> <span class='ocrx_word' id='word_1_199' title='bbox 371 1759 475 1799; x_wconf 85' lang='lat' dir='ltr'>arcis</span> <span class='ocrx_word' id='word_1_200' title='bbox 502 1759 553 1800; x_wconf 87' lang='lat' dir='ltr'>ab</span> <span class='ocrx_word' id='word_1_201' title='bbox 580 1774 627 1800; x_wconf 93' lang='lat' dir='ltr'>eo</span> <span class='ocrx_word' id='word_1_202' title='bbox 654 1760 881 1814; x_wconf 80' lang='lat' dir='ltr'>accepisse,</span> <span class='ocrx_word' id='word_1_203' title='bbox 908 1774 1013 1812; x_wconf 86' lang='lat' dir='ltr'>quae</span> <span class='ocrx_word' id='word_1_204' title='bbox 1038 1774 1114 1800; x_wconf 91' lang='lat' dir='ltr'>nec</span> <span class='ocrx_word' id='word_1_205' title='bbox 1141 1774 1215 1800; x_wconf 93' lang='lat' dir='ltr'>suo</span> <span class='ocrx_word' id='word_1_206' title='bbox 1240 1774 1316 1800; x_wconf 90' lang='lat' dir='ltr'>nec</span> <span class='ocrx_word' id='word_1_207' title='bbox 1329 1759 1528 1800; x_wconf 88' lang='lat' dir='ltr'>Hennen-</span> 
     </span>
     <span class='ocr_line' id='line_1_26' title="bbox 168 1820 1527 1875; baseline 0.001 -13"><span class='ocrx_word' id='word_1_208' title='bbox 168 1821 274 1862; x_wconf 85' lang='lat' dir='ltr'>sium</span> <span class='ocrx_word' id='word_1_209' title='bbox 300 1820 464 1861; x_wconf 87' lang='lat' dir='ltr'>arbitrio</span> <span class='ocrx_word' id='word_1_210' title='bbox 490 1821 677 1870; x_wconf 88' lang='lat' dir='ltr'>haberet,</span> <span class='ocrx_word' id='word_1_211' title='bbox 704 1828 765 1862; x_wconf 89' lang='lat' dir='ltr'>set</span> <span class='ocrx_word' id='word_1_212' title='bbox 791 1822 878 1862; x_wconf 87' lang='lat' dir='ltr'>eius</span> <span class='ocrx_word' id='word_1_213' title='bbox 905 1821 974 1874; x_wconf 89' lang='lat' dir='ltr'>qui</span> <span class='ocrx_word' id='word_1_214' title='bbox 999 1821 1285 1862; x_wconf 90' lang='lat' dir='ltr'>commisisset.</span> <span class='ocrx_word' id='word_1_215' title='bbox 1322 1821 1527 1875; x_wconf 88' lang='lat' dir='ltr'>praesidio</span> 
     </span>
     <span class='ocr_line' id='line_1_27' title="bbox 167 1882 1527 1937; baseline 0.001 -15"><span class='ocrx_word' id='word_1_216' title='bbox 167 1882 365 1922; x_wconf 86' lang='lat' dir='ltr'>decedere</span> <span class='ocrx_word' id='word_1_217' title='bbox 403 1888 501 1936; x_wconf 86' lang='lat' dir='ltr'>aput</span> <span class='ocrx_word' id='word_1_218' title='bbox 536 1883 748 1923; x_wconf 86' lang='lat' dir='ltr'>Romanos</span> <span class='ocrx_word' id='word_1_219' title='bbox 787 1883 937 1937; x_wconf 85' lang='lat' dir='ltr'>capital</span> <span class='ocrx_word' id='word_1_220' title='bbox 972 1897 1064 1924; x_wconf 90' lang='lat' dir='ltr'>esse</span> <span class='ocrx_word' id='word_1_221' title='bbox 1101 1889 1141 1924; x_wconf 87' lang='lat' dir='ltr'>et</span> <span class='ocrx_word' id='word_1_222' title='bbox 1170 1897 1271 1924; x_wconf 88' lang='lat' dir='ltr'>nece</span> <span class='ocrx_word' id='word_1_223' title='bbox 1306 1883 1527 1924; x_wconf 86' lang='lat' dir='ltr'>liberorum</span> 
     </span>
     <span class='ocr_line' id='line_1_28' title="bbox 167 1943 1527 2000; baseline 0.002 -17"><span class='ocrx_word' id='word_1_224' title='bbox 167 1944 290 1984; x_wconf 88' lang='lat' dir='ltr'>etiam</span> <span class='ocrx_word' id='word_1_225' title='bbox 316 1958 484 1984; x_wconf 82' lang='lat' dir='ltr'>suorum</span> <span class='ocrx_word' id='word_1_226' title='bbox 510 1959 600 1985; x_wconf 88' lang='lat' dir='ltr'>eam</span> <span class='ocrx_word' id='word_1_227' title='bbox 628 1943 834 2000; x_wconf 82' lang='lat' dir='ltr'>[noxiam]</span> <span class='ocrx_word' id='word_1_228' title='bbox 862 1951 1051 1999; x_wconf 89' lang='lat' dir='ltr'>parentes</span> <span class='ocrx_word' id='word_1_229' title='bbox 1078 1945 1277 1986; x_wconf 80' lang='lat' dir='ltr'>sanxisse.</span> <span class='ocrx_word' id='word_1_230' title='bbox 1315 1946 1527 1986; x_wconf 89' lang='lat' dir='ltr'>consulem</span> 
     </span>
     <span class='ocr_line' id='line_1_29' title="bbox 167 2006 1525 2063; baseline 0.002 -18"><span class='ocrx_word' id='word_1_231' title='bbox 167 2006 412 2046; x_wconf 81' lang='lat' dir='ltr'>Marcellum</span> <span class='ocrx_word' id='word_1_232' title='bbox 443 2007 554 2047; x_wconf 90' lang='lat' dir='ltr'>haud</span> <span class='ocrx_word' id='word_1_233' title='bbox 584 2008 727 2061; x_wconf 87' lang='lat' dir='ltr'>procul</span> <span class='ocrx_word' id='word_1_234' title='bbox 759 2022 868 2048; x_wconf 89' lang='lat' dir='ltr'>esse:</span> <span class='ocrx_word' id='word_1_235' title='bbox 911 2007 964 2047; x_wconf 90' lang='lat' dir='ltr'>ad</span> <span class='ocrx_word' id='word_1_236' title='bbox 994 2022 1088 2047; x_wconf 89' lang='lat' dir='ltr'>eum</span> <span class='ocrx_word' id='word_1_237' title='bbox 1119 2008 1325 2048; x_wconf 86' lang='lat' dir='ltr'>mitterent</span> <span class='ocrx_word' id='word_1_238' title='bbox 1353 2007 1525 2063; x_wconf 80' lang='lat' dir='ltr'>legatos,</span> 
     </span>
     <span class='ocr_line' id='line_1_30' title="bbox 168 2067 1527 2124; baseline 0.003 -18"><span class='ocrx_word' id='word_1_239' title='bbox 168 2067 284 2107; x_wconf 89' lang='lat' dir='ltr'>cuius</span> <span class='ocrx_word' id='word_1_240' title='bbox 311 2068 409 2108; x_wconf 88' lang='lat' dir='ltr'>iuris</span> <span class='ocrx_word' id='word_1_241' title='bbox 441 2075 563 2122; x_wconf 88' lang='lat' dir='ltr'>atque</span> <span class='ocrx_word' id='word_1_242' title='bbox 595 2068 750 2110; x_wconf 85' lang='lat' dir='ltr'>arbitrii</span> <span class='ocrx_word' id='word_1_243' title='bbox 781 2075 901 2109; x_wconf 89' lang='lat' dir='ltr'>esset.</span> <span class='ocrx_word' id='word_1_244' title='bbox 963 2083 1006 2110; x_wconf 89' lang='lat' dir='ltr'>se</span> <span class='ocrx_word' id='word_1_245' title='bbox 1038 2083 1134 2110; x_wconf 79' lang='lat' dir='ltr'>vero</span> <span class='ocrx_word' id='word_1_246' title='bbox 1166 2083 1317 2124; x_wconf 81' lang='lat' dir='ltr'>negare</span> <span class='ocrx_word' id='word_1_247' title='bbox 1348 2069 1406 2109; x_wconf 91' lang='lat' dir='ltr'>illi</span> <span class='ocrx_word' id='word_1_248' title='bbox 1430 2069 1527 2110; x_wconf 89' lang='lat' dir='ltr'>mis-</span> 
     </span>
     <span class='ocr_line' id='line_1_31' title="bbox 169 2130 1528 2185; baseline 0.001 -17"><span class='ocrx_word' id='word_1_249' title='bbox 169 2143 305 2177; x_wconf 86' lang='lat' dir='ltr'>suroS‚</span> <span class='ocrx_word' id='word_1_250' title='bbox 343 2130 584 2183; x_wconf 86' lang='lat' dir='ltr'>testarique,</span> <span class='ocrx_word' id='word_1_251' title='bbox 623 2130 657 2170; x_wconf 90' lang='lat' dir='ltr'>si</span> <span class='ocrx_word' id='word_1_252' title='bbox 687 2130 824 2171; x_wconf 68' lang='lat' dir='ltr'>verbis</span> <span class='ocrx_word' id='word_1_253' title='bbox 855 2130 955 2170; x_wconf 89' lang='lat' dir='ltr'>nihil</span> <span class='ocrx_word' id='word_1_254' title='bbox 985 2137 1170 2185; x_wconf 78' lang='lat' dir='ltr'>agerent,</span> <span class='ocrx_word' id='word_1_255' title='bbox 1207 2131 1430 2171; x_wconf 87' lang='lat' dir='ltr'>vindictam</span> <span class='ocrx_word' id='word_1_256' title='bbox 1455 2130 1528 2171; x_wconf 91' lang='lat' dir='ltr'>ali-</span> 
     </span>
     <span class='ocr_line' id='line_1_32' title="bbox 168 2190 1526 2245; baseline 0.002 -16"><span class='ocrx_word' id='word_1_257' title='bbox 168 2205 292 2243; x_wconf 86' lang='lat' dir='ltr'>quam</span> <span class='ocrx_word' id='word_1_258' title='bbox 316 2190 514 2231; x_wconf 88' lang='lat' dir='ltr'>libertatis</span> <span class='ocrx_word' id='word_1_259' title='bbox 541 2206 638 2232; x_wconf 91' lang='lat' dir='ltr'>suae</span> <span class='ocrx_word' id='word_1_260' title='bbox 665 2192 934 2245; x_wconf 87' lang='lat' dir='ltr'>quaesituros.</span> <span class='ocrx_word' id='word_1_261' title='bbox 983 2199 1069 2232; x_wconf 89' lang='lat' dir='ltr'>tum</span> <span class='ocrx_word' id='word_1_262' title='bbox 1094 2192 1304 2233; x_wconf 89' lang='lat' dir='ltr'>Pinarius:</span> <span class='ocrx_word' id='word_1_263' title='bbox 1331 2199 1372 2232; x_wconf 88' lang='lat' dir='ltr'>at</span> <span class='ocrx_word' id='word_1_264' title='bbox 1395 2192 1465 2241; x_wconf 86' lang='lat' dir='ltr'>illi,</span> <span class='ocrx_word' id='word_1_265' title='bbox 1492 2193 1526 2233; x_wconf 89' lang='lat' dir='ltr'>si</span> 
     </span>
     <span class='ocr_line' id='line_1_33' title="bbox 168 2252 1527 2308; baseline 0.003 -17"><span class='ocrx_word' id='word_1_266' title='bbox 168 2252 220 2292; x_wconf 88' lang='lat' dir='ltr'>ad</span> <span class='ocrx_word' id='word_1_267' title='bbox 245 2252 456 2292; x_wconf 89' lang='lat' dir='ltr'>consulem</span> <span class='ocrx_word' id='word_1_268' title='bbox 488 2262 756 2307; x_wconf 79' lang='lat' dir='ltr'>gravarentur</span> <span class='ocrx_word' id='word_1_269' title='bbox 786 2253 964 2303; x_wconf 84' lang='lat' dir='ltr'>mittere,</span> <span class='ocrx_word' id='word_1_270' title='bbox 1003 2253 1081 2295; x_wconf 89' lang='lat' dir='ltr'>sibi</span> <span class='ocrx_word' id='word_1_271' title='bbox 1112 2254 1256 2294; x_wconf 87' lang='lat' dir='ltr'>saltem</span> <span class='ocrx_word' id='word_1_272' title='bbox 1287 2254 1527 2308; x_wconf 65' lang='grc'>(101011190-</span> 
     </span>
     <span class='ocr_line' id='line_1_34' title="bbox 167 2313 1527 2369; baseline 0.002 -16"><span class='ocrx_word' id='word_1_273' title='bbox 167 2313 254 2367; x_wconf 89' lang='lat' dir='ltr'>puli</span> <span class='ocrx_word' id='word_1_274' title='bbox 290 2314 526 2363; x_wconf 83' lang='lat' dir='ltr'>concilium,</span> <span class='ocrx_word' id='word_1_275' title='bbox 563 2322 608 2355; x_wconf 91' lang='lat' dir='ltr'>ut</span> <span class='ocrx_word' id='word_1_276' title='bbox 645 2315 832 2364; x_wconf 88' lang='lat' dir='ltr'>sciretur,</span> <span class='ocrx_word' id='word_1_277' title='bbox 870 2322 1007 2356; x_wconf 89' lang='lat' dir='ltr'>utrum</span> <span class='ocrx_word' id='word_1_278' title='bbox 1037 2330 1262 2369; x_wconf 89' lang='lat' dir='ltr'>paucorum</span> <span class='ocrx_word' id='word_1_279' title='bbox 1293 2330 1341 2356; x_wconf 86' lang='lat' dir='ltr'>ea</span> <span class='ocrx_word' id='word_1_280' title='bbox 1371 2316 1527 2356; x_wconf 89' lang='lat' dir='ltr'>denun-</span> 
     </span>
     <span class='ocr_line' id='line_1_35' title="bbox 168 2376 1526 2432; baseline 0.003 -17"><span class='ocrx_word' id='word_1_281' title='bbox 168 2376 281 2416; x_wconf 82' lang='lat' dir='ltr'>tiatio</span> <span class='ocrx_word' id='word_1_282' title='bbox 306 2391 358 2416; x_wconf 89' lang='lat' dir='ltr'>an</span> <span class='ocrx_word' id='word_1_283' title='bbox 381 2376 598 2418; x_wconf 68' lang='lat' dir='ltr'>universae</span> <span class='ocrx_word' id='word_1_284' title='bbox 630 2377 805 2418; x_wconf 89' lang='lat' dir='ltr'>civitatis</span> <span class='ocrx_word' id='word_1_285' title='bbox 837 2384 957 2419; x_wconf 86' lang='lat' dir='ltr'>esset.</span> <span class='ocrx_word' id='word_1_286' title='bbox 1019 2383 1220 2419; x_wconf 88' lang='lat' dir='ltr'>consensa</span> <span class='ocrx_word' id='word_1_287' title='bbox 1249 2377 1292 2417; x_wconf 93' lang='lat' dir='ltr'>in</span> <span class='ocrx_word' id='word_1_288' title='bbox 1315 2384 1526 2432; x_wconf 88' lang='lat' dir='ltr'>posterum</span> 
     </span>
     <span class='ocr_line' id='line_1_36' title="bbox 167 2437 449 2479; baseline 0.007 -2"><span class='ocrx_word' id='word_1_289' title='bbox 167 2437 275 2477; x_wconf 88' lang='lat' dir='ltr'>diem</span> <span class='ocrx_word' id='word_1_290' title='bbox 301 2438 449 2479; x_wconf 87' lang='lat' dir='ltr'>contio.</span> 
     </span>
    </p>

    <p class='ocr_par' dir='ltr' id='par_1_5' title="bbox 165 2499 1524 2679">
     <span class='ocr_line' id='line_1_37' title="bbox 251 2499 1524 2555; baseline 0.002 -15"><span class='ocrx_word' id='word_1_291' title='bbox 251 2499 521 2541; x_wconf 80' lang='lat' dir='ltr'>XXXVIII.</span> <span class='ocrx_word' id='word_1_292' title='bbox 571 2501 801 2554; x_wconf 86' lang='lat' dir='ltr'>Postquam</span> <span class='ocrx_word' id='word_1_293' title='bbox 826 2500 877 2542; x_wconf 89' lang='lat' dir='ltr'>ab</span> <span class='ocrx_word' id='word_1_294' title='bbox 903 2516 951 2542; x_wconf 92' lang='lat' dir='ltr'>eo</span> <span class='ocrx_word' id='word_1_295' title='bbox 977 2501 1192 2555; x_wconf 89' lang='lat' dir='ltr'>conloquio</span> <span class='ocrx_word' id='word_1_296' title='bbox 1217 2502 1259 2542; x_wconf 94' lang='lat' dir='ltr'>in</span> <span class='ocrx_word' id='word_1_297' title='bbox 1278 2515 1413 2542; x_wconf 89' lang='lat' dir='ltr'>arcem</span> <span class='ocrx_word' id='word_1_298' title='bbox 1434 2517 1524 2544; x_wconf 89' lang='lat' dir='ltr'>sese</span> 
     </span>
     <span class='ocr_line' id='line_1_38' title="bbox 165 2561 1522 2618; baseline 0.002 -17"><span class='ocrx_word' id='word_1_299' title='bbox 165 2561 335 2615; x_wconf 85' lang='lat' dir='ltr'>recepit,</span> <span class='ocrx_word' id='word_1_300' title='bbox 363 2569 588 2604; x_wconf 80' lang='lat' dir='ltr'>convocata</span> <span class='ocrx_word' id='word_1_301' title='bbox 613 2563 761 2604; x_wconf 89' lang='lat' dir='ltr'>contio..</span> <span class='ocrx_word' id='word_1_302' title='bbox 799 2562 948 2616; x_wconf 85' lang='lat' dir='ltr'>quibus</span> <span class='ocrx_word' id='word_1_303' title='bbox 977 2564 1116 2604; x_wconf 88' lang='lat' dir='ltr'>‘credo</span> <span class='ocrx_word' id='word_1_304' title='bbox 1142 2578 1219 2618; x_wconf 82' lang='lat' dir='ltr'>ego</span> <span class='ocrx_word' id='word_1_305' title='bbox 1245 2579 1318 2604; x_wconf 85' lang='lat' dir='ltr'>vos</span> <span class='ocrx_word' id='word_1_306' title='bbox 1345 2563 1522 2613; x_wconf 86' lang='lat' dir='ltr'>audisse,</span> 
     </span>
     <span class='ocr_line' id='line_1_39' title="bbox 165 2623 1523 2679; baseline 0.004 -17"><span class='ocrx_word' id='word_1_307' title='bbox 165 2623 347 2672; x_wconf 87' lang='lat' dir='ltr'>1nilites‚&#39;</span> <span class='ocrx_word' id='word_1_308' title='bbox 388 2624 519 2678; x_wconf 88' lang='lat' dir='ltr'>inquit</span> <span class='ocrx_word' id='word_1_309' title='bbox 553 2628 694 2678; x_wconf 89' lang='lat' dir='ltr'>‘quem</span> <span class='ocrx_word' id='word_1_310' title='bbox 725 2625 777 2666; x_wconf 91' lang='lat' dir='ltr'>ad</span> <span class='ocrx_word' id='word_1_311' title='bbox 807 2625 976 2666; x_wconf 85' lang='lat' dir='ltr'>modum</span> <span class='ocrx_word' id='word_1_312' title='bbox 1011 2625 1217 2679; x_wconf 87' lang='lat' dir='ltr'>praesidia</span> <span class='ocrx_word' id='word_1_313' title='bbox 1246 2625 1436 2667; x_wconf 84' lang='lat' dir='ltr'>Romana</span> <span class='ocrx_word' id='word_1_314' title='bbox 1471 2626 1523 2667; x_wconf 86' lang='lat' dir='ltr'>ab</span> 
     </span>
    </p>
   </div>
   <div class='ocr_carea' id='block_1_5' title="bbox 1556 357 1568 384">
    <p class='ocr_par' dir='ltr' id='par_1_6' title="bbox 1556 357 1568 384">
     <span class='ocr_line' id='line_1_40' title="bbox 1556 357 1568 384; baseline 0 0"><span class='ocrx_word' id='word_1_315' title='bbox 1556 357 1568 384; x_wconf 93' lang='lat' dir='ltr'>l</span> 
     </span>
    </p>
   </div>
   <div class='ocr_carea' id='block_1_6' title="bbox 1553 540 1571 569">
    <p class='ocr_par' dir='ltr' id='par_1_7' title="bbox 1553 540 1571 569">
     <span class='ocr_line' id='line_1_41' title="bbox 1553 540 1571 569; textangle 90"><span class='ocrx_word' id='word_1_316' title='bbox 1553 540 1571 569; x_wconf 62' lang='grc' dir='ltr'><strong>ῑῦ</strong></span> 
     </span>
    </p>
   </div>
   <div class='ocr_carea' id='block_1_7' title="bbox 1554 726 1572 754">
    <p class='ocr_par' dir='ltr' id='par_1_8' title="bbox 1554 726 1572 754">
     <span class='ocr_line' id='line_1_42' title="bbox 1554 726 1572 754; textangle 90"><span class='ocrx_word' id='word_1_317' title='bbox 1554 726 1572 754; x_wconf 70' lang='lat'>0²</span> 
     </span>
    </p>
   </div>
   <div class='ocr_carea' id='block_1_8' title="bbox 1556 1279 1574 1308">
    <p class='ocr_par' dir='ltr' id='par_1_9' title="bbox 1556 1279 1574 1308">
     <span class='ocr_line' id='line_1_43' title="bbox 1556 1279 1574 1308; baseline 0 0"><span class='ocrx_word' id='word_1_318' title='bbox 1556 1279 1574 1308; x_wconf 79' lang='lat'>6</span> 
     </span>
    </p>
   </div>
   <div class='ocr_carea' id='block_1_9' title="bbox 1556 1465 1572 1493">
    <p class='ocr_par' dir='ltr' id='par_1_10' title="bbox 1556 1465 1572 1493">
     <span class='ocr_line' id='line_1_44' title="bbox 1556 1465 1572 1493; baseline 0 -23"><span class='ocrx_word' id='word_1_319' title='bbox 1556 1465 1572 1493; x_wconf 70' lang='lat'>7</span> 
     </span>
    </p>
   </div>
   <div class='ocr_carea' id='block_1_10' title="bbox 1555 2082 1595 2112">
    <p class='ocr_par' dir='ltr' id='par_1_11' title="bbox 1555 2082 1595 2112">
     <span class='ocr_line' id='line_1_45' title="bbox 1555 2082 1595 2112; baseline 0.025 -1"><span class='ocrx_word' id='word_1_320' title='bbox 1555 2082 1595 2112; x_wconf 87' lang='grc'>10</span> 
     </span>
    </p>
   </div>
   <div class='ocr_carea' id='block_1_11' title="bbox 1554 2206 1591 2235">
    <p class='ocr_par' dir='ltr' id='par_1_12' title="bbox 1554 2206 1591 2235">
     <span class='ocr_line' id='line_1_46' title="bbox 1554 2206 1591 2235; baseline 0.027 -1"><span class='ocrx_word' id='word_1_321' title='bbox 1554 2206 1591 2235; x_wconf 91' lang='grc'>11</span> 
     </span>
    </p>
   </div>
   <div class='ocr_carea' id='block_1_12' title="bbox 1552 2517 1567 2545">
    <p class='ocr_par' dir='ltr' id='par_1_13' title="bbox 1552 2517 1567 2545">
     <span class='ocr_line' id='line_1_47' title="bbox 1552 2517 1567 2545; baseline 0 0"><span class='ocrx_word' id='word_1_322' title='bbox 1552 2517 1567 2545; x_wconf 87' lang='grc'>1</span> 
     </span>
    </p>
   </div>
   <div class='ocr_carea' id='block_1_13' title="bbox 167 2682 1565 2742">
    <p class='ocr_par' dir='ltr' id='par_1_14' title="bbox 167 2682 1565 2742">
     <span class='ocr_line' id='line_1_48' title="bbox 167 2682 1565 2742; baseline 0.005 -18"><span class='ocrx_word' id='word_1_323' title='bbox 167 2682 318 2725; x_wconf 85' lang='lat' dir='ltr'>Siculis</span> <span class='ocrx_word' id='word_1_324' title='bbox 350 2686 627 2728; x_wconf 82' lang='lat' dir='ltr'>circumventa</span> <span class='ocrx_word' id='word_1_325' title='bbox 658 2694 696 2729; x_wconf 90' lang='lat' dir='ltr'>et</span> <span class='ocrx_word' id='word_1_326' title='bbox 727 2701 924 2742; x_wconf 84' lang='lat' dir='ltr'>oppressa</span> <span class='ocrx_word' id='word_1_327' title='bbox 956 2687 1035 2728; x_wconf 86' lang='lat' dir='ltr'>sint</span> <span class='ocrx_word' id='word_1_328' title='bbox 1066 2702 1139 2742; x_wconf 89' lang='lat' dir='ltr'>per</span> <span class='ocrx_word' id='word_1_329' title='bbox 1168 2687 1243 2729; x_wconf 91' lang='lat' dir='ltr'>hos</span> <span class='ocrx_word' id='word_1_330' title='bbox 1270 2688 1370 2728; x_wconf 89' lang='lat' dir='ltr'>dies.</span> <span class='ocrx_word' id='word_1_331' title='bbox 1431 2703 1522 2729; x_wconf 86' lang='lat' dir='ltr'>eam</span> <span class='ocrx_word' id='word_1_332' title='bbox 1547 2702 1565 2731; x_wconf 82' lang='lat'>2</span> 
     </span>
    </p>
   </div>
  </div>
 </body>
</html>
