1815 3184
480 238 631 272 LIBER
655 237 783 281 xxv,
809 238 864 271 c21.
885 238 938 271 22.
967 240 1014 280 [a.
1031 237 1167 280 0212]
1425 227 1508 268 239

155 343 230 383 tria
254 342 365 382 milia
390 341 670 396 expeditorum
698 341 873 381 militum
898 341 939 381 in
964 340 1070 382 villis
1103 340 1210 381 circa
1233 340 1509 394 vepribusque
1535 354 1554 383 3

154 411 193 444 et
224 404 336 445 silvis
369 403 568 458 disponit,
606 403 676 456 qui
707 403 825 457 signo
857 403 951 443 dato
984 402 1105 443 simul
1131 417 1271 443 omnes
1298 417 1318 443 e
1343 401 1509 443 latebris

153 465 391 514 existerent,
430 472 470 506 et
499 464 725 519 Magonem
757 462 960 519 duo[que]
999 464 1127 504 ferme
1164 464 1276 504 milia
1312 464 1507 517 equitum,
1534 479 1553 506 4

153 542 235 580 qua
259 528 403 583 fugam
433 527 719 568 inclinaturam
752 527 962 575 credebat,
1000 526 1136 567 omnia
1166 526 1310 567 itinera
1334 526 1510 567 insidere

152 589 276 630 iubet.
337 589 400 630 his
431 596 550 629 nocte
580 589 832 643 praeparatis
862 589 994 643 prima
1023 588 1114 629 luce
1144 588 1185 628 in
1216 589 1345 629 aciem
1371 589 1508 643 copias

153 651 301 691 educit.
362 665 438 691 nec
464 650 636 691 Fulvius
662 658 726 691 est
750 658 982 700 cunctatus,
1014 665 1097 691 non
1122 656 1206 691 tam
1232 665 1306 691 sua
1330 651 1412 691 ulla
1438 665 1509 704 spe
1535 665 1554 693 5

152 728 275 766 quam
311 713 486 753 militum
528 712 685 766 impetu
727 712 895 753 fortuito
938 719 1104 753 tractus.
1188 713 1324 766 itaque
1367 713 1511 753 eadem

152 775 397 823 temeritate,
435 790 516 828 qua
551 789 792 829 processum
827 775 869 815 in
900 775 1029 816 aciem
1062 781 1142 824 est,
1179 775 1392 816 instruitur
1422 775 1512 829 ipsa

152 837 260 878 acies
287 837 339 877 ad
362 836 574 877 libidinem
600 836 774 876 militum
805 837 910 877 forte
935 837 1259 891 procurrentium
1286 837 1512 878 consisten-

152 899 335 951 tiumque
372 913 452 951 quo
488 898 579 938 1000
614 898 799 952 ipsorum
835 898 995 939 tulisset
1031 898 1210 947 animus,
1255 899 1402 939 deinde
1439 913 1512 953 per

151 960 363 1001 libidinem
389 967 458 1000 aut
483 966 639 1000 metum
671 960 944 1000 deserentium
976 960 1124 1000 locum.
1184 960 1316 1013 prima
1339 961 1447 1014 legio
1474 967 1513 1001 et
1539 975 1556 1003 6

152 1022 315 1062 sinistra
341 1021 405 1061 ala
428 1021 471 1060 in
494 1021 626 1074 primo
646 1021 868 1061 instructae
889 1027 927 1061 et
946 1021 988 1060 in
1006 1021 1305 1075 longitudinem
1325 1028 1512 1075 porrecta

151 1084 271 1124 acies.
344 1082 616 1123 clamantibus
654 1082 846 1131 tribunis,
896 1082 997 1122 nihil
1032 1082 1231 1123 introrsus
1268 1082 1426 1123 roboris
1464 1097 1512 1123 ac
1540 1099 1554 1125 ῖ

151 1144 298 1184 virium
331 1159 422 1185 esse
459 1150 499 1184 et
529 1158 789 1197 quacumque
827 1144 1025 1198 impetum
1057 1144 1225 1185 fecisset
1255 1144 1385 1186 hostis
1422 1160 1513 1198 per-

149 1212 359 1260 rupturos,
385 1205 485 1245 nihil
511 1206 621 1259 quod
648 1206 824 1247 salutare
850 1214 959 1247 esset
983 1221 1065 1247 non
1089 1207 1212 1247 modo
1239 1207 1290 1247 ad
1315 1207 1511 1256 animum,

151 1268 220 1309 sed
254 1282 302 1309 ne
328 1267 380 1308 ad
412 1282 530 1309 aures
562 1268 727 1321 quidem
758 1268 1010 1309 admittebat.
1071 1275 1111 1309 et
1141 1268 1353 1309 Hannibal
1383 1269 1514 1310 haud-
1538 1280 1556 1310 8

150 1344 355 1383 quaquam
400 1330 544 1370 similis
587 1330 672 1370 dux
712 1345 847 1384 neque
890 1331 1012 1371 simili
1055 1330 1236 1371 exercitu
1283 1345 1416 1384 neque
1457 1331 1513 1371 ita

150 1392 346 1432 instructo
383 1393 534 1433 aderat.
597 1407 695 1447 ergo
731 1408 782 1434 ne
819 1393 1039 1435 clamorem
1076 1393 1243 1447 quidem
1280 1399 1401 1447 atque
1436 1394 1513 1433 1111-

150 1459 289 1507 petum
319 1454 497 1508 primum
523 1469 662 1495 eorum
695 1455 873 1496 Romani
899 1456 1141 1498 sustinuere.
1201 1456 1304 1504 dux,
1343 1456 1513 1497 stultitia
1539 1467 1556 1496 9

151 1522 190 1555 ct
231 1515 457 1556 temeritate
495 1515 695 1557 Centenio
732 1532 822 1571 par,
872 1518 1009 1558 animo
1045 1517 1366 1571 haudquaquam
1403 1533 1513 1558 com-

151 1577 375 1631 parandus,
417 1577 488 1618 ubi
522 1592 609 1618 rem
639 1578 875 1619 inclinatam
907 1594 955 1620 ac
986 1580 1226 1633 trepidantis
1259 1594 1356 1620 suos
1389 1580 1510 1628 videt,

152 1653 257 1692 equo
283 1644 443 1693 arrepto
469 1653 562 1679 cum
588 1639 774 1680 ducentis
800 1640 929 1680 ferme
955 1640 1159 1693 equitibus
1186 1640 1349 1695 effugit,
1377 1647 1511 1681 cetera.
1539 1654 1578 1682 10

152 1717 176 1741 a
217 1701 350 1742 fronte
391 1701 511 1755 pulsa
552 1700 667 1756 in[de
698 1700 740 1757 a]
785 1708 899 1757 tergo
942 1709 1064 1755 atque
1111 1703 1186 1743 alis
1235 1703 1513 1743 circumventa

152 1763 259 1805 acies
303 1777 351 1805 eo
393 1777 524 1817 usque
562 1770 624 1804 est
661 1778 800 1813 caesa,
854 1770 899 1804 ut
936 1778 986 1804 ex
1028 1764 1310 1818 duodeviginti
1345 1763 1510 1804 milibus

152 1825 362 1866 hominum
383 1826 464 1866 (1110
489 1825 600 1866 milia
623 1825 722 1866 haut
741 1825 918 1879 amplius
938 1825 1153 1866 evaserint.
1203 1825 1346 1866 castris
1372 1825 1510 1866 hostes

152 1887 269 1941 potiti
295 1893 402 1928 sunt.

235 1949 391 1990 XXII.
463 1949 558 1990 Hae
596 1949 733 1990 clades
770 1964 893 2003 super
928 1949 1049 1990 aliam
1087 1949 1166 1990 alia
1201 1948 1377 1990 Romam
1415 1963 1509 1989 011111
1539 1963 1552 1990 1

152 2017 290 2052 essent
319 2012 548 2061 nuntiatae,
586 2012 732 2066 ingens
764 2012 930 2064 quidem
963 2017 1002 2052 et
1032 2011 1166 2052 luctus
1193 2017 1231 2052 et
1261 2026 1389 2065 pavor
1413 2011 1513 2051 civi-

154 2079 278 2113 tatem
303 2074 428 2127 cepit3
462 2074 534 2114 scd
559 2080 714 2123 tamen,
741 2073 837 2126 quia
857 2073 1065 2122 consules,
1092 2072 1163 2113 ubi
1189 2088 1350 2113 summa
1374 2087 1510 2113 rerum

154 2141 280 2183 esset,
317 2135 370 2176 ad
405 2136 447 2175 id
481 2136 663 2176 locorum
700 2150 895 2189 prospere
931 2149 1017 2176 rem
1049 2141 1254 2190 gererent,
1293 2135 1428 2174 minus
1460 2134 1509 2174 iis

153 2196 337 2237 cladibus
363 2197 737 2238 commovebantur.
792 2197 950 2252 legatos
977 2197 1029 2238 ad
1054 2196 1242 2238 consules
1268 2196 1434 2236 mittunt
1460 2195 1509 2236 C.
1537 2209 1554 2237 2

152 2258 412 2307 Laetorium,
461 2258 522 2299 M.
560 2258 787 2308 Metilium,
837 2259 907 2312 qui
942 2258 1194 2307 nuntiarent,
1243 2264 1288 2298 ut
1317 2257 1510 2310 reliquias

153 2321 326 2361 duorum
352 2320 575 2361 exercitum
601 2335 694 2360 cum
715 2335 811 2361 cura
831 2321 1068 2375 colligerent
1087 2320 1311 2373 darentque
1330 2334 1508 2374 operam,
1536 2333 1554 2363 3

151 2396 202 2422 110
227 2396 300 2436 per
323 2389 477 2423 metum
497 2396 544 2422 ac
565 2381 891 2436 desperationem
911 2382 1020 2423 hosti
1039 2397 1082 2423 se
1101 2382 1313 2431 dederent,
1339 2381 1382 2421 id
1401 2381 1511 2434 quod

152 2451 243 2497 post
273 2442 536 2484 Cannensem
572 2443 790 2484 accidisset
826 2444 1003 2493 cladem,
1041 2450 1081 2485 et
1110 2450 1156 2484 ut
1191 2444 1420 2484 desertores
1458 2443 1508 2483 de

152 2505 333 2545 exercitu
358 2506 552 2546 volonum
584 2505 881 2559 conquirerent.
941 2506 1051 2547 idem
1075 2506 1215 2561 negoti
1239 2505 1287 2546 P.
1316 2504 1508 2546 Cornelio
1535 2520 1555 2547 4

152 2564 311 2615 datum,
338 2568 403 2607 cui
429 2574 468 2608 et
492 2567 664 2608 dilectus
690 2568 908 2609 mandatus
935 2574 1036 2617 erat,
1063 2568 1179 2621 isque
1204 2582 1277 2621 per
1300 2567 1389 2608 fora
1414 2580 1511 2608 con-

151 2628 422 2682 ciliabulaque
449 2629 592 2678 edixit,
627 2635 671 2669 ut
696 2629 941 2683 conquisitio
966 2629 1161 2670 volonum
1185 2630 1299 2670 fieret
1322 2629 1431 2682 iique
1457 2628 1510 2669 ad

152 2689 268 2745 signa
292 2691 593 2732 reducerentur.
631 2690 732 2732 haee
757 2692 892 2733 omnia
918 2691 1191 2733 intentissima
1216 2706 1312 2732 cura
1338 2697 1439 2731 acta.
