1815 3184
269 238 347 278 146
562 245 716 280 LIBER
740 240 888 287 xxm,
914 245 968 278 31.
989 244 1042 278 32.
1072 247 1169 287 [ω.
1187 243 1312 287 0.539]

265 364 358 390 eum
394 348 612 397 tonuisset,
649 347 785 388 vocati
815 361 994 402 augures
1025 347 1125 387 vitio
1156 352 1339 387 creatum
1369 347 1498 388 videri
1528 363 1620 402 pro-

264 409 571 458 nuntiaverunt,
610 409 816 463 volgoque
853 416 989 463 patres
1025 409 1083 449 ita
1118 408 1230 448 fama
1265 407 1469 457 ferebant,
1511 409 1623 462 quod

265 479 351 512 tum
387 471 564 525 primum
600 470 681 511 duo
716 470 852 525 plebei
888 470 1077 511 consules
1120 470 1219 510 faeti
1254 476 1409 519 essent,
1457 470 1500 510 id
1536 470 1622 511 deis

200 548 240 578 14
265 533 377 574 cordi
401 548 483 573 non
508 547 610 573 esse.
670 533 712 577 in
743 533 879 573 locum
904 532 1110 581 Marcelli,
1151 532 1220 573 ubi
1244 532 1279 572 is
1306 547 1349 573 se
1381 532 1623 587 magistratu

266 594 489 644 abdicavit,
518 595 716 635 suffectus
743 594 796 647 Q.
822 594 978 635 Fabius
1004 594 1217 635 Maximus
1243 594 1418 635 tertium.

201 672 240 700 15
349 655 468 697 Mare
488 656 586 697 arsit
606 671 654 697 eo
674 672 794 705 anno3
821 657 872 697 ad
890 655 1132 697 Sinuessam
1151 656 1226 697 bos
1247 655 1433 696 eculeum
1446 655 1623 710 peperit3

268 718 385 772 signa
410 719 577 758 Lanuvi
609 719 661 759 ad
685 719 856 759 Iunonis
887 717 1077 773 Sospitae
1103 733 1245 759 eruore
1277 732 1493 758 manavere
1522 717 1625 771 lapi-

268 781 471 833 dibusque
502 780 609 821 eirca
638 781 681 821 id
712 781 910 835 templum
940 781 1056 835 pluit.
1118 780 1170 821 ob
1203 795 1324 834 quem
1355 779 1528 820 imbrem
1552 793 1625 819 no-

267 842 486 890 vemdiale,
513 848 559 882 ut
583 842 760 892 adsolet,
788 857 948 884 sacrum
968 842 1063 892 fuit,
1091 849 1305 896 ceteraque
1324 841 1511 896 prodigia
1531 856 1624 882 cum

270 918 365 944 cura
392 904 569 958 expiata.

226 980 241 1008 1
353 966 555 1006 XXXII.
618 965 821 1007 Consules
865 966 1067 1007 exercitus
1110 967 1214 1007 iuter
1251 980 1341 1007 sese
1384 965 1623 1006 diviserunt.

268 1027 400 1068 Fabio
449 1028 651 1068 exercitus
689 1028 845 1077 Teani,
901 1029 966 1068 cui
1002 1028 1062 1069 M.
1101 1028 1245 1069 Iunius
1290 1028 1462 1068 dictator
1508 1041 1626 1081 prae-

270 1089 420 1138 fuerat,
449 1090 602 1139 evcnit3
642 1088 886 1144 Sempronio
911 1090 1162 1143 volonesque
1187 1090 1331 1130 fierent
1356 1096 1395 1130 et
1421 1088 1625 1129 sociorum

226 1163 244 1192 2
270 1152 414 1206 viginti
439 1152 618 1205 quinque
650 1152 779 1201 milia3
816 1152 876 1192 M.
904 1151 1071 1193 Valerio
1103 1153 1279 1206 praetori
1304 1152 1487 1206 legiones
1519 1165 1625 1204 quae

271 1229 321 1254 ex
349 1212 489 1255 Sicilia
514 1214 715 1254 redissent
741 1214 946 1263 decretae,
972 1214 1032 1254 M.
1057 1213 1256 1254 Claudius
1283 1229 1355 1268 pro
1381 1213 1547 1254 consule
1574 1212 1626 1252 ad

270 1290 363 1316 eum
395 1275 635 1325 exercitum,
673 1275 743 1328 qui
775 1291 898 1330 supra
931 1274 1172 1317 Suessulam
1203 1275 1333 1316 Nolae
1362 1275 1624 1330 praesideret,

270 1337 447 1386 missus3
506 1343 714 1391 praetores
755 1337 798 1377 in
842 1336 1027 1378 Siciliam
1068 1351 1116 1378 ae
1159 1336 1391 1378 Sardiniam
1440 1336 1624 1390 profecti.

228 1412 246 1441 3
273 1398 462 1440 consules
499 1399 730 1448 edixerunt,
768 1399 955 1452 quotiens
992 1399 1034 1439 in
1072 1406 1259 1439 senatum
1295 1405 1530 1446 vocassent,
1568 1398 1628 1437 uti

273 1467 480 1501 senatores
519 1460 750 1513 quibusque
786 1460 829 1500 iu
865 1467 1009 1500 senatu
1045 1459 1178 1500 dicere
1210 1460 1454 1500 sententiam
1489 1459 1628 1499 liceret

226 1535 245 1563 4
272 1522 323 1562 ad
348 1529 506 1575 portam
522 1520 733 1575 Capenam
760 1522 1034 1562 convenirent.
1082 1528 1304 1574 praetorcS,
1331 1535 1504 1574 quorum
1529 1520 1628 1561 iuris

272 1584 393 1623 dictio
419 1589 520 1631 erat,
548 1583 766 1624 tribunalia
791 1583 842 1624 ad
867 1583 1064 1637 piscinam
1086 1582 1292 1636 publicam
1310 1588 1553 1636 posuerunt3
1580 1596 1628 1623 eo

270 1645 503 1686 vadimonia
529 1645 615 1684 fieri
640 1645 864 1694 iusserunt,
891 1645 1029 1698 ibique
1055 1659 1104 1685 eo
1129 1659 1235 1686 anno
1260 1645 1323 1685 ius
1349 1645 1502 1685 dictum
1528 1650 1601 1684 est.

228 1720 247 1748 5
355 1706 525 1746 Interim
558 1705 870 1761 Carthaginem,
907 1707 1016 1746 unde
1052 1706 1183 1762 Mago
1218 1706 1345 1748 frater
1380 1705 1628 1746 Hannibalis

273 1767 489 1807 duodecim
521 1767 632 1808 milia
661 1768 863 1822 peditum,
903 1766 1052 1824 [mille]
1098 1776 1137 1808 et
1173 1769 1419 1823 quingentos
1457 1767 1627 1820 equites,

272 1829 415 1883 viginti
441 1828 696 1883 elephantos,
735 1830 845 1870 mille
877 1830 1035 1885 argenti
1065 1830 1217 1871 talenta
1241 1831 1283 1870 in
1313 1830 1474 1870 Italiam
1500 1835 1630 1869 trans-

272 1891 472 1931 missurus
500 1898 584 1931 erat
610 1906 703 1931 cum
727 1892 931 1946 praesidio
958 1892 1172 1946 sexaginta
1202 1893 1370 1932 navium
1398 1891 1627 1945 longarum,

230 1966 247 1995 0
273 1952 437 1993 nuntius
464 1952 664 2002 adfertur,
690 1953 730 1993 in
750 1953 955 2008 Hispania
978 1969 1064 1994 rem
1089 1953 1195 1994 male
1219 1961 1380 2009 gestam
1405 1968 1630 2006 omnesque

275 2014 403 2054 ferme
446 2015 534 2055 eius
575 2015 810 2069 provinciae
852 2016 1026 2070 populos
1072 2016 1124 2057 ad
1159 2016 1370 2057 Romanos
1413 2015 1628 2056 defecisse.

235 2091 249 2118 ῖ
279 2083 391 2116 erant
416 2077 485 2130 qui
506 2076 731 2132 Magonem
757 2092 850 2118 cum
877 2078 1009 2119 classe
1035 2093 1082 2119 ea
1108 2078 1318 2132 copiisque
1345 2079 1497 2119 omissa
1511 2078 1631 2119 Italia

275 2139 315 2178 in
342 2139 589 2194 Hispaniam
621 2147 866 2190 averterent,
905 2155 998 2181 cum
1032 2139 1246 2182 Sardiniae
1276 2141 1533 2195 recipiendae
1568 2155 1631 2181 re-

230 2214 249 2241 s
275 2201 441 2254 pentina
477 2216 571 2256 spes
608 2202 794 2243 adfulsit:
837 2217 1009 2257 parvum
1045 2202 1102 2244 ibi
1138 2202 1362 2243 exercitum
1397 2202 1631 2243 Romanum

277 2277 386 2312 esse,
424 2269 603 2304 veterem
635 2272 863 2318 praetorem
900 2265 994 2305 inde
1030 2264 1084 2305 A.
1124 2264 1362 2305 Cornelium
1397 2264 1631 2319 provinciae

233 2338 249 2365 9
276 2325 452 2378 peritum
483 2325 699 2375 decedere,
736 2340 890 2366 novum
927 2326 1151 2380 expectari3
1189 2326 1241 2367 ad
1276 2326 1354 2367 hoe
1384 2326 1518 2366 fessos
1549 2325 1631 2366 iam

277 2386 433 2426 animos
463 2385 686 2427 Sardorum
713 2402 802 2428 esse
829 2388 1091 2428 diuturnitate
1116 2388 1280 2442 imperi,
1307 2394 1347 2428 et
1370 2387 1556 2441 proximo
1580 2387 1631 2428 iis

277 2463 381 2488 anno
407 2448 551 2489 acerbe
578 2456 698 2502 atque
725 2464 845 2490 avare
870 2450 1132 2504 imperatum,
1159 2449 1276 2503 gravi
1296 2448 1446 2490 tributo
1472 2455 1511 2489 et
1536 2463 1632 2489 eon-

277 2508 426 2550 latione
456 2510 595 2563 iniqua
620 2511 814 2551 frumenti
844 2526 1028 2565 pressos3
1066 2511 1167 2551 nihil
1197 2511 1342 2552 deesse
1373 2510 1484 2551 aliud
1508 2525 1631 2563 quam

214 2582 252 2611 10
279 2578 503 2619 auctorem,
543 2572 595 2612 ad
626 2587 748 2625 quem
779 2573 1010 2614 deficerent.
1072 2573 1174 2614 haee
1205 2573 1457 2613 clandestina
1480 2571 1630 2625 legatio

278 2646 350 2684 per
374 2632 577 2687 principes
604 2634 731 2675 missa
757 2641 842 2675 erat
866 2635 1044 2676 maxime
1069 2649 1160 2675 eam
1184 2649 1270 2675 rem
1295 2634 1485 2674 moliente
1499 2632 1630 2673 Ham-

278 2693 455 2746 psicora,
493 2695 563 2746 qui
595 2702 681 2735 tum
712 2697 951 2737 auctoritate
988 2703 1109 2749 atque
1140 2696 1286 2749 opibus
1317 2695 1439 2748 longe
1474 2693 1629 2747 primus
