1815 3184
485 233 639 267 Llssnss
663 233 792 276 xxv,
818 233 870 266 29.
891 232 946 266 30.
975 235 1022 276 [a.
1039 231 1076 267 C.
1092 233 1173 277 212]
1443 223 1525 264 249

169 344 272 385 tum,
300 350 350 377 ne
376 336 463 377 sine
489 335 662 377 ducibus
689 342 843 385 essent,
883 350 955 377 sex
979 336 1208 390 praefectos
1235 349 1442 383 creavere,
1479 340 1524 375 ut

168 398 271 438 terni
295 397 558 439 Achradinae
584 413 631 438 ac
656 398 767 438 Naso
793 404 1042 452 praeessent.
1105 398 1245 438 sedato
1271 398 1435 438 tandem
1461 403 1524 437 tu-

168 460 299 501 multu
325 459 622 513 exequentibus
649 460 912 508 sciscitando,
950 474 1054 512 quae
1085 466 1176 500 acta
1207 475 1300 500 cum
1324 459 1524 500 Romanis

168 529 323 571 essent,
362 522 539 562 dilucere
564 522 606 562 id
631 522 742 575 quod
767 528 851 562 erat
877 522 1028 576 coepit,
1066 522 1188 562 aliam
1215 536 1332 562 suam
1363 536 1409 562 ac
1434 536 1526 576 pcr-

168 583 361 638 fugarum
387 599 553 624 causam
580 598 683 624 esse.

251 645 408 686 XXX.
468 645 519 686 In
546 651 727 699 tempore
753 645 878 700 legati
904 661 927 686 a
945 645 1144 686 Marcello
1170 645 1392 694 redierunt,
1420 644 1525 685 salsa

168 722 238 747 eos
266 707 498 761 suspicione
523 707 711 747 incitatos
738 713 1012 747 memorantes
1038 721 1114 747 nec
1140 721 1307 747 causam
1333 712 1527 760 expeten-

168 769 244 808 dae
281 783 438 822 poenae
475 784 613 809 eorum
652 768 778 808 ullam
815 769 1014 809 Romanis
1053 783 1156 809 esse.
1218 774 1302 809 crat
1338 783 1359 809 e
1396 767 1525 809 tribus

167 829 430 871 Achradinae
466 830 684 884 praefectis
716 830 950 884 Hispanus,
988 830 1198 871 Moericus
1239 831 1414 872 1101111116.
1475 831 1528 871 ad

167 908 260 933 eum
286 893 390 933 inter
414 893 583 933 comites
608 893 837 946 legatorum
863 893 913 934 de
938 893 1139 933 industria
1162 908 1269 933 unus
1296 908 1347 933 ex
1371 892 1528 947 Hispa-

166 969 312 995 norum
337 954 606 994 auxiliaribus
633 961 694 994 est
719 954 889 1003 missus,
917 955 987 1007 qui
1008 955 1094 994 sinc
1121 953 1281 994 arbitris
1296 954 1526 995 Moericum

166 1023 357 1064 nanctus,
389 1016 565 1069 primum
592 1030 672 1068 quo
698 1016 739 1055 in
766 1022 875 1055 statu
899 1015 1132 1068 reliquisset
1157 1015 1405 1069 Hispaniam
1429 1039 1462 1044 —
1487 1022 1527 1056 et

165 1092 295 1131 nuper
330 1077 424 1116 inde
460 1083 627 1117 venerat
656 1101 690 1105 -
719 1077 904 1130 exponit:
954 1077 1091 1117 omnia
1126 1076 1325 1117 Romanis
1362 1076 1419 1117 ibi
1455 1076 1528 1117 ob-

165 1138 283 1178 tineri
307 1138 443 1178 armis.
504 1152 627 1191 posse
653 1152 765 1187 eum,
805 1138 839 1178 si
863 1153 1011 1192 operae
1037 1138 1213 1192 pretium
1238 1138 1380 1186 faciat,
1417 1138 1529 1192 prin-

165 1200 298 1254 cipem
334 1199 593 1253 popularium
630 1213 740 1248 esse,
780 1214 852 1241 seu
889 1200 1062 1240 militare
1100 1214 1193 1240 cum
1218 1199 1417 1240 Romanis
1456 1213 1530 1239 seu

164 1262 206 1303 in
253 1262 427 1316 patriam
475 1262 622 1302 reverti
669 1261 821 1302 lubeat.
889 1269 1047 1311 contra,
1099 1262 1132 1303 si
1181 1261 1302 1302 malle
1349 1261 1529 1302 obsideri

164 1333 327 1379 pergat,
355 1338 479 1378 quam
506 1339 621 1378 spem
648 1338 739 1365 esse
765 1331 871 1365 terra
895 1325 1079 1378 marique
1106 1324 1271 1365 clauso?
1301 1330 1437 1365 motus
1464 1324 1527 1364 his

165 1385 394 1435 Moericus,
444 1401 538 1426 cum
579 1386 737 1440 legatos
775 1387 828 1427 ad
864 1386 1111 1427 Marcellum
1149 1387 1255 1426 mitti
1290 1386 1527 1441 placuisset,

165 1447 333 1487 fratrem
358 1447 463 1487 inter
488 1462 557 1487 eos
584 1448 724 1497 mittit,
757 1448 826 1500 qui
851 1463 924 1502 per
949 1448 1125 1489 eundem
1151 1448 1265 1488 illum
1291 1447 1529 1502 Hispanum

168 1515 347 1550 secretus
374 1508 425 1549 ab
452 1509 541 1548 aliis
574 1509 626 1549 ad
656 1508 903 1550 Marcellum
929 1510 1150 1559 deductus,
1189 1524 1283 1550 cum
1314 1510 1438 1550 fidem
1463 1524 1530 1551 ac-

168 1570 345 1624 cepisset
381 1570 762 1624 composuissetque
800 1572 984 1625 agendae
1022 1572 1207 1612 ordinem
1243 1571 1320 1621 rei,
1368 1571 1530 1611 Achra-

168 1633 305 1672 dinam
330 1632 445 1672 redit.
507 1639 594 1672 tuin
618 1632 848 1682 Moericus,
881 1641 925 1673 ut
950 1633 1001 1675 ab
1028 1634 1262 1687 suspicione
1288 1634 1528 1687 proditionis

168 1700 367 1734 averteret
403 1693 586 1734 omnium
623 1694 808 1744 animos,
857 1702 1004 1749 negat,
1056 1695 1134 1735 sibi
1169 1695 1330 1749 placere
1370 1695 1529 1750 legatos

168 1769 397 1796 commeare
428 1755 533 1796 ultro
565 1755 766 1809 citroque,
805 1771 938 1809 neque
967 1756 1248 1810 recipiendum
1279 1771 1529 1810 quemquam

167 1832 300 1870 neque
330 1817 592 1866 mittendum,
633 1824 672 1858 et
708 1832 789 1871 quo
825 1818 1018 1859 intentius
1056 1819 1265 1859 custodiae
1306 1826 1529 1867 serventur,

167 1886 397 1933 opportuna
439 1879 658 1920 dividenda
700 1880 917 1934 praefectis
961 1895 1076 1930 esse,
1125 1887 1170 1921 ut
1215 1895 1313 1921 suae
1356 1881 1530 1934 quisque

167 1942 293 1996 partis
327 1942 520 1982 tutandae
551 1957 644 1982 rcus
680 1943 742 1983 sit.
804 1957 947 1983 omnes
980 1943 1145 1983 adsensi
1177 1949 1282 1983 sunt.
1343 1942 1528 1996 partibus

168 2004 399 2044 dividendis
430 2004 510 2057 ipsi
542 2004 654 2058 regio
687 2004 822 2044 evenit
853 2004 904 2045 ab
930 2004 1141 2045 Arethusa
1171 2004 1284 2045 fonte
1315 2019 1445 2057 usque
1478 2004 1530 2045 ad

169 2065 319 2104 ostium
345 2065 484 2120 magni
510 2073 664 2119 portus.
715 2066 757 2106 id
783 2072 826 2106 ut
852 2066 1000 2107 scirent
1024 2066 1203 2107 Romani
1227 2066 1335 2106 fecit.
1391 2066 1529 2119 itaque

169 2126 392 2167 Marcellus
424 2135 543 2167 nocte
574 2142 722 2168 navem
756 2128 982 2168 onerariam
1014 2142 1107 2168 eum
1145 2128 1312 2168 armatis
1348 2127 1530 2168 remulco

169 2188 437 2240 quadriremis
464 2189 567 2229 trahi
593 2190 645 2230 ad
669 2189 950 2230 Achradinam
981 2190 1101 2231 iussit
1126 2190 1356 2244 exponique
1382 2190 1530 2231 milites

170 2250 335 2304 regione
361 2257 519 2304 portae,
558 2265 663 2303 quae
694 2267 821 2306 prope
852 2252 1008 2292 fontem
1033 2250 1288 2292 Arethusam
1319 2258 1393 2292 est.
1453 2251 1532 2291 hoc

171 2326 264 2352 cum
313 2319 457 2364 quarta
504 2313 644 2367 vigilia
691 2314 846 2354 factum
895 2320 1004 2354 esset
1047 2313 1338 2368 expositosque
1382 2313 1531 2354 milites

170 2380 304 2426 porta,
349 2380 393 2413 ut
430 2381 693 2424 convenerat,
738 2376 958 2430 recepisset
996 2375 1224 2424 Moericus,
1273 2375 1364 2416 luce
1401 2375 1532 2429 prima

170 2435 394 2476 Marcellus
426 2436 616 2477 omnibus
649 2437 776 2492 copiis
808 2438 972 2478 moenia
1002 2436 1264 2478 Achradinae
1296 2437 1533 2491 adgreditur

170 2496 243 2545 ita,
279 2504 323 2537 ut
348 2512 431 2538 non
462 2512 532 2538 eos
566 2499 718 2547 solum,
757 2499 828 2552 qui
853 2499 1138 2539 Achradinam
1169 2498 1382 2547 tenebant,
1420 2499 1461 2538 in
1488 2512 1531 2538 se

171 2566 440 2608 converteret,
479 2560 550 2600 sed
583 2560 634 2601 ab
660 2561 772 2601 Naso
805 2561 926 2601 etiam
958 2561 1125 2616 agmina
1154 2567 1403 2602 armatorum
1436 2575 1532 2601 con-

171 2628 376 2662 currerent
401 2621 551 2663 relictis
580 2623 823 2665 stationibus
851 2623 935 2665 suis
962 2623 1014 2664 ad
1046 2623 1128 2664 vim
1160 2629 1199 2665 61
1223 2623 1423 2678 impetum
1447 2624 1533 2665 Ro·-

1551 347 1591 376 10

1552 780 1571 809 10
