1815 3184
447 231 599 266 LIBER
624 230 791 274 XXVII,
819 229 943 265 14.15.
972 231 1020 272 [a.
1035 228 1072 262 C.
1086 228 1168 270 209]
1410 215 1489 256 341

145 342 256 376 tanta
292 349 461 389 corpora
494 334 578 375 ictu
614 339 654 374 et
689 339 776 373 tum
813 332 995 373 conferta
1030 330 1161 372 turba.
1223 329 1297 370 sed
1331 335 1375 369 ut
1412 342 1494 368 non

146 412 286 438 omnes
313 395 512 436 vulnerati
543 401 655 444 sunt,
692 394 749 435 ita
778 394 819 434 in
849 408 1022 446 quorum
1046 392 1171 447 tergis
1196 390 1322 431 infixa
1347 395 1494 431 stetere

146 459 245 513 pila,
271 464 315 498 ut
340 464 402 499 est
425 472 555 512 genus
587 470 756 510 anceps,
792 456 835 496 in
865 455 1006 510 fugam
1038 454 1145 495 versi
1170 454 1291 494 etiam
1315 453 1497 506 integros

147 527 340 561 avertere.
390 526 475 559 tum
500 519 581 559 iam
606 533 688 559 non
711 532 818 558 unus
843 516 1094 571 manipulus,
1122 515 1194 557 sed
1219 529 1292 569 pro
1318 528 1361 555 se
1387 513 1498 566 quis-

147 597 225 635 que
251 581 387 630 miles,
425 581 495 634 qui
519 580 641 620 modo
667 579 838 632 adsequi
862 593 1012 634 agmen
1037 577 1284 632 fugientium
1309 576 1500 630 elephan-

148 652 281 683 torum
317 649 491 697 poterat,
536 642 619 696 pila
655 641 851 682 conicere.
923 655 970 681 eo
1006 639 1137 694 magis
1173 653 1289 679 ruere
1325 638 1367 678 in
1405 651 1500 678 suos

147 705 292 746 beluae
318 711 511 758 tantoque
537 704 732 745 maiorem
758 709 936 757 stragem
962 702 1081 743 edere
1107 716 1230 754 quam
1248 700 1353 741 inter
1371 698 1500 740 hostis

149 767 375 815 cdiderant,
413 772 565 820 quanto
601 765 734 806 acrius
771 780 899 819 pavor
929 769 1231 805 consternatam
1261 762 1347 817 agit
1377 775 1501 815 quam

148 829 361 869 insidentis
387 828 571 882 magistri
596 827 767 881 imperio
786 827 951 881 regitur.
1000 826 1042 866 in
1067 825 1346 879 perturbatam
1370 830 1502 864 trans-

149 905 271 930 cursu
301 889 513 930 beluarum
544 889 673 929 aciem
711 888 829 942 signa
863 887 1045 927 inferunt
1068 887 1245 927 Romani
1274 886 1432 940 pedites
1464 892 1503 926 et

149 952 258 992 haud
282 966 431 1005 magno
457 950 676 991 certamine
701 950 938 1002 dissupatos
959 948 1281 1001 trepidantisque
1301 952 1500 988 avertunt.

149 1020 235 1053 tum
265 1013 307 1052 in
338 1012 542 1066 fugientes
569 1011 793 1063 equitatum
823 1010 989 1049 inmittit
1019 1008 1262 1057 Marcellus,
1299 1023 1376 1049 neo
1407 1014 1501 1048 ante
1551 1027 1556 1032 ·

148 1074 240 1114 finis
266 1072 464 1125 sequendi
489 1079 551 1112 est
575 1071 708 1112 factus
734 1086 857 1123 quam
881 1070 924 1110 in
949 1077 1082 1111 castra
1100 1077 1297 1124 paventes
1318 1069 1505 1123 conpulsi

149 1141 255 1175 sunt.
314 1149 410 1173 nam
448 1147 571 1186 super
606 1132 704 1180 alia,
742 1146 847 1184 quae
883 1138 1077 1172 terrorem
1108 1131 1503 1184 trepidationemque

147 1195 344 1242 facerent,
383 1193 588 1247 elephanti
620 1207 784 1246 quoque
815 1192 896 1233 duo
927 1192 970 1232 in
1000 1192 1090 1246 ipsa
1114 1199 1232 1246 porta
1256 1199 1502 1240 corruerant,

149 1256 359 1309 coactique
395 1261 509 1296 erant
544 1255 694 1295 milites
730 1269 804 1308 per
840 1254 998 1295 fossam
1033 1254 1268 1307 vallumque
1309 1268 1427 1294 ruere
1463 1254 1506 1293 in

149 1326 293 1360 castra.
352 1316 410 1358 ibi
434 1316 614 1357 maxima
637 1316 817 1357 hostium
844 1316 990 1357 caedes
1015 1315 1136 1356 facta.
1192 1330 1312 1356 caesa
1336 1315 1389 1356 ad
1414 1321 1505 1356 octo

149 1380 259 1420 milia
278 1379 507 1427 hominum,
529 1379 709 1431 quinque
730 1378 947 1432 elephanti.
986 1392 1061 1418 nec
1074 1377 1274 1418 Romanis
1294 1378 1506 1418 incruenta

149 1441 318 1482 victoria
342 1440 437 1481 fuit:
463 1441 573 1481 mille
598 1440 727 1481 ferme
752 1447 792 1480 et
817 1440 1067 1494 septingenti
1086 1440 1136 1481 de
1156 1439 1316 1482 duabus
1335 1439 1507 1493 legioni-

150 1502 227 1543 bus
254 1508 293 1542 et
319 1502 521 1542 sociorum
548 1516 672 1555 supra
696 1501 806 1542 mille
832 1502 1001 1542 trecenti
1026 1502 1163 1551 occisi,
1190 1501 1391 1542 vulnerati
1414 1516 1506 1555 per-

151 1563 268 1604 multi
315 1563 466 1603 civium
515 1563 810 1615 sociorumque.
888 1562 1100 1603 Hannibal
1147 1570 1264 1604 nocte
1318 1563 1506 1617 proxima

153 1632 286 1666 castra
308 1625 455 1673 movit;
482 1625 713 1678 cupientem
738 1624 899 1677 inscqui
912 1624 1157 1665 Marcellum
1174 1624 1383 1679 prohibuit
1402 1624 1507 1664 mul-

153 1687 282 1727 titudo
309 1686 552 1727 sauciorum.

236 1747 338 1789 XV.
401 1747 709 1802 Speculatores,
736 1749 806 1802 qui
829 1755 1172 1804 prosequerentur
1197 1764 1364 1805 agmen,
1390 1749 1507 1790 missi

152 1816 315 1864 postero
336 1809 401 1850 die
421 1810 672 1859 rettulerunt,
695 1810 877 1851 Bruttios
892 1810 1170 1852 Hannibalem
1189 1818 1338 1865 petere.
1375 1810 1507 1851 isdem

153 1871 281 1912 ferme
307 1871 451 1912 (liebus
477 1878 516 1912 et
541 1872 593 1912 ad
614 1871 665 1924 Q.
687 1872 882 1912 Fulvium
907 1872 1114 1913 consulem
1133 1872 1263 1927 Irpini
1288 1879 1327 1913 et
1345 1872 1508 1912 Lucani

154 1939 193 1973 et
206 1932 448 1974 Vulcientes
475 1934 632 1975 traditis
658 1934 872 1988 praesidiis
898 1933 1165 1984 Hannibalis,
1203 1949 1307 1988 quae
1331 1934 1374 1975 in
1397 1934 1508 1975 urbi-

153 1994 231 2035 bus
268 1994 493 2045 habebant,
538 1995 780 2036 dedidcrunt
817 2011 906 2037 sese
943 1996 1244 2049 clementerque
1280 2012 1304 2037 a
1340 1995 1507 2037 consule

156 2070 248 2105 cum
272 2056 490 2098 verborum
515 2063 672 2098 tantum
692 2057 958 2112 castigatione
978 2057 1030 2098 ob
1050 2072 1227 2099 errorem
1245 2059 1509 2112 praeteritum

156 2119 313 2172 accepti
338 2126 449 2168 sunt,
477 2125 517 2159 et
540 2119 697 2160 Bruttis
724 2119 866 2161 similis
894 2134 987 2174 spes
1013 2120 1156 2160 veniae
1180 2119 1290 2160 facta
1315 2126 1388 2168 est,
1415 2133 1508 2160 cum

157 2179 207 2220 ab
232 2180 281 2220 iis
307 2179 455 2221 Vibius
482 2187 521 2221 et
544 2180 719 2221 Paccius
750 2181 913 2230 fratres,
950 2181 1071 2236 longe
1101 2181 1346 2222 nobilissimi
1375 2181 1509 2235 gentis

158 2242 263 2290 cius,
302 2242 491 2291 eandem,
529 2256 634 2295 quae
665 2242 761 2283 data
785 2242 969 2284 Lucanis
995 2250 1097 2292 erat,
1136 2243 1416 2284 condicionem
1441 2243 1511 2283 de—

158 2303 321 2344 ditionis
357 2310 542 2357 petentes
579 2304 800 2346 venissent.
862 2304 914 2358 Q.
940 2305 1095 2346 Fabius
1133 2305 1277 2346 consul
1313 2305 1509 2359 oppidum

158 2366 199 2405 in
226 2364 462 2406 Sallentinis
493 2365 757 2407 Manduriam
787 2367 828 2407 vi
858 2367 976 2421 cepit.
1035 2367 1092 2408 ibi
1123 2367 1175 2407 ad
1204 2367 1280 2408 tria
1303 2367 1415 2408 milia
1437 2367 1511 2408 ho-

159 2427 315 2467 minum
341 2434 460 2481 capta
485 2435 524 2468 et
549 2434 707 2469 ceterae
731 2429 907 2482 praedae
933 2429 1198 2482 aliquantum.

242 2489 345 2530 Inde
371 2489 594 2531 Tarentum
624 2490 831 2545 profectus
856 2491 899 2531 in
927 2491 1028 2545 ipsis
1060 2491 1247 2533 faucibus
1272 2498 1413 2546 portus
1438 2506 1511 2545 po-

160 2551 241 2591 suit
277 2558 420 2592 castra.
492 2553 627 2602 navis,
675 2567 777 2606 quas
813 2553 960 2594 Livius
998 2553 1177 2595 tutandis
1214 2553 1509 2595 commeatibus

158 2612 379 2662 habuerat,
428 2615 576 2668 partim
624 2615 994 2656 machinationibus
1043 2622 1183 2659 onerat
1230 2622 1509 2670 apparatuque

159 2675 364 2716 moenium
413 2677 805 2731 oppugnandorum,
859 2677 1006 2731 partim
1054 2678 1264 2718 tormentis
1313 2684 1352 2718 et
1400 2677 1509 2719 saxis

1526 525 1565 555 10

1530 835 1566 863 11

1532 1144 1571 1172 13

1533 1390 1573 1418 14

1533 1577 1572 1605 15

1533 1822 1550 1851 ΚΟ

1536 2565 1555 2594 <51
