1815 3184
337 221 421 264 390
664 227 818 263 LIBER
839 213 1023 273 Xxvm,
1050 229 1081 263 7.
1109 230 1157 272 [a.
1170 240 1205 264 u.
1221 229 1344 273 2547]

336 333 527 386 iungatur
557 338 745 384 terraque
776 331 931 372 aditum
959 331 1183 373 faciliorem
1215 345 1339 385 quam
1371 331 1474 372 mari
1507 332 1667 375 habeat.

294 408 312 437 3
337 393 460 448 igitur
488 393 707 447 Philippus
740 392 898 434 deiecto
928 393 1133 447 praesidio
1170 393 1356 446 fusisque
1385 393 1566 443 Aetolis,
1602 395 1670 448 qui

338 455 487 495 saltum
517 454 889 509 Thermopylarum
924 454 1177 504 insidebant,
1221 469 1314 495 cum
1350 470 1373 496 a
1407 455 1671 496 Demetriade

338 515 575 565 Scotusam,
600 516 695 557 inde
720 516 771 556 de
797 515 918 556 tertia
941 516 1082 571 vigilia
1102 516 1311 571 profectus
1336 516 1516 571 trepidos
1542 516 1671 558 hostis

336 578 585 619 Heracleam
621 577 905 632 compulisset,
942 578 1031 632 ipse
1061 592 1143 619 uno
1174 578 1238 619 die
1269 578 1464 619 Phocidis
1494 578 1674 619 Elatiam

291 654 312 682 4
335 639 447 680 milia
472 640 645 694 amplius
672 639 887 693 sexaginta
911 640 1131 681 contendit.
1191 640 1336 681 eodem
1367 640 1495 680 ferme
1527 640 1591 680 die
1623 640 1675 680 ab

335 702 479 743 Attalo
508 717 605 757 rege
638 701 917 757 Opuntiorum
952 703 1050 743 urbs
1088 710 1207 756 capta
1243 702 1520 757 diripiebatur.
1579 717 1675 743 con-

337 772 518 805 cesserat
547 780 638 805 611111
667 765 757 819 regi
785 765 982 819 praedam
1009 763 1235 820 Sulpicius,
1273 765 1369 818 quia
1394 764 1551 806 Oreum
1574 779 1676 819 pau-

336 841 406 868 cos
427 836 519 869 ante
541 828 627 869 dies
649 828 700 868 ab
713 828 902 869 Romano
922 828 1049 869 milite
1070 827 1305 883 expertibus
1323 827 1447 882 regiis
1474 827 1676 881 direptum

292 901 311 930 5
336 889 481 931 fuerat.
541 904 634 930 eum
664 890 854 931 Romana
890 890 1034 931 classis
1071 905 1118 930 eo
1157 904 1201 930 se
1231 889 1472 944 recepisset,
1508 889 1676 930 Attalus

336 950 503 1005 ignarus
537 953 737 993 adventus
761 952 945 1007 Philippi
974 951 1159 1021 pecuniis
1185 966 1209 992 a
1233 951 1485 1006 principibus
1511 951 1678 1005 exigen-

295 1025 312 1054 6
339 1012 401 1053 dis
433 1014 590 1055 terebat
621 1022 802 1069 tempus,
840 1014 1023 1067 adeoque
1053 1013 1263 1068 inproxisa
1286 1028 1351 1054 res
1377 1013 1474 1062 fuit,
1506 1021 1568 1061 ut,
1599 1012 1677 1053 nisi

339 1073 602 1121 Cretensium
623 1076 790 1129 quidam
809 1075 913 1116 forte
933 1075 1172 1130 pabulatum
1197 1076 1248 1115 ab
1272 1075 1372 1115 urbe
1396 1074 1559 1128 longius
1584 1089 1678 1129 pro-

338 1138 470 1188 <nessi
501 1153 650 1193 agmen
675 1137 853 1179 hostium
876 1137 1019 1192 11106111
1044 1137 1375 1207 conspexissent,
1407 1136 1582 1191 oppiimi
1605 1151 1678 1191 po-

295 1211 311 1239 7
338 1200 470 1240 tuerit.
526 1183 698 1240 :Attalus
728 1199 895 1240 inermis
927 1208 1048 1252 atquc
1078 1199 1372 1253 incompositus
1399 1213 1520 1239 cursu
1545 1198 1677 1240 effuso

335 1277 447 1302 1111116
480 1276 527 1302 116
556 1277 683 1302 naves
715 1261 834 1316 petit,
873 1270 911 1302 61
943 1261 1204 1311 molientibus
1231 1261 1282 1301 ab
1307 1268 1414 1301 terra
1437 1260 1554 1301 navis
1578 1260 1678 1301 Phi-

336 1324 471 1378 lippus
510 1324 747 1378 supervenit
783 1323 1083 1375 tumultumque
1121 1323 1244 1363 etiam
1281 1337 1332 1363 ex
1367 1330 1475 1363 terra
1504 1322 1677 1363 nauticis

292 1395 311 1425 8
336 1385 536 1441 praebuit.
596 1385 691 1426 inde
723 1385 937 1440 Opuntem
965 1385 1085 1425 rediit
1121 1385 1220 1425 deos
1256 1384 1524 1437 hominesque
1560 1398 1679 1424 accu-

338 1463 453 1495 sans,
492 1448 601 1501 quod
632 1454 769 1487 tantae
799 1447 858 1487 rei
888 1447 1095 1487 fortunam
1126 1461 1178 1486 ex
1208 1446 1337 1487 oeulis
1367 1461 1495 1500 prope
1519 1454 1680 1500 raptam

293 1518 310 1548 9
337 1510 554 1550 amisisset.
605 1509 779 1565 Opuntii
805 1523 967 1562 quoque
994 1509 1044 1549 ab
1070 1508 1215 1549 eadem
1239 1508 1300 1548 ira
1323 1507 1531 1563 increpiti,
1558 1508 1679 1561 quod,

337 1587 429 1612 eum
465 1571 626 1612 trahere
663 1571 920 1612 obsidionem
955 1570 997 1610 in
1034 1571 1256 1611 adventum
1287 1585 1406 1611 suum
1435 1570 1680 1625 potuissent,

336 1634 425 1674 viso
457 1633 594 1674 statim
626 1633 744 1674 hoste
774 1648 903 1687 prope
934 1632 977 1673 in
1006 1632 1279 1673 voluntariam
1311 1631 1560 1673 deditionem
1585 1646 1681 1673 con-

335 1695 571 1736 cessissent.
632 1695 871 1750 compositis
909 1694 1017 1736 circa
1049 1694 1261 1750 Opuntem
1297 1695 1420 1736 rebus
1451 1693 1681 1735 Thronium

270 1771 310 1801 10
336 1766 399 1799 est
433 1758 657 1813 profectus.
717 1766 757 1798 et
789 1757 958 1798 Attalus
994 1757 1126 1812 primo
1158 1756 1318 1798 Oreum
1353 1764 1416 1797 est
1451 1756 1680 1812 profectus3

334 1820 448 1869 inde,
486 1835 579 1861 cum
608 1820 720 1860 fama
751 1820 967 1861 accidisset
996 1819 1177 1860 Prusian
1205 1818 1427 1873 Bithyniae
1462 1833 1601 1873 regem
1638 1818 1681 1859 in

334 1883 427 1924 finis
447 1882 564 1938 regni
585 1882 648 1923 sui
669 1891 994 1937 transgressum,
1020 1881 1183 1923 omissis
1203 1882 1326 1922 rebus
1349 1888 1470 1934 atque
1490 1879 1680 1922 Aetolico

272 1958 307 1987 11
335 1945 442 1986 bello
474 1944 516 1984 in
541 1945 690 1985 Asiam
721 1944 891 1985 traiecit.
952 1952 992 1985 61
1025 1942 1233 1999 Sulpicius
1265 1942 1474 1997 Aeginam
1505 1942 1681 1983 classem

271 2018 310 2048 12
335 2007 509 2062 recepit,
545 2007 653 2048 unde
685 2007 800 2048 initio
838 2006 945 2047 veris
981 2007 1189 2061 profectus
1226 2012 1325 2046 erat.
1384 2004 1495 2045 haud
1528 2004 1682 2045 maiore

338 2069 578 2119 certamine,
628 2084 751 2123 quam
795 2068 884 2125 [ad]
932 2068 1146 2123 Opuntem
1181 2068 1350 2108 Attalus
1395 2064 1679 2121 decert[ar]at‚

335 2132 553 2187 Philippus
584 2131 815 2173 Thronium
846 2131 964 2186 cepit.
1024 2131 1259 2171 incolebant
1288 2130 1434 2170 urbem
1464 2144 1555 2170 eam
1584 2143 1680 2183 pro-

336 2194 425 2249 fugi
462 2194 513 2234 ab
544 2193 700 2235 Thebis
730 2193 996 2243 Phthioticis3
1033 2194 1135 2234 urbe
1167 2207 1242 2233 sua
1277 2201 1397 2247 capta
1434 2207 1457 2231 a
1487 2190 1681 2246 Philippo

338 2272 431 2297 611111
460 2256 502 2296 111
532 2256 656 2297 fidem
684 2256 930 2297 Aetolorum
960 2255 1259 2310 perfugissent,
1297 2254 1438 2295 sedem
1467 2253 1516 2293 iis
1542 2252 1683 2293 Aetoli

338 2334 429 2359 eam
459 2318 657 2359 dederant
685 2318 798 2358 urbis
831 2326 1016 2358 vastatae
1048 2332 1094 2358 ac
1126 2317 1313 2358 desertae
1337 2315 1472 2371 priore
1498 2315 1683 2356 eiusdem

273 2397 312 2427 13
336 2380 519 2435 Philippi
549 2379 671 2420 bello.
730 2387 817 2420 tum
850 2380 900 2420 ab
926 2379 1127 2428 Thronio,
1168 2379 1273 2419 sicut
1303 2386 1396 2419 ante
1428 2377 1582 2418 dictum
1606 2386 1681 2427 est,

337 2454 502 2497 recepta
532 2442 742 2497 profectus
775 2442 1006 2484 Tithronon
1038 2453 1078 2483 et
1101 2442 1320 2490 Drumias,
1352 2440 1522 2482 Doridis
1553 2455 1682 2495 parva

339 2515 459 2558 atque
486 2505 683 2559 ignobilia
708 2505 876 2560 oppida,
903 2505 1022 2560 cepit.
1069 2504 1165 2545 inde
1183 2504 1382 2552 Elatiam,
1408 2502 1531 2544 iussis
1555 2502 1612 2542 ibi
1637 2517 1681 2542 se

274 2582 314 2610 14
339 2568 516 2623 opperiri
533 2568 763 2609 Ptolemaei
782 2568 1121 2620 Rhodiorumque
1140 2567 1307 2622 legatis,
1333 2565 1456 2607 venit.
1493 2565 1564 2605 ubi
1588 2578 1680 2604 cum

340 2630 390 2670 de
414 2629 593 2670 finiendo
617 2630 809 2671 Aetolico
833 2630 942 2671 bello
968 2638 1158 2684 ageretur
1181 2655 1215 2659 —
1239 2628 1455 2669 adfuerant
1484 2626 1592 2667 enim
1620 2625 1679 2665 16-

340 2691 424 2745 gati
460 2706 590 2746 nuper
625 2692 856 2734 Heracleae
892 2692 1063 2733 concilio
1098 2692 1381 2733 Romanorum
1415 2687 1677 2729 Aetolorum-
