1815 3184
247 221 327 260 104
551 227 701 261 LIBER
726 227 856 270 xxii,
883 228 936 261 54.
957 228 1010 260 55.
1041 229 1137 269 [a.u.
1154 226 1278 269 0538]

242 331 450 385 cipicndos
471 329 753 381 curandosque
773 343 865 369 cum
886 329 1139 376 divisissent,
1166 328 1206 367 in
1227 327 1410 382 singulos
1431 328 1587 380 equites

241 400 358 446 togas
379 398 416 430 et
437 391 593 430 tunicas
620 397 659 429 et
683 390 946 443 quadrigatos
971 404 1161 429 nummos
1188 389 1333 442 quinos
1360 389 1525 429 vicenos
1551 396 1590 429 et

199 468 216 496 3
242 452 368 507 pediti
399 452 525 491 denos
557 457 595 490 et
627 465 737 490 arma
763 451 911 503 quibus
937 451 1103 490 deerant
1130 451 1344 498 dederunt,
1377 456 1589 502 ceteraque

242 513 402 568 publice
434 527 480 552 ac
511 512 700 566 privatim
732 512 986 566 hospitaliter
1015 512 1124 552 faeta
1155 518 1449 564 certatumque,
1486 525 1537 550 ne
1568 526 1592 550 a

242 575 411 615 muliere
445 568 653 615 Canusina
690 574 866 627 populus
897 574 1134 614 Venusinus
1167 573 1312 613 officiis
1349 573 1589 612 vinceretur.

197 652 217 679 4
244 637 315 678 scd
351 637 516 691 gravius
554 650 656 676 onus
687 635 825 676 Busae
862 636 1078 676 multitudo
1114 635 1309 683 faciebat,
1348 642 1386 674 et
1421 634 1502 674 iam
1539 633 1591 673 ad

197 713 215 740 5
243 699 383 739 decem
416 698 527 737 milia
551 697 762 737 hominum
788 706 919 746 erant,
952 697 1197 750 Appiusque
1224 704 1261 737 et
1290 695 1448 749 Scipio,
1481 703 1594 749 post-

241 775 364 813 quam
389 759 634 799 incolumem
662 773 752 799 esse
778 759 949 798 alterum
975 758 1183 799 consulem
1204 764 1465 811 acceperunt,
1490 771 1594 796 nun-

246 822 346 861 tium
373 820 577 874 extemplo
604 820 786 868 mittunt,
819 832 994 873 quantae
1021 834 1159 860 secum
1185 819 1368 873 peditum
1395 818 1595 871 equitum-

244 898 321 936 que
348 883 488 936 copiae
515 890 670 931 essent,
698 882 1029 934 sciscitatumque
1051 881 1189 930 simul,
1216 893 1353 921 utrum
1367 879 1593 920 Venusiam

203 958 219 985 ti
247 945 394 985 adduci
420 944 640 984 exercitum
667 959 718 983 an
743 958 906 984 manere
932 943 1089 984 iuberet
1116 943 1284 983 Canusi.
1344 941 1476 982 Varro
1507 940 1595 994 ipse

245 1006 472 1047 Canusium
505 1006 642 1059 copias
676 1005 866 1045 traduxit.
927 1014 965 1045 et
997 1005 1077 1044 iam
1103 1005 1238 1057 aliqua
1264 1002 1422 1058 species
1449 1016 1596 1042 consu-

245 1069 339 1109 laris
366 1067 566 1107 exercitus
593 1079 696 1115 erat,
724 1066 1017 1119 moenibusque
1045 1080 1087 1106 se
1113 1074 1238 1115 certe,
1265 1065 1342 1106 etsi
1365 1079 1447 1104 non
1473 1063 1594 1103 armis

243 1131 293 1171 ab
319 1130 436 1169 hoste
461 1128 704 1168 videbantur
728 1128 946 1168 defensuri.

175 1196 178 1198 ’
201 1202 217 1228 7
348 1192 505 1231 {omani
530 1205 580 1230 ne
605 1190 680 1230 has
706 1190 870 1242 quidem
895 1189 1086 1242 reliquias
1114 1202 1329 1243 superesse
1355 1187 1504 1228 civium
1531 1200 1595 1225 so-

245 1254 504 1305 ciorumque,
533 1252 604 1291 sed
631 1251 838 1291 occidione
865 1251 1045 1291 occisum
1066 1265 1158 1290 cum
1180 1247 1595 1290 consulibusduobus

203 1324 222 1351 δ
249 1315 469 1356 exercitum
496 1314 731 1365 deletasque
757 1328 897 1353 omues
924 1313 1061 1367 copias
1088 1313 1268 1353 adlatum
1292 1312 1436 1351 fuerat.
1480 1325 1597 1350 num-

244 1392 367 1429 quam
394 1376 506 1416 salva
530 1375 629 1415 urbe
655 1382 810 1414 tantum
830 1376 991 1428 pavoris
1014 1375 1292 1427 tumultusque
1311 1374 1415 1413 intra
1435 1371 1595 1412 moenia

244 1439 433 1478 Romana
463 1437 550 1476 fuit.
611 1436 747 1489 itaque
781 1435 869 1490 [nc]
905 1436 1169 1477 succumbam
1201 1435 1330 1483 oneri,
1368 1447 1500 1486 neque
1527 1433 1597 1472 ad-

244 1499 406 1554 grediar
446 1512 609 1538 narrare
651 1512 755 1550 quae
793 1498 1072 1538 edissertando
1109 1498 1265 1537 minora
1301 1511 1398 1536 vero
1434 1494 1595 1535 faciam.

201 1573 218 1598 a
246 1560 412 1601 consule
439 1560 699 1612 exercituque
725 1559 775 1599 ad
802 1559 1131 1600 Trasumennum
1156 1559 1288 1613 priore
1313 1572 1419 1598 anno
1445 1556 1596 1597 amisso

245 1637 326 1661 non
352 1621 500 1660 vulnus
527 1635 650 1674 super
674 1621 841 1669 vulnus,
869 1622 941 1661 sed
966 1621 1179 1674 multiplex
1204 1620 1359 1668 clades,
1387 1634 1479 1659 cum
1498 1618 1598 1657 duo-

247 1683 323 1723 bus
350 1682 586 1723 consulibus
614 1683 694 1722 duo
721 1683 954 1723 consulares
975 1683 1175 1723 exercitus
1197 1681 1337 1722 amissi
1356 1679 1599 1720 nuntiaban-

249 1756 330 1784 tur:
363 1758 438 1784 nee
463 1743 545 1783 ulla
570 1743 651 1783 iam
679 1751 811 1784 castra
836 1743 1023 1784 Romana
1048 1758 1121 1783 nee
1147 1744 1292 1787 ducem
1323 1757 1397 1782 nec
1429 1741 1599 1781 militem

185 1815 222 1842 tt)
248 1820 358 1854 esse,
385 1805 633 1845 Hannibalis
658 1805 874 1859 Apuliam,
904 1805 1119 1846 Samnium
1145 1819 1191 1845 ac
1216 1805 1298 1845 iam
1322 1818 1448 1858 prope
1474 1809 1598 1842 totam

247 1867 408 1907 Italiam
428 1867 590 1907 factam.
629 1867 739 1907 nulla
765 1867 948 1921 profecto
973 1867 1052 1907 alia
1076 1881 1178 1921 gens
1204 1872 1315 1906 tanta
1339 1864 1445 1905 mole
1471 1863 1597 1903 cladis

182 1938 219 1966 11
247 1944 327 1969 non
361 1929 505 1969 obruta
537 1936 657 1969 esset.
719 1944 930 1982 compares
963 1929 1120 1968 cladem
1151 1928 1203 1968 ad
1233 1926 1407 1981 Aegatis
1443 1924 1598 1966 insulas

249 1990 651 2044 Carthaginiensium
682 1991 837 2044 proelio
863 1991 998 2031 navali
1023 1998 1251 2044 acceptam,
1283 2003 1363 2042 qua
1388 1988 1507 2028 fracti
1533 1985 1599 2028 Si-

247 2052 338 2092 cilia
370 2066 417 2092 ae
444 2050 634 2092 Sardinia
665 2066 843 2100 cessere,
875 2052 969 2091 inde
994 2052 1204 2106 vectigalis
1237 2065 1283 2091 ae
1316 2049 1599 2104 stipendiarios

246 2114 333 2154 fieri
366 2128 409 2154 se
439 2114 553 2167 passi
578 2121 691 2161 sunt,
725 2122 792 2154 aut
818 2129 999 2168 pugnam
1026 2115 1241 2154 adversam
1272 2113 1315 2152 in
1338 2112 1502 2160 Africa,
1535 2111 1601 2151 eui

248 2184 391 2230 postea
421 2175 487 2215 hie
517 2176 605 2229 ipse
630 2175 842 2216 Hannibal
874 2176 1107 2216 succubuit:
1144 2176 1255 2216 nulla
1287 2190 1337 2215 ex
1366 2180 1481 2228 parte
1507 2187 1602 2213 con-

248 2237 451 2291 parandae
479 2244 591 2285 sunt,
618 2237 698 2276 nisi
723 2238 833 2290 quod
858 2237 1013 2277 minore
1039 2237 1173 2277 animo
1198 2237 1303 2277 latae
1330 2242 1435 2276 sunt.

207 2316 221 2344 1
332 2298 427 2339 LV.
487 2298 536 2339 P.
573 2298 723 2338 Furius
755 2299 901 2339 Philus
939 2306 977 2339 et
1008 2298 1069 2339 M.
1102 2298 1356 2352 Pomponius
1393 2303 1601 2351 praetores

251 2368 437 2401 senatum
479 2361 522 2400 in
563 2361 718 2400 curiam
755 2360 978 2401 Hostiliam
1013 2370 1280 2408 vocaverunt,
1324 2367 1367 2399 ut
1403 2359 1453 2398 de
1489 2358 1601 2398 urbis

207 2438 224 2467 2
252 2422 436 2462 custodia
462 2422 736 2462 consulerent:
763 2437 894 2475 neque
920 2423 1027 2462 enim
1053 2421 1295 2462 dubitabant
1320 2421 1462 2461 deletis
1489 2434 1603 2460 exer-

253 2484 399 2524 citibus
443 2483 603 2524 hostem
647 2484 698 2524 ad
735 2484 1053 2538 oppugnandam
1090 2479 1284 2531 Romam,
1329 2482 1439 2535 quod
1475 2496 1601 2521 unum

211 2559 229 2587 3
255 2560 356 2599 opus
393 2544 489 2585 belli
524 2552 713 2593 restaret,
751 2554 979 2585 venturum.
1030 2560 1121 2585 cum
1157 2545 1198 2584 in
1235 2544 1352 2584 malis
1390 2543 1509 2584 sicuti
1542 2543 1603 2581 in-

254 2607 462 2661 gentibus,
488 2607 543 2647 ita
563 2607 712 2661 ignotis
733 2622 807 2648 nec
828 2607 1041 2648 consilium
1063 2607 1226 2659 quidem
1249 2606 1346 2646 satis
1367 2604 1602 2658 expedirent

257 2667 588 2721 obstreperetque
614 2668 766 2709 clamor
790 2669 1099 2709 lamentantium
1124 2668 1337 2708 mulierum
1364 2673 1401 2706 et
1420 2665 1600 2706 nondum
