1815 3184
319 235 374 275 30
624 243 777 277 LIBER
803 244 916 286 xxi,
942 243 1098 277 35-37.
1127 246 1174 286 [a.
1191 245 1365 288 u.e.53ss]

318 347 490 401 Alpium
522 346 573 386 ab
599 346 719 386 Italia
751 346 855 386 sicut
886 345 1075 387 breviora
1099 347 1154 387 ita
1181 347 1397 388 arrectiora
1424 356 1535 397 sunt,
1569 348 1676 389 diffi-

255 421 292 450 12
320 410 435 450 cilius
479 409 567 448 suit.
628 408 760 449 omnis
804 408 913 448 enim
954 408 1083 450 ferme
1124 409 1191 449 via
1227 424 1443 464 praeceps,
1487 419 1674 466 angusta,

319 471 475 511 lubrica
502 476 604 519 erat,
636 477 681 510 ut
705 484 838 523 neque
864 471 1066 511 sustinere
1098 486 1142 511 se
1174 487 1197 512 a
1228 472 1348 526 lapsu
1378 481 1564 526 possent,
1602 488 1677 513 nec

319 533 388 586 qui
412 532 581 586 paulum
606 531 854 573 titubassent
877 532 1045 573 haerere
1070 533 1222 574 adflicti
1251 534 1427 588 vestigio
1459 550 1552 583 suo,
1591 535 1678 575 alii-

319 610 399 648 que
425 609 549 648 super
574 594 674 635 alios
701 601 741 635 et
764 595 947 636 iumenta
970 595 1013 635 in
1037 595 1225 637 homines
1251 596 1494 637 occiderent.

276 670 290 698 1
403 656 626 697 XXXVI.
676 656 859 697 Ventum
890 657 1038 698 deinde
1070 658 1121 698 ad
1152 657 1281 699 multo
1307 659 1587 713 angustiorem
1612 675 1678 699 ru-

317 735 429 775 pem,
479 727 600 774 atque
636 720 693 761 ita
727 720 849 761 rectis
888 720 1018 770 saxis,
1067 727 1111 761 ut
1149 735 1272 776 aegre
1308 722 1523 776 expeditus
1560 722 1677 762 miles

318 782 638 836 temptabundus
681 782 953 835 manibusque
994 783 1173 824 retinens
1216 783 1394 838 virgulta
1435 798 1483 824 ac
1531 784 1677 838 stirpes

275 855 293 883 2
321 844 427 884 circa
459 843 684 884 eminentes
717 844 929 885 demittere
963 858 1053 884 sese
1084 852 1237 898 posset.
1286 854 1432 886 natura
1455 845 1571 886 loeus
1596 846 1677 886 iam

320 914 413 946 ante
449 920 647 960 praeceps
683 907 836 947 recenti
871 906 992 960 lapsu
1027 914 1158 948 terrae
1194 907 1237 947 in
1273 908 1424 962 pedum
1461 907 1571 948 mille
1608 907 1679 948 ad-

276 978 293 1006 3
320 968 487 1008 modum
513 968 770 1009 altitudinem
797 968 995 1022 abruptus
1022 976 1119 1009 erat.
1162 969 1219 1009 ibi
1240 984 1332 1009 cum
1353 970 1463 1010 velut
1484 970 1535 1010 ad
1554 969 1676 1010 finem

318 1029 409 1070 viae
451 1030 608 1082 equites
646 1031 942 1079 constitissent,
986 1031 1150 1071 miranti
1184 1031 1429 1080 Hannibali,
1472 1046 1576 1085 quae
1612 1046 1676 1071 res

274 1104 291 1132 4
320 1100 546 1133 moraretur
571 1108 739 1147 agmen,
766 1093 986 1142 nuntiatur,
1012 1108 1156 1147 rupem
1181 1094 1335 1134 inviam
1360 1108 1463 1135 esse.
1519 1094 1677 1149 digres-

319 1169 388 1194 sus
416 1155 562 1195 deinde
587 1155 675 1209 ipse
701 1155 753 1195 ad
778 1155 912 1196 locum
939 1155 1168 1196 visendum.
1211 1155 1311 1196 haut
1335 1156 1459 1196 dubia
1484 1170 1548 1196 res
1575 1156 1675 1203 visa,

319 1217 417 1269 quin
436 1231 509 1271 per
528 1217 638 1257 invia
663 1218 769 1258 circa
794 1232 869 1258 nec
894 1217 987 1258 trita
1012 1225 1133 1258 antea
1158 1218 1345 1271 quamvis
1371 1218 1495 1272 longo
1521 1217 1677 1258 ambitu

275 1291 293 1319 5
321 1279 643 1319 circumduceret
669 1294 829 1334 agmen.
875 1294 921 1320 ea
940 1294 1036 1320 vero
1057 1280 1123 1320 via
1142 1279 1429 1334 insuperabilis
1450 1280 1538 1320 fuit.
1581 1295 1677 1320 nam

320 1356 412 1380 cum
445 1356 568 1395 super
598 1349 777 1381 veterem
809 1342 946 1382 nivem
976 1342 1172 1382 intactam
1202 1357 1310 1382 nora
1334 1343 1518 1383 modicae
1544 1342 1678 1382 altitu-

319 1403 424 1443 dinis
445 1412 572 1451 esset,
599 1404 710 1443 molli
735 1418 809 1444 nec
835 1404 1040 1457 praealtae
1064 1404 1185 1444 facile
1210 1404 1335 1458 pedes
1361 1404 1677 1458 ingredientium

275 1480 291 1507 υ·
317 1464 580 1514 insistebant3
615 1472 657 1505 ut
682 1479 778 1505 vero
805 1473 863 1506 tot
887 1466 1101 1506 hominum
1126 1466 1483 1519 iumentorumque
1513 1466 1677 1507 incessu

320 1526 481 1581 dilapsa
511 1534 590 1575 est,
627 1541 700 1581 per
729 1528 881 1568 nudam
908 1528 1015 1568 infra
1040 1528 1214 1583 glaciem
1240 1528 1516 1581 fluentemque
1541 1528 1677 1569 tabem

277 1602 292 1630 7
319 1588 582 1641 liquescentis
614 1589 719 1630 nivis
751 1589 1098 1643 ingrediebantur.
1147 1597 1277 1630 taetra.
1307 1590 1363 1630 ibi
1393 1590 1561 1630 luctatio
1593 1598 1677 1631 erat

317 1650 383 1691 via
420 1651 576 1692 lubrica
612 1652 743 1707 glacie
781 1668 863 1692 non
898 1653 1119 1706 recipiente
1156 1653 1378 1707 vestigium
1410 1661 1449 1693 et
1478 1653 1521 1692 in
1549 1667 1678 1706 prono

320 1713 438 1754 citius
469 1714 597 1767 pedes
630 1714 816 1763 fallente,
856 1724 899 1754 ut
931 1729 1004 1755 seu
1035 1714 1225 1755 manibus
1251 1715 1293 1754 in
1318 1715 1579 1769 adsurgendo
1605 1729 1678 1754 seu

318 1790 429 1830 genu
472 1790 516 1816 se
559 1776 812 1817 adiuvissent
855 1776 955 1831 ipsis
999 1776 1257 1817 adminiculis
1293 1776 1494 1831 prolapsis
1531 1776 1678 1816 iterum

319 1845 572 1886 eorruerent;
605 1852 680 1878 nec
707 1838 852 1892 stirpes
880 1839 987 1878 cirea
1011 1839 1241 1887 radicesve,
1274 1839 1327 1878 ad
1351 1853 1453 1891 quas
1479 1838 1584 1892 pede
1609 1846 1678 1878 aut

319 1914 444 1939 manu
475 1900 693 1952 quisquam
731 1901 828 1941 eniti
864 1908 1022 1955 posset,
1061 1909 1192 1941 erant:
1235 1901 1292 1941 ita
1326 1900 1369 1940 in
1403 1900 1485 1940 levi
1520 1906 1677 1940 tantum

273 1973 292 2003 S
318 1961 450 2016 glacie
476 1961 697 2015 tabidaque
722 1963 815 2003 nive
841 1963 1143 2004 volutabantur.
1193 1963 1374 2002 iumenta
1400 1961 1594 2002 secabant
1617 1962 1679 2001 in-

319 2023 480 2063 terdum
507 2024 629 2064 etiarn
653 2025 734 2065 iam
759 2025 941 2065 infimam
967 2025 1237 2079 ingredientia
1262 2024 1398 2064 nivem
1424 2031 1463 2064 et
1487 2024 1680 2078 prolapsa

317 2085 516 2126 iactandis
548 2086 715 2141 gravius
747 2087 789 2127 in
821 2088 1038 2128 conitendo
1071 2087 1235 2142 ungulis
1262 2086 1424 2140 penitus
1450 2085 1678 2141 perfringe-

320 2147 437 2197 bant,
470 2156 514 2188 ut
538 2149 733 2202 pleraque
759 2149 869 2190 velut
893 2150 1039 2204 pedica
1065 2156 1184 2203 capta
1209 2149 1423 2190 haererent
1447 2149 1488 2188 in
1513 2149 1615 2188 dura
1640 2156 1679 2188 ct

320 2210 399 2251 alte
426 2220 615 2252 concreta
640 2212 784 2267 glacie.

276 2288 287 2314 1
402 2273 649 2315 XXXVII.
694 2275 882 2315 Tandem
906 2276 1156 2329 nequiquam
1181 2275 1373 2315 iumentis
1399 2282 1521 2327 atque
1546 2273 1679 2314 homi-

319 2334 440 2376 nibus
478 2336 661 2391 fatigatis
699 2346 832 2378 castra
867 2337 910 2377 in
946 2338 1044 2392 iugo
1079 2337 1231 2391 posita,
1281 2336 1506 2391 aegerrime
1549 2336 1602 2376 ad
1635 2336 1677 2375 id

319 2398 455 2451 ipsum
486 2398 575 2439 loco
606 2406 800 2454 purgato:
839 2407 998 2440 tantum
1029 2400 1135 2440 nivis
1167 2399 1410 2440 fodiendum
1435 2406 1557 2451 atque
1583 2412 1678 2452 ege-

273 2472 292 2501 2
318 2461 490 2500 rendum
515 2461 604 2501 fuit.
642 2461 736 2502 iude
761 2462 813 2502 ad
837 2477 980 2516 rupem
1007 2462 1289 2510 muniendam,
1316 2475 1388 2515 per
1407 2475 1531 2513 quam
1554 2475 1678 2500 unam

320 2522 388 2563 xia
429 2537 519 2563 esse
561 2530 737 2577 poterat,
787 2524 936 2565 milites
973 2524 1102 2572 ducti,
1147 2538 1241 2564 cum
1278 2523 1534 2563 caedendum
1569 2529 1678 2562 esset

321 2599 484 2633 saxum,
517 2585 730 2626 arboribus
757 2586 865 2627 circa
887 2586 1121 2627 inmanibus
1149 2585 1317 2626 deiectis
1344 2584 1676 2636 detruncatisque

321 2657 473 2687 struem
508 2648 718 2702 ingentem
753 2649 959 2703 lignorum
994 2648 1150 2689 faciunt
1187 2662 1380 2700 eamque,
1420 2662 1514 2687 cum
1545 2658 1584 2685 et
1613 2644 1675 2684 vis

321 2708 432 2748 venti
457 2716 552 2762 apta
576 2709 766 2750 faciendo
785 2710 871 2764 igni
891 2717 1027 2751 coorta
1048 2716 1174 2759 esset,
1203 2709 1456 2750 succendunt
1475 2705 1675 2747 ardentia-
