1815 3184
247 207 298 248 88
511 214 662 248 LIBER
686 215 817 258 XXII,
843 215 896 248 35.
914 215 968 249 36.
997 217 1092 258 [au.
1109 214 1228 248 e.537.
1248 214 1329 258 538]

244 319 386 358 liarum
414 316 566 371 plebei,
595 316 642 357 C.
670 315 799 357 Atilio
827 315 1003 357 Serrano
1029 323 1068 356 et
1094 315 1145 368 Q.
1171 315 1293 357 Aelio
1317 316 1465 366 Paeto,
1491 333 1590 371 quo-

244 395 333 419 rum
359 379 460 418 alter
484 377 687 431 pontifex,
721 378 821 418 alter
846 392 977 431 augur
1002 384 1103 426 erat,
1132 377 1180 418 C.
1207 377 1423 418 Terentius
1449 379 1592 419 consul

243 456 349 481 unus
387 447 556 487 creatur,
595 449 640 479 ut
674 439 717 478 in
755 454 879 479 manu
917 439 1003 479 eius
1041 447 1176 479 essent
1213 439 1375 479 comitia
1409 441 1591 494 rogando

245 501 450 555 conlegae.
501 510 588 540 tum
618 507 785 554 experta
814 499 1022 549 nobilitas,
1055 515 1200 554 parum
1225 500 1355 541 fuisse
1380 501 1526 540 virium
1551 501 1591 540 in

244 561 560 616 conpetitoribus
593 561 699 610 eius,
738 562 790 601 L.
822 560 1046 601 Aemilium
1078 561 1271 611 Paulum,
1308 563 1378 615 qui
1408 577 1500 602 cum
1531 561 1590 602 M.

243 624 366 664 Livio
399 623 542 663 consul
572 622 707 663 fuerat
737 630 775 662 et
801 623 1059 663 damnatione
1085 623 1279 678 conlegae
1305 630 1344 663 et
1370 638 1443 664 sua
1466 638 1592 677 prope

243 685 457 725 ambustus
489 691 693 732 evaserat,
730 684 928 725 infestum
958 684 1111 738 plebei,
1150 685 1220 724 diu
1251 699 1297 725 ae
1328 685 1500 725 multum
1532 700 1593 724 rc-

245 752 455 786 cusantem
492 745 543 785 ad
577 745 811 798 petitionem
851 746 1053 799 conpellit.
1108 746 1142 786 is
1178 746 1364 800 proximo
1401 745 1592 786 comitiali

244 808 308 848 die
334 806 650 847 concedentibus
676 807 884 855 omnibus,
912 807 982 860 qui
1007 821 1099 847 cum
1118 807 1302 848 Varrone
1328 814 1590 854 certaverant,

243 884 316 922 par
346 868 477 922 magis
508 868 549 907 in
581 868 880 908 adversandum
913 883 1036 921 quam
1068 869 1238 922 conlega
1269 869 1387 908 datur
1423 868 1591 908 consuli.

243 931 336 970 inde
356 936 588 983 praetorum
609 930 770 970 coniitia
784 930 940 970 habita:
968 931 1090 970 creati
1103 930 1163 970 M.
1178 930 1432 984 Pomponius
1447 929 1593 970 Matho

244 1000 283 1033 et
307 992 355 1034 P.
378 993 526 1033 Furius
556 991 755 1047 [Philus]
804 993 925 1033 Philo
951 993 1107 1033 Romae
1133 993 1210 1033 iuri
1235 994 1412 1034 dicundo
1438 993 1592 1033 urbana

245 1069 352 1103 sors,
379 1054 609 1108 Pomponio
635 1056 739 1095 inter
764 1056 863 1095 civis
884 1056 1093 1096 Romanos
1120 1063 1159 1095 et¹
1183 1056 1419 1110 peregrinos
1446 1055 1591 1095 evenit.

199 1132 217 1160 6
244 1116 370 1156 additi
396 1117 476 1156 duo
501 1124 726 1170 praetores,
761 1117 822 1157 M.
852 1117 1049 1158 Claudius
1075 1117 1297 1157 Marcellus
1328 1117 1370 1157 in
1397 1116 1591 1165 Siciliam,

199 1685 217 1712 [ὗ

243 1179 296 1218 L.
317 1178 556 1219 Postumius
576 1178 755 1219 Albinus
780 1179 821 1219 in
848 1178 1037 1220 Galliam.
1088 1194 1228 1220 omnes
1254 1179 1444 1220 absentes
1471 1180 1593 1219 creati

246 1247 355 1287 sunt,
399 1254 473 1279 nec
511 1240 700 1292 cuiquam
738 1255 878 1281 eorum
913 1248 1074 1295 praeter
1110 1241 1347 1281 Terentium
1384 1241 1592 1282 consulem

243 1302 458 1341 mandatus
484 1301 612 1341 honos
639 1316 760 1354 quem
786 1302 865 1342 iam
886 1318 967 1343 non
986 1310 1105 1343 antea
1125 1303 1340 1357 gessisset,
1366 1304 1593 1357 praeteritis

243 1362 398 1415 aliquot
423 1362 595 1403 fortibus
622 1378 669 1403 ae
692 1365 866 1404 strenuis
887 1365 1002 1413 viris,
1030 1365 1125 1417 quia¹
1143 1365 1184 1404 in
1204 1365 1273 1405 tali
1294 1373 1475 1419 tempore
1495 1366 1593 1406 nulli

244 1440 374 1466 novus
400 1426 662 1479 magistratus
689 1426 903 1466 videbatur
928 1427 1196 1467 mandandus.

326 1487 547 1527 XXXVI.
584 1487 803 1528 Exercitus
823 1502 985 1542 quoque
1005 1488 1260 1541 multiplicati
1282 1494 1387 1529 sunt.
1420 1495 1595 1542 quantae

244 1556 380 1589 autem
412 1549 551 1602 copiae
581 1549 765 1602 peditum
797 1549 1062 1601 equitumque
1093 1549 1254 1589 additae
1288 1550 1386 1598 sint,
1424 1550 1526 1590 adeo
1558 1558 1596 1590 et

244 1625 413 1650 numero
439 1617 477 1650 et
502 1626 650 1664 genere
677 1611 885 1664 copiarum
912 1611 1067 1651 variant
1093 1617 1298 1658 auctores,
1324 1618 1369 1651 ut
1389 1612 1457 1651 vix
1483 1612 1595 1665 quie-

244 1686 367 1724 quam
394 1672 491 1712 satis
518 1679 673 1711 certum
699 1672 913 1712 adfirmare
939 1687 1064 1712 ausus
1092 1673 1180 1713 sim.
1224 1673 1366 1712 decem
1392 1673 1501 1713 milia
1526 1689 1598 1713 no-

243 1748 387 1773 vorum
423 1733 596 1773 militum
630 1733 697 1773 alii
730 1734 879 1787 scripta
911 1734 951 1773 in
986 1735 1333 1788 supplementum,
1372 1735 1438 1774 alii
1469 1750 1596 1776 novas

244 1802 434 1847 quattuor
451 1794 647 1848 legiones,
675 1801 716 1834 ut
737 1802 827 1835 octo
847 1795 1078 1849 legionibus
1099 1810 1182 1835 rem
1198 1804 1402 1850 gererentg
1428 1811 1596 1837 numero

244 1871 404 1908 quoque
430 1856 613 1909 peditum
638 1857 902 1909 equitumque
928 1857 1111 1911 legiones
1137 1864 1278 1897 auctas
1299 1857 1463 1898 milibus
1484 1858 1598 1911 pedi-

244 1925 329 1957 tum
366 1926 405 1958 et
436 1918 616 1959 centenis
649 1918 853 1971 equitibus
884 1919 926 1958 in
959 1919 1142 1973 singulas
1175 1919 1363 1967 adiectis,
1402 1926 1444 1960 ut
1475 1920 1598 1972 quina

244 1978 355 2018 milia
380 1979 581 2032 peditum,
615 1980 766 2020 treceni
793 1981 949 2033 equites
976 1989 1131 2029 essent,
1165 1981 1264 2021 socii
1289 1981 1493 2035 duplicem
1525 1997 1598 2020 nu-

244 2055 399 2080 merum
427 2041 606 2093 equitum
634 2041 793 2089 darent,
820 2042 968 2095 peditis
988 2050 1226 2095 aequarent,
1255 2050 1410 2096 septem
1430 2051 1468 2082 et
1489 2050 1599 2083 octo-

245 2101 357 2155 ginta
372 2102 481 2141 milia
495 2109 743 2142 armatorum
758 2110 797 2143 et
811 2118 857 2143 ec
872 2103 913 2143 in
934 2104 1077 2144 castris
1092 2103 1304 2152 Romanis,
1332 2119 1424 2144 eum
1438 2119 1597 2159 pugna-

246 2171 330 2202 tum
352 2163 403 2203 ad
419 2162 598 2212 Cannas,
641 2171 778 2204 essent
819 2165 984 2217 quidam
1006 2172 1192 2205 auctores
1214 2172 1319 2205 sunt.
1352 2166 1599 2206 illudvhaud-

244 2238 449 2276 quaquam
464 2225 679 2279 discrepat,
705 2225 857 2266 maiore
877 2235 1025 2266 conatu
1045 2234 1167 2279 atque
1186 2227 1341 2280 impetu
1359 2242 1445 2267 rem
1466 2234 1597 2267 aetam

245 2301 367 2338 quam
393 2287 594 2340 prioribus
622 2288 759 2337 annis,
791 2288 887 2341 quia
912 2304 1025 2342 spem
1052 2304 1174 2343 posse
1199 2289 1307 2329 vinci
1332 2289 1490 2330 hostem
1517 2290 1597 2329 dic-

246 2354 349 2388 tator
372 2348 629 2402 praebuerat.

331 2408 524 2450 Ceterum
567 2411 805 2464 priusquam
849 2412 966 2467 signa
1009 2412 1060 2453 ab
1103 2413 1203 2454 urbe
1244 2428 1374 2454 novae
1415 2413 1598 2467 legiones

247 2479 472 2519 moverent,
515 2472 734 2513 decemviri
776 2473 902 2514 libros
944 2474 1055 2514 adire
1099 2482 1220 2527 atque
1262 2475 1462 2528 inspicere
1498 2475 1599 2515 iussi

249 2539 409 2585 propter
444 2534 603 2574 territos
640 2534 761 2589 volgo
798 2535 984 2576 homines
1021 2537 1138 2576 novis
1177 2536 1393 2591 prodigiis:
1431 2552 1527 2576 nam
1560 2543 1598 2576 et

247 2593 404 2633 Romae
434 2594 476 2633 in
501 2594 708 2636 Aventino
739 2602 779 2636 et
808 2595 972 2637 Ariciae
1004 2597 1233 2637 nuntiatum
1266 2604 1351 2637 erat
1382 2597 1458 2637 sub
1489 2597 1595 2636 idem

248 2659 407 2707 tempus
433 2656 636 2709 lapidibus
657 2657 837 2711 pluvisse
858 2665 895 2698 ct
916 2659 1043 2699 multo
1064 2673 1205 2699 cruore
1226 2659 1343 2712 signa
1362 2659 1404 2697 in
1419 2657 1594 2704 Sabinis,
