1815 3184
490 240 640 274 LtBER
665 239 833 284 XXVII,
859 239 911 274 50.
928 240 982 274 51.
1011 242 1058 284 [a.
1074 239 1208 284 0207]
1441 231 1521 273 381

176 343 219 384 111
242 343 430 385 faucibus
455 343 656 386 Umbriae
687 343 877 399 opposita
906 350 1040 394 erant,
1077 343 1241 385 venisse
1273 359 1324 385 ex
1353 343 1522 399 proelio,

176 406 411 446 nuntiantes
437 420 580 446 caesos
606 406 751 447 hostis.
811 413 851 447 et
875 406 1006 460 primo
1037 406 1170 461 magis
1202 406 1368 446 auribus
1400 421 1522 459 quam
1550 420 1566 448 7

178 468 323 509 animis
349 468 392 508 id
416 475 629 523 acceptum
654 475 741 509 erat
769 476 814 508 ut
843 468 975 509 maius
1008 468 1237 522 laetiusque
1267 483 1390 521 quam
1415 468 1526 522 quod

176 537 313 571 mente
351 545 496 585 capere
533 537 603 571 aut
640 531 738 571 satis
776 531 942 571 credere
978 538 1167 585 possent,
1217 538 1257 572 et
1291 531 1383 586 ipsa
1419 531 1525 571 cele-

176 593 275 633 ritas
300 593 424 633 fidem
448 593 715 648 impediebat,
753 593 863 646 quod
887 592 1012 634 biduo
1038 600 1131 633 ante
1162 601 1391 647 pugnatum
1416 593 1524 633 dice-

176 656 308 696 batur.
367 655 525 696 litterae
557 655 703 695 deinde
736 655 786 696 de
810 655 863 695 L.
890 655 1049 696 Manlio
1075 655 1254 696 Acidino
1284 655 1436 695 missae
1473 670 1525 695 ex

177 717 321 758 castris
348 718 587 758 adferuntur
612 717 662 758 de
686 717 979 758 Narniensium
1004 717 1187 770 equitum
1211 717 1403 757 adventu.
1447 717 1524 758 hae

176 779 334 820 litterae
369 794 442 834 per
478 779 612 819 forum
650 779 703 819 ad
744 779 921 819 tribunal
955 780 1155 833 praetoris
1192 779 1299 820 latae
1337 786 1524 819 senatum

177 841 288 882 curia
324 841 580 890 exciverunt,
619 848 814 894 tantoque
845 841 1066 882 certamine
1099 856 1146 882 00
1177 842 1353 882 tumultu
1383 841 1523 896 populi

177 903 229 943 ad
264 903 373 943 fores
412 903 548 943 curiae
585 917 831 944 concursum
868 910 954 951 est,
1002 910 1048 943 ut
1085 903 1196 943 adire
1238 903 1404 943 nuntius
1441 918 1524 943 11011

175 973 334 1019 posset,
384 964 612 1004 traheretur
649 980 673 1004 a
706 964 1068 1018 percunctantibus
1106 965 1522 1017 vociferantibusque,

175 1035 221 1066 ut
249 1026 292 1066 in
327 1026 470 1067 rostris
505 1026 619 1080 prius
652 1040 774 1078 quam
805 1026 848 1066 in
879 1033 1024 1066 senatu
1054 1026 1212 1067 litterae
1242 1026 1522 1066 recitarentur.

175 1087 342 1127 tandem
367 1087 560 1127 summoti
585 1094 626 1127 et
651 1087 815 1128 coerciti
846 1103 870 1127 a
894 1087 1224 1141 magistratibus3
1274 1088 1524 1142 dispensari-

174 1163 253 1202 que
277 1148 433 1189 laetitia
456 1148 561 1189 inter
585 1149 808 1203 inpotentis
835 1149 923 1189 eius
950 1149 1108 1190 animos
1129 1149 1273 1204 potuit.
1316 1149 1358 1189 111
1379 1157 1523 1190 30110111

172 1210 367 1266 primum,
406 1211 553 1251 deinde
589 1211 632 1251 in
668 1211 857 1252 contione
895 1211 1053 1252 litterae
1089 1211 1284 1252 recitatae
1322 1219 1435 1260 suntg
1485 1219 1525 1252 et

171 1288 246 1327 pro
283 1272 480 1326 cuiusque
515 1273 681 1328 ingenio
725 1273 814 1314 aliis
851 1273 933 1314 iam
969 1281 1126 1314 certum
1161 1273 1383 1328 gaudium,
1434 1273 1523 1313 aliis

172 1334 285 1375 nulla
322 1343 415 1376 ante
451 1335 590 1376 futura
623 1335 725 1376 fides
763 1344 850 1376 erat
891 1350 1014 1389 quam
1056 1336 1216 1391 legatos
1255 1336 1522 1377 consulumve

172 1396 327 1437 litteras
354 1397 579 1438 audissent.

257 1458 334 1499 LI.
403 1459 526 1513 Ipsos
571 1458 718 1499 deinde
761 1459 1092 1515 adpropinquare
1145 1459 1305 1513 legatos
1355 1460 1523 1500 allatum

174 1527 249 1561 est.
309 1527 405 1560 111110
430 1520 538 1561 0111111
570 1536 667 1562 vero
700 1521 832 1562 omnis
866 1529 978 1562 aetas
1005 1536 1167 1562 currere
1199 1522 1327 1571 obvii,
1364 1523 1521 1577 primus

174 1583 346 1635 quisque
383 1583 511 1623 oculis
549 1583 797 1637 auribusque
834 1584 996 1625 haurire
1028 1591 1187 1625 tantum
1218 1585 1415 1639 gaudium
1452 1600 1522 1625 cu-

172 1647 345 1701 pientes.
406 1647 458 1687 ad
494 1646 702 1687 Mulvium
736 1662 868 1700 usque
909 1654 1078 1702 pontem
1121 1647 1334 1688 continens
1373 1663 1521 1702 agmen

172 1708 371 1762 pervenit.
442 1708 568 1763 legati
591 1734 625 1738 —
649 1716 765 1749 erant
788 1709 842 1749 L.
867 1709 1065 1752 Veturius
1090 1709 1230 1758 Philo,
1257 1710 1307 1749 P.
1333 1709 1520 1750 Licinius

172 1772 322 1819 Varus,
349 1770 403 1822 Q
425 1769 632 1812 Caecilius
652 1771 849 1812 Metellus
874 1796 907 1800 —
932 1771 1170 1811 circumfusi
1200 1771 1332 1812 omnis
1357 1772 1520 1826 generis

171 1832 384 1873 hominum
431 1833 661 1887 frequentia
706 1833 749 1874 in
795 1834 930 1874 forum
969 1840 1262 1888 pervenerunt,
1318 1847 1412 1874 011111
1453 1834 1521 1874 0111

170 1894 302 1949 ipsos,
341 1895 408 1935 alii
433 1896 602 1936 comites
629 1910 770 1936 eorum
795 1911 898 1949 quae
925 1904 1016 1936 acta
1041 1904 1181 1937 essent
1204 1904 1521 1951 percunctaren-

171 1965 248 1997 tur.
303 1963 343 1997 et
367 1965 413 1997 ut
437 1957 611 2010 quisque
637 1957 821 1998 audierat
845 1958 1070 1998 exercitum
1094 1958 1275 1999 hostium
1299 1958 1520 2013 imperato-

170 2033 339 2071 remque
375 2019 576 2069 occisum,
618 2020 802 2075 legiones
838 2020 1050 2061 Romanas
1087 2020 1333 2071 incolumes,
1382 2022 1520 2062 salvos

172 2081 361 2121 consules
389 2097 493 2131 esse,
521 2082 726 2136 extemplo
753 2082 842 2123 aliis
867 2097 989 2137 porro
1014 2082 1297 2137 impertierant
1321 2084 1519 2138 gaudium

172 2157 304 2182 suum.
364 2158 457 2184 cum
493 2159 615 2199 aegre
652 2144 693 2184 in
731 2144 884 2185 curiam
920 2152 1165 2198 perventum
1201 2152 1336 2194 esset,
1390 2146 1518 2186 multo

172 2204 334 2259 aegrius
362 2214 567 2247 summota
591 2207 729 2255 turba,
766 2221 818 2247 ne
847 2207 1033 2261 patribus
1064 2207 1323 2256 misceretur,
1360 2207 1519 2248 litterae

169 2266 212 2306 in
237 2274 383 2308 senatu
412 2268 605 2309 recitatae
638 2276 744 2309 sunt.
804 2268 898 2309 inde
931 2268 1107 2309 traducti
1137 2268 1179 2308 in
1205 2269 1438 2310 contionem
1462 2269 1520 2310 le-

169 2328 266 2383 gati.
326 2329 380 2370 L.
417 2330 614 2372 Veturius
652 2330 797 2371 litteris
834 2330 1014 2371 recitatis
1050 2331 1139 2385 ipse
1176 2330 1339 2385 planius
1382 2331 1519 2372 omnia

169 2405 273 2443 quae
299 2398 390 2432 acta
415 2399 530 2432 erant
555 2393 747 2447 exposuit
771 2407 864 2433 cum
889 2393 1046 2448 ingenti
1072 2393 1271 2442 adsensu,
1308 2400 1517 2448 postremo

168 2452 291 2493 etiam
326 2453 503 2495 clamore
539 2455 757 2495 universae
799 2454 1025 2505 contionis,
1075 2469 1168 2496 cum
1210 2455 1280 2496 vix
1321 2455 1518 2510 gaudium

168 2515 314 2556 animis
352 2524 557 2571 caperent.
617 2517 850 2558 discursum
884 2517 980 2558 inde
1017 2518 1068 2558 ab
1106 2517 1195 2559 aliis
1226 2517 1334 2558 circa
1363 2519 1517 2573 templa

168 2578 309 2627 deum,
347 2586 393 2619 ut
416 2585 554 2634 grates
581 2587 769 2634 agerent,
808 2581 860 2620 ab
885 2580 974 2620 aliis
1001 2580 1164 2629 domos,
1202 2588 1247 2621 ut
1272 2581 1515 2636 coniugibus

164 2640 387 2694 liberisque
434 2648 517 2681 tam
565 2641 719 2682 laetum
759 2642 948 2682 nuntium
991 2642 1259 2696 impertirent.
1332 2650 1512 2692 senatus,

165 2703 276 2757 quod
304 2703 366 2744 M.
392 2703 540 2745 Livius
572 2712 613 2745 et
643 2702 693 2745 C.
721 2702 921 2746 Claudius
953 2704 1142 2746 consules
1174 2705 1368 2747 incolumi
1398 2721 1514 2748 exer-

1551 1101 1592 1129 10

1552 1164 1589 1193 11

1548 1661 1565 1689 10

1545 2344 1562 2374 6

1543 2535 1558 2562 7

1539 2656 1558 2686 8
