1815 3184
516 204 666 238 LIBER
690 203 841 247 XXIII,
867 202 1024 236 35—37.
1053 204 1102 245 [a.
1118 200 1253 245 C.215]
1472 191 1549 231 151

200 308 296 349 tiarc
321 315 461 363 posset
491 315 654 362 coepta,
693 313 732 347 et
757 313 850 347 ante
881 305 1096 346 decumam
1128 304 1208 345 diei
1233 304 1375 345 horam
1400 303 1552 345 coactis

199 370 392 411 militibus
414 384 584 424 corpora
603 383 743 409 curare
765 382 990 421 somnoque
1012 381 1179 421 operam
1200 367 1315 416 dare,
1340 373 1385 406 ut
1409 366 1551 420 primis
1580 378 1619 407 17

198 432 373 473 tenebris
399 432 615 472 convenire
640 431 693 472 ad
718 431 882 485 signum
900 436 1087 484 possent,
1112 429 1254 484 vigilia
1273 428 1401 469 ferme
1423 428 1555 483 prima

199 494 285 534 tolli
319 494 437 535 iussit
475 494 617 548 signa,
667 493 882 545 silentique
919 491 1128 546 profectus
1171 491 1335 545 agmine
1371 505 1466 531 cum
1501 489 1554 530 ad

198 555 357 596 Hamas
388 556 524 596 med-ia
553 563 672 595 nocte
704 554 977 608 pervenisset,
1020 559 1154 593 castra
1185 553 1401 607 Campana
1430 558 1475 592 ut
1511 552 1554 592 in
1581 562 1620 592 18

197 618 409 672 pervigilio
446 617 634 672 neglecta
671 615 792 657 simul
828 614 1017 656 omnibus
1059 615 1186 669 portis
1223 614 1402 663 invadit,
1452 614 1553 654 alios

199 694 342 719 sonmo
379 686 545 728 stratos,
583 678 685 719 alios
722 683 954 732 perpetrato
992 691 1107 717 sacro
1143 676 1309 717 inermis
1345 675 1553 717 redeuntis

197 742 423 782 obtruncat.
467 741 679 782 hominum
705 755 752 780 eo
778 739 956 779 tumultu
980 745 1179 780 nocturno
1206 753 1327 779 caesa
1351 738 1444 793 plus
1469 738 1551 778 duo
1583 750 1617 779 19

196 804 308 844 milia
333 819 426 844 cum
450 804 540 858 ipso
565 803 668 842 duce
693 802 828 842 Mario
853 801 984 850 Alfio,
1022 808 1142 852 capta
1173 808 1267 841 sunt
1299 800 1419 855 signa
1448 800 1554 840 mili-

197 865 300 905 taria
325 871 516 918 quattuor
540 871 580 905 et
605 864 784 918 triginta.

281 926 503 966 XXXVI.
566 924 780 966 Gracchus
817 924 952 964 minus
989 929 1154 964 centum
1189 923 1363 963 militum
1400 923 1597 964 iactural

196 988 339 1028 castris
377 988 554 1028 hostium
596 987 749 1040 potitus
789 985 944 1026 Cumas
983 999 1026 1025 se
1061 1000 1233 1039 propere
1275 986 1452 1039 recepit,
1502 985 1554 1025 ab

198 1049 433 1089 Hannibale
459 1055 666 1096 metucns,
694 1047 763 1100 qui
790 1062 912 1100 super
928 1046 1116 1100 Capuam
1140 1047 1183 1086 in
1203 1046 1352 1087 Tifatis
1378 1046 1556 1087 habebat

199 1118 345 1151 castra.
392 1125 467 1150 nec
494 1125 587 1150 eum
612 1110 783 1164 provida
810 1109 937 1149 futuri
958 1109 1104 1149 fefellit
1125 1108 1282 1162 opinio:
1314 1123 1411 1148 nam
1436 1108 1557 1148 simul
1583 1120 1601 1149 2

196 1172 385 1226 Capuam
405 1186 452 1212 ea
472 1172 608 1212 clades
631 1179 692 1212 est
710 1171 914 1220 nuntiata,
941 1177 1053 1211 ratus
1069 1170 1281 1211 Hannibal
1306 1170 1357 1211 ab
1382 1185 1425 1211 re
1452 1169 1556 1211 bene

193 1242 311 1290 gesta
335 1235 557 1276 insolenter
581 1234 735 1275 laetum
761 1233 985 1274 exercitum
1005 1233 1180 1273 tironum
1201 1249 1351 1288 magna
1373 1248 1423 1273 cx
1442 1240 1556 1287 parte

194 1312 406 1339 servorum
427 1297 671 1351 spoliantem
691 1297 821 1337 victos
841 1296 1098 1351 praedasque
1118 1304 1310 1350 agentem
1329 1296 1381 1336 ad
1395 1295 1556 1336 Hamas

195 1374 240 1401 se
263 1359 545 1408 inventurum,
584 1359 753 1399 citatum
778 1373 929 1414 agmen
953 1365 1115 1413 praeter
1141 1358 1329 1412 Capuam
1354 1358 1459 1412 rapit
1484 1357 1556 1397 ob-
1581 1368 1600 1397 3

194 1421 366 1474 viosque
404 1435 454 1461 ex
496 1421 597 1475 fuga
635 1420 943 1475 Campanorum
985 1421 1080 1462 dato
1122 1420 1327 1474 praesidio
1366 1419 1555 1474 Capuam

195 1483 307 1531 duci,
346 1483 507 1524 saucios
538 1483 736 1523 vehiculis
767 1483 920 1537 portari
949 1482 1074 1524 iubet.
1135 1483 1224 1538 ipse
1249 1482 1399 1524 Hamis
1424 1497 1556 1523 vacua
1581 1493 1601 1521 4

196 1544 248 1586 ab
273 1544 461 1586 hostibus
488 1553 622 1586 castra
645 1560 721 1585 nec
746 1545 965 1598 quicquam
992 1551 1152 1599 praeter
1183 1545 1356 1586 recentis
1383 1545 1558 1600 vestigia,

196 1608 332 1648 caedis
355 1614 562 1661 strataque
582 1608 736 1661 passim
757 1622 926 1661 corpora
947 1608 1150 1648 sociorum
1169 1607 1335 1648 invenit.
1369 1614 1555 1648 auctores
1583 1617 1602 1646 5

196 1676 309 1710 crant
334 1669 519 1722 quidam,
557 1676 600 1709 ut
625 1669 810 1723 protinus
836 1670 929 1709 inde
957 1668 1113 1710 Cumas
1140 1669 1306 1709 duceret
1330 1668 1556 1722 urbemque

195 1738 466 1786 oppugnaret.
504 1731 546 1771 id
566 1746 816 1785 quamquam
835 1731 935 1771 haut
954 1731 1113 1772 modice
1128 1730 1338 1772 Hannibal
1353 1731 1555 1785 cupiebat,
1584 1741 1601 1770 6

195 1801 258 1842 ut,
285 1794 380 1846 quia
394 1794 612 1847 Neapolim
637 1808 719 1834 non
740 1799 939 1847 potuerat,
969 1792 1124 1834 Cumas
1146 1793 1289 1833 saltem
1310 1794 1556 1833 maritimam

195 1855 339 1896 urbem
359 1855 540 1905 haberet,
563 1864 712 1904 tamen,
735 1855 830 1908 quia
848 1861 1009 1909 praeter
1028 1870 1141 1895 arma
1159 1855 1260 1895 nihil
1280 1869 1419 1895 seeum
1439 1855 1555 1896 miles

195 1917 343 1971 raptim
368 1924 458 1958 acto
484 1918 647 1971 agmine
674 1917 892 1965 extulerat,
918 1924 1025 1957 retro
1049 1917 1092 1957 in
1117 1925 1250 1958 castra
1276 1932 1399 1971 super
1419 1917 1558 1958 Tifata

197 1994 240 2020 se
265 1980 430 2034 recepit.
480 1980 575 2021 inde
602 1980 797 2035 fatigatus
821 1979 1128 2034 Campanorum
1152 1980 1343 2034 precibus
1371 1981 1557 2034 sequenti
1583 1994 1601 2022 7

197 2041 262 2081 die
288 2057 381 2082 cum
413 2042 524 2083 omni
555 2050 755 2096 apparatu
786 2042 1088 2096 oppugnandae
1120 2042 1232 2083 urbis
1266 2042 1422 2083 Cumas
1453 2043 1558 2083 redit

196 2103 547 2157 perpopulatoque
573 2119 672 2159 agro
697 2104 886 2145 Cumano
912 2104 1021 2144 mille
1046 2118 1194 2158 passus
1221 2103 1272 2144 ab
1298 2104 1398 2145 urbe
1424 2112 1558 2145 castra

197 2164 322 2213 locat,
361 2180 455 2205 cum
482 2164 696 2207 Gracchus
723 2166 856 2220 magis
883 2166 1129 2206 verecundia
1152 2166 1194 2206 in
1219 2166 1290 2206 tali
1313 2167 1557 2207 necessitate
1583 2178 1602 2208 8

198 2226 412 2267 deserendi
439 2227 571 2268 socios
598 2228 839 2282 inplorantis
865 2227 988 2268 fidem
1009 2243 1126 2268 suam
1145 2228 1367 2282 populique
1380 2228 1559 2269 Romani

199 2288 451 2330 substitisset
475 2304 599 2342 quam
631 2290 730 2330 satis
755 2290 886 2330 fidens
918 2290 1126 2331 exercitui.
1187 2305 1262 2331 nec
1288 2290 1389 2331 alter
1413 2291 1558 2332 consul
1583 2304 1601 2334 9

198 2349 373 2399 Fabius,
411 2351 481 2404 qui
506 2351 559 2391 ad
586 2350 708 2392 Cales
735 2359 869 2392 castra
893 2351 1089 2400 habebat,
1127 2351 1376 2393 Volturnum
1406 2352 1560 2393 flumen

200 2413 410 2454 traducere
447 2413 625 2454 audebat
662 2414 903 2463 exercitum,
942 2420 1165 2468 occupatus
1196 2415 1327 2468 primo
1364 2415 1557 2469 auspiciis
1585 2428 1626 2458 10

198 2475 443 2529 repetendis,
458 2475 552 2515 dein
570 2475 780 2530 prodigiis,
796 2490 900 2529 quae
920 2476 999 2516 alia
1020 2491 1142 2530 super
1155 2476 1234 2517 alia
1252 2476 1555 2526 nuntiabantur,

200 2537 461 2591 expiantique
487 2552 536 2578 ea
560 2538 671 2578 haud
695 2538 815 2579 facile
833 2538 940 2578 litari
958 2538 1198 2593 haruspices
1217 2539 1532 2593 respondebant.

284 2598 530 2640 XXXVII.
580 2600 668 2641 Eae
699 2614 847 2641 causae
879 2615 972 2641 cum
996 2600 1173 2641 Fabium
1199 2608 1399 2651 tenerent,
1439 2600 1557 2643 Sem-
1584 2615 1599 2645 1

200 2661 368 2715 pronius
394 2661 436 2702 in
461 2661 673 2704 obsidione
700 2670 803 2712 erat,
841 2669 880 2704 et
904 2662 985 2704 iam
1011 2663 1202 2718 operibus
1228 2663 1555 2719 oppugnabatur.
