1815 3184
264 249 342 288 100
571 255 722 288 Lissssn
747 255 876 297 xxm,
901 254 956 287 49.
976 254 1029 287 50.
1057 256 1154 296 [a.u.
1171 254 1295 297 0.538]

197 373 233 400 11
263 365 409 398 memet
437 358 477 397 111
504 357 579 397 hac
605 363 741 410 strage
766 356 939 395 militum
966 370 1149 396 meorum
1174 362 1313 411 patere
1334 357 1534 411 expirare,
1560 373 1610 399 ne

259 426 328 459 aut
359 433 452 458 reus
484 419 629 458 iterum
661 432 682 458 e
714 417 928 457 consulatu
960 417 1037 457 sim
1068 424 1137 457 aut
1168 424 1382 458 accusator
1417 419 1611 473 conlegae

259 480 450 527 existam,
487 486 531 519 ut
561 479 693 519 alieno
725 479 892 518 crimine
917 479 1190 519 innocentiam
1216 494 1349 519 meam
1375 481 1611 534 protegam.'

197 554 234 583 12
261 542 361 581 haec
398 541 600 595 exigentis
642 541 755 594 prius
798 539 917 580 turba
959 540 1205 594 fugientium
1247 541 1416 590 civium,
1466 541 1612 582 deinde

260 603 400 643 hostes
456 617 721 656 oppressere:
783 602 1011 649 consulem,
1066 602 1301 656 ignorantes
1350 603 1441 656 quis
1491 610 1616 659 esset,-

258 664 480 704 obruerunt
537 664 646 713 telis,
707 663 934 704 Lentulum
995 663 1099 703 inter
1158 664 1377 705 tumultuin
1436 663 1612 718 abripuit

258 740 404 779 equus.
1235 775 1238 780 Ι

195 800 233 829 13
345 788 453 827 Τ11111
473 787 653 840 undique
675 788 805 828 effuse
824 788 1000 842 fugiunt.
1034 794 1190 841 septem
1211 788 1322 828 milia
1341 788 1552 828 hominum
1570 789 1612 828 in

258 849 413 890 minora
430 856 574 897 castra,
602 849 745 890 decem
764 849 805 889 111
826 850 990 897 maiora,
1013 849 1094 889 duo
1114 850 1242 890 ferme
1261 850 1302 889 in
1321 850 1457 890 vicum
1477 850 1611 904 ipsum

261 910 426 951 Cannas
448 911 727 964 perfugerunt,
751 911 819 963 qui
841 911 1043 964 extemplo
1064 926 1086 950 a
1103 911 1350 951 Carthalone
1365 918 1485 964 atque
1500 911 1612 964 equi-

259 972 368 1012 tibus
400 973 511 1013 nullo
542 973 793 1012 munimento
832 980 993 1027 tegente
1030 973 1165 1012 vicum
1203 973 1467 1013 circumventi
1505 980 1610 1012 sunt.

193 1046 232 1074 14
259 1034 401 1074 consul
427 1034 540 1083 alter,
570 1049 641 1074 seu
668 1034 771 1074 forte
798 1048 870 1083 seu
896 1034 1065 1074 consilio
1091 1034 1190 1073 nulli
1216 1034 1461 1088 fugientium
1486 1034 1612 1074 inscr-

258 1102 323 1135 tus
357 1096 529 1149 agmini,
568 1110 660 1135 011111
693 1095 990 1149 quinquaginta
1026 1095 1110 1135 fere
1148 1095 1352 1148 equitibus
1384 1095 1609 1136 Venusiam

194 1169 232 1198 15
258 1156 450 1211 perfugit.
511 1157 782 1210 quadraginta
824 1158 1003 1210 quinque
1046 1157 1157 1197 milia
1192 1157 1404 1211 quingenti
1440 1157 1610 1210 pedites,

259 1219 340 1258 (1110
367 1219 478 1259 milia
503 1219 750 1272 septingenti
776 1219 932 1271 equites
959 1225 998 1258 et
1023 1225 1135 1259 tanta
1159 1233 1286 1272 prope
1307 1219 1462 1261 ,civium
1484 1219 1612 1259 socio-

196 1291 234 1320 16
261 1294 433 1332 rumque
459 1296 552 1334 pars
579 1281 687 1321 caesi
713 1281 914 1328 dicuntur,
946 1281 987 1320 in
1013 1281 1076 1320 his
1103 1281 1223 1321 ambo
1249 1280 1463 1321 consulum
1489 1295 1612 1333 quae—

260 1348 402 1390 stores,
430 1344 482 1383 L.
499 1343 653 1383 Atilius
673 1349 711 1383 et
731 1343 784 1383 L.
800 1343 950 1383 Furius
971 1343 1214 1391 Bibaculus,
1242 1350 1280 1383 et
1301 1343 1446 1397 viginti
1464 1357 1610 1383 novem

259 1402 410 1443 tribuni
436 1404 627 1452 militum,
660 1404 894 1444 consulares
921 1405 1086 1456 quidam
1112 1404 1383 1457 praetoriique
1410 1410 1449 1444 et
1473 1404 1613 1444 aedili-

260 1464 309 1503 cii
335 1489 368 1493 —
392 1465 496 1505 inter
520 1480 589 1506 eos
618 1465 694 1506 Cn.
725 1465 944 1506 Servilium
974 1464 1197 1505 Geminum
1229 1472 1267 1505 et
1292 1465 1352 1505 M.
1378 1464 1612 1505 Minucium

260 1534 492 1574 numerant,
520 1527 589 1579 qui
608 1527 804 1581 magister
823 1527 1004 1579 equitum
1026 1527 1158 1580 priore
1179 1541 1297 1575 anno,
1324 1526 1477 1579 aliquot
1496 1527 1610 1567 annis

194 1599 231 1626 17
260 1593 351 1627 ante
380 1586 560 1642 [consul]
590 1588 721 1629 suerat
745 1613 796 1637 —,
830 1589 1036 1643 octoginta
1061 1595 1271 1642 praeterea
1302 1595 1372 1628 aut
1404 1595 1610 1629 senatores

259 1660 327 1688 aut
358 1650 426 1701 qui
453 1664 523 1690 eos
549 1651 812 1705 magistratus
839 1651 1085 1705 gessissent,
1119 1650 1227 1691 unde
1252 1650 1293 1690 in
1320 1657 1505 1690 senatum
1529 1650 1611 1704 legi

259 1710 473 1760 deberent,
512 1726 604 1751 011111
638 1727 712 1752 sua
743 1712 952 1753 voluntate
984 1712 1132 1753 milites
1169 1712 1211 1752 in
1247 1711 1478 1766 legionibus
1514 1711 1611 1752 facti

193 1781 232 1811 18
260 1780 407 1813 essent.
469 1780 587 1826 capta
629 1788 676 1814 eo
712 1774 866 1827 proelio
903 1774 978 1814 tria
1015 1774 1126 1814 milia
1161 1774 1345 1828 peditum
1381 1780 1420 1814 et
1456 1773 1611 1826 equites

259 1835 367 1874 mille
394 1842 432 1875 et
457 1836 671 1889 quingenti
697 1836 899 1876 dicuntur.

216 1906 231 1934 1
344 1897 396 1937 L.
458 1896 577 1937 Haeo
607 1904 669 1938 est
700 1912 839 1951 pugna
866 1897 1117 1945 Cannensis,
1151 1896 1313 1938 Aliensi
1337 1897 1442 1938 eladi
1466 1896 1612 1937 nobili-

214 1966 232 1994 2
259 1963 339 1997 tate
375 1971 460 2010 par,
498 1966 676 1998 ceterum
714 1965 756 1998 ut
792 1958 889 2007 illis,
928 1973 1031 2011 quae
1068 1966 1161 2012 post
1196 1973 1378 2013 pugnam
1414 1959 1609 2006 accidere,

258 2018 397 2067 levior,
435 2020 529 2072 quia
560 2020 610 2061 ab
643 2020 759 2061 hoste
792 2030 853 2061 est
885 2028 1109 2068 cessatum,
1149 2021 1207 2060 sie
1239 2028 1373 2074 strage
1410 2020 1611 2060 exercitus

214 2090 232 2119 3
258 2081 422 2134 gravior
452 2081 703 2134 foediorque.
765 2082 865 2136 fuga
894 2097 1070 2134 namque
1097 2082 1148 2122 ad
1173 2082 1312 2122 Aliam
1340 2082 1444 2122 sieut
1468 2081 1610 2122 urbem

257 2143 451 2196 prodidit,
496 2144 549 2184 ita
587 2145 809 2184 exercitum
847 2145 1042 2193 servavit3
1093 2144 1144 2184 ad
1182 2143 1348 2184 Cannas
1385 2144 1612 2198 fugientem

258 2205 469 2245 consulem
495 2206 563 2246 vix
589 2207 886 2260 quinquaginta
913 2207 1041 2247 secuti
1068 2213 1179 2255 sunt,
1212 2206 1376 2246 alterius
1403 2205 1611 2246 morientis

257 2281 383 2321 prope
409 2274 518 2308 totus
545 2268 746 2308 exercitus
773 2268 861 2308 suit.
1338 2308 1341 2309 γ

214 2336 233 2363 4
342 2328 458 2369 Binis
485 2330 526 2369 in
551 2330 694 2370 castris
722 2345 814 2370 cum
841 2330 1059 2370 multitudo
1085 2323 1311 2370 semiermis
1333 2330 1419 2370 51110
1439 2328 1610 2369 ducibus

258 2397 382 2439 esset,
409 2392 597 2431 nuntium
622 2392 692 2444 qui
717 2392 757 2431 in
784 2392 1005 2432 maioribus
1032 2399 1145 2432 erant
1170 2392 1352 2440 mittunt,
1379 2391 1476 2431 dum
1497 2404 1613 2444 proe-

258 2453 323 2501 lio,
351 2454 497 2494 deinde
519 2469 570 2495 ex
588 2455 741 2495 laetitia
761 2454 891 2508 epulis
911 2454 1104 2509 fatigatos
1125 2454 1241 2507 quies
1261 2462 1458 2494 nocturna
1473 2453 1611 2493 hostes

259 2522 477 2568 premeret,
503 2522 547 2555 ut
573 2517 626 2556 ad
652 2531 694 2556 se
720 2516 955 2556 transirent:
981 2531 1063 2556 11110
1088 2516 1252 2570 agmine
1275 2515 1501 2556 Canusium
1527 2514 1613 2554 abi-

215 2593 233 2619 5
259 2584 370 2617 turos
397 2592 499 2617 esse.
538 2592 628 2617 eam
655 2578 897 2618 sententiam
924 2578 991 2617 alii
1016 2584 1142 2618 totam
1162 2577 1387 2631 aspernari:
1415 2591 1486 2616 cur
1505 2575 1610 2615 enim

260 2638 368 2687 illos,
396 2639 465 2691 qui
492 2653 534 2679 se
561 2647 788 2687 arcessant,
815 2640 926 2692 ipsos
951 2654 1034 2679 non
1059 2639 1216 2687 venire,
1244 2653 1335 2678 011111
1362 2652 1490 2690 aeque
1516 2651 1611 2676 con-

261 2699 374 2753 iungi
393 2701 586 2752 possent?
610 2701 704 2752 quia
724 2700 911 2741 videlicet
926 2701 1046 2753 plena
1064 2700 1243 2740 hostium
1264 2700 1398 2739 onmia
1418 2699 1459 2738 in
1477 2696 1610 2737 medio
