1815 3184
304 240 384 281 496
648 245 800 279 LIBER
824 245 948 286 XXX,
976 244 1027 277 13.
1056 246 1105 286 [a.
1120 255 1154 276 u.
1171 254 1199 276 c.
1213 243 1295 286 551]

303 358 478 407 poterat,
514 347 787 402 magnitudini
826 345 1050 401 Syphacis,
1087 346 1221 386 famae
1258 344 1392 399 gentis
1428 344 1639 385 victoriam

259 428 277 456 3
305 428 420 453 suam
445 411 633 465 augendo
659 409 854 449 addebat:
891 408 1005 448 illum
1036 422 1127 448 esse
1151 421 1311 461 regem,
1343 406 1457 446 cuius
1484 413 1641 446 tantum

302 472 505 514 maiestati
530 472 610 511 duo
635 470 909 525 potentissimi
933 470 974 509 in
999 469 1115 510 terris
1142 468 1356 509 tribuerint
1378 467 1532 522 populi,
1557 467 1642 508 Ro-

261 551 279 578 4
303 550 448 576 manus
475 531 930 587 Carthaginiensisque,
967 539 1011 571 ut
1043 529 1181 585 Scipio
1211 530 1431 584 imperator
1463 543 1560 569 suus
1591 528 1644 568 ad

304 597 523 638 amicitiam
549 595 634 635 eius
659 594 898 648 petendam,
934 593 1076 633 relicta
1104 592 1315 647 provincia
1338 590 1544 646 Hispania
1573 605 1644 630 ex-

305 659 532 711 ercituque,
570 656 729 696 duabus
755 655 1116 708 quinqueremibus
1148 654 1191 694 in
1215 654 1403 693 Africam
1426 652 1642 707 navigarit,

261 734 279 763 5
304 719 544 761 Hasdrubal
566 719 803 759 Poenorum
831 717 1051 771 imperator
1080 731 1163 756 non
1197 715 1286 770 ipse
1315 715 1438 756 modo
1469 715 1521 755 ad
1550 729 1644 755 eum

305 783 347 823 in
376 796 549 836 regnum
580 780 755 828 venerit,
794 779 868 819 sed
897 778 1020 819 etiam
1049 778 1175 818 filiam
1204 777 1242 818 ei
1271 784 1444 831 nuptum
1474 775 1642 817 dederit.

305 844 498 885 habuisse
523 858 617 884 eum
641 857 722 882 uno
747 849 929 895 tempore
954 841 996 880 in
1019 846 1222 894 potestate
1243 839 1344 879 duos
1364 838 1642 893 imperatores,

262 920 279 949 6
304 907 492 948 Poenum
521 905 850 956 Romanumque.
911 902 1017 943 sicut
1047 902 1098 942 ab
1129 902 1191 942 dis
1221 900 1518 942 immortalibus
1548 914 1643 954 pars

304 977 477 1021 utraque
523 966 667 1007 hostiis
715 965 943 1005 mactandis
984 979 1129 1020 pacem
1170 963 1359 1019 petisset,
1406 963 1464 1003 ita
1504 963 1555 1002 ab
1597 976 1645 1002 eo

262 1045 277 1073 7
305 1031 507 1083 utrimque
531 1028 682 1083 pariter
708 1027 925 1068 amicitiam
950 1027 1132 1082 petitam.
1185 1026 1267 1066 iam
1292 1033 1425 1065 tantas
1452 1023 1645 1064 habuisse

306 1108 424 1147 opes,
460 1099 505 1131 ut
528 1090 798 1130 Blasim'ssam
822 1104 949 1143 regno
974 1089 1138 1143 pulsum
1164 1102 1211 1128 eo
1236 1087 1457 1141 redegerit,
1494 1093 1538 1126 ut
1562 1085 1646 1124 vita

307 1155 393 1195 eius
419 1154 529 1194 fama
553 1152 695 1193 mortis
721 1158 761 1191 et
784 1151 970 1199 latebris,
996 1150 1175 1191 ferarum
1194 1150 1316 1190 modo
1335 1149 1377 1189 in
1397 1148 1510 1188 silvis
1527 1155 1644 1202 rapto

262 1229 281 1259 S
307 1215 500 1264 viventis,
538 1220 756 1268 tegeretur.
815 1212 878 1252 his
916 1212 1171 1252 sermonibus
1203 1210 1551 1251 circumstantium
1581 1223 1646 1248 ce-

306 1279 486 1320 lebratus
517 1291 591 1316 rex
620 1275 663 1315 in
697 1274 947 1329 praetorium
977 1274 1029 1313 ad
1055 1272 1290 1328 Scipionem
1320 1280 1381 1313 est
1411 1271 1644 1326 perductus.

307 1339 435 1381 movit
466 1346 503 1379 et
531 1336 768 1392 Scipionem
799 1350 892 1376 cum
923 1336 1086 1375 fortuna
1122 1334 1294 1389 pristina
1330 1333 1406 1373 viri
1440 1331 1646 1387 praesenti

307 1403 494 1442 fortunae
519 1399 696 1447 conlata,
734 1406 821 1438 tum
849 1396 1076 1438 recordatio
1106 1396 1272 1450 hospitii
1303 1395 1550 1447 dextraeque
1576 1394 1647 1434 da-

264 1477 281 1506 9
308 1472 373 1504 tae
411 1471 449 1503 et
480 1461 656 1501 foederis
688 1459 851 1514 publice
883 1473 929 1499 ac
960 1458 1149 1513 privatim
1179 1457 1317 1497 iuncti.
1378 1456 1522 1496 eadem
1546 1456 1648 1496 haee

308 1534 347 1567 et
385 1524 567 1580 Syphaci
616 1523 796 1564 animum
844 1522 1042 1562 dederunt
1090 1521 1132 1560 in
1179 1519 1436 1572 adloquendo
1482 1518 1646 1559 victore.

308 1604 404 1629 nam
440 1602 533 1627 cum
558 1584 698 1640 Scipio
735 1584 833 1637 quid
864 1583 941 1624 sibi
972 1583 1170 1624 voluisset
1200 1589 1432 1635 quaereret,
1469 1580 1537 1634 qui
1566 1596 1649 1621 non

310 1650 547 1691 societatem
573 1648 705 1688 solum
736 1645 947 1686 abnuisset
970 1645 1219 1692 Romanam,
1258 1643 1331 1684 sed
1360 1643 1465 1684 ultro
1495 1642 1649 1683 bellum

246 1724 284 1753 10
309 1712 531 1759 intulisset,
570 1718 657 1749 tum
680 1708 747 1748 ille
772 1721 967 1763 peccasse
993 1706 1158 1759 quidem
1183 1720 1274 1746 sese
1302 1712 1422 1757 atque
1445 1704 1648 1744 insanisse

309 1774 530 1820 fatebatur,
564 1771 637 1812 sed
660 1785 742 1811 non
768 1780 855 1810 tum
880 1769 1063 1817 demum,
1100 1782 1193 1808 cum
1219 1782 1330 1808 arma
1355 1766 1552 1807 adversus
1576 1781 1650 1820 po-

309 1836 450 1891 pulum
491 1834 725 1874 Romanum
767 1831 969 1886 cepisset:
1023 1830 1177 1871 exitum
1219 1829 1281 1869 sui
1322 1828 1470 1868 furoris
1507 1827 1648 1876 fuisse,

245 1912 281 1940 11
309 1913 390 1938 non
421 1895 683 1952 principium3
720 1902 806 1934 tum
838 1909 881 1934 se
910 1892 1132 1941 insanisse,
1169 1899 1256 1931 tum
1285 1889 1463 1944 hospitia
1490 1889 1650 1944 privata

310 1969 348 2000 et
384 1959 549 2014 publica
578 1957 746 1998 foedera
777 1955 915 1997 omnia
945 1970 995 1996 ex
1026 1954 1161 1995 animo
1198 1952 1386 2000 eiecisse,
1425 1966 1517 1992 cum
1548 1950 1650 1992 Car-

246 2036 283 2065 12
310 2021 609 2076 thaginiensem
638 2027 868 2060 matronam
899 2017 1066 2058 domum
1097 2015 1310 2070 acceperit.
1380 2013 1459 2054 iHis
1489 2013 1651 2067 nuptia-

310 2084 416 2124 libus
453 2082 611 2123 facibus
647 2080 803 2135 regiam
847 2080 1123 2134 conflagrasse
1166 2092 1306 2125 suam,
1354 2075 1467 2116 illam
1502 2074 1651 2115 furiam

311 2154 551 2202 pestemque
591 2144 779 2185 omnibus
824 2141 1107 2183 delenimentis
1151 2140 1333 2180 animum
1375 2153 1494 2179 suum
1537 2152 1652 2178 aver-

311 2208 410 2249 tisse
447 2216 568 2260 atque
606 2207 807 2247 alienasse
838 2219 914 2246 nec
945 2203 1204 2256 conquiesse,
1242 2201 1372 2242 donec
1402 2200 1493 2255 ipsa
1522 2199 1651 2239 mani-

310 2270 386 2310 bus
431 2269 514 2310 suis
559 2268 716 2309 nefaria
759 2267 837 2308 sibi
879 2282 991 2307 arma
1033 2265 1230 2305 adversus
1278 2262 1483 2316 hospitem
1530 2269 1651 2314 atque

248 2342 286 2371 13
312 2331 486 2371 amicum
510 2331 710 2371 indueret.
767 2328 927 2384 perdito
957 2335 1095 2367 tamen
1126 2334 1247 2379 atque
1279 2324 1440 2365 adflicto
1474 2322 1551 2363 sibi
1574 2323 1651 2363 hoc

311 2393 351 2432 in
382 2392 556 2433 miseriis
589 2391 729 2433 solacii
761 2405 870 2439 esse,
909 2389 1019 2443 quod
1047 2389 1090 2429 in
1120 2387 1301 2429 omnium
1336 2385 1546 2427 hominum
1576 2383 1652 2423 ini-

312 2454 522 2494 micissimi
553 2454 629 2494 sibi
662 2454 829 2494 domum
854 2466 901 2492 ac
925 2458 1095 2506 penates
1128 2449 1301 2490 eandem
1330 2455 1491 2502 pestem
1516 2460 1562 2487 ac
1588 2445 1651 2484 fu-

251 2529 287 2556 14
312 2517 414 2556 riam
443 2516 640 2557 transisse
676 2516 826 2556 videat.
885 2529 1018 2567 neque
1053 2512 1358 2568 prudentiorem
1387 2524 1519 2563 neque
1556 2522 1650 2548 con-

315 2578 549 2618 stantiorem
595 2578 864 2618 Masinissam
912 2591 1034 2629 quam
1082 2573 1317 2629 Syphacem
1365 2586 1481 2620 esse,
1529 2569 1650 2610 etiam

314 2639 478 2679 iuventa
513 2640 803 2688 incautiorem3
852 2647 960 2680 certe
997 2637 1158 2678 stultius
1200 2636 1315 2677 illum
1351 2642 1472 2687 atque
1506 2632 1649 2672 intem-

315 2700 522 2753 perantius
548 2715 638 2741 eam
663 2715 786 2753 quam
812 2715 855 2741 se
881 2700 1059 2740 duxisse.
