1815 3184
490 240 642 275 LIBER
665 240 831 285 XXVII,
857 241 910 275 28.
939 243 988 284 [a.
1005 241 1137 285 C.208]
1406 232 1488 274 357

143 344 323 386 consulis
348 343 489 392 unius,
526 343 695 385 vulnere
726 343 892 384 alterius
922 343 1117 384 iniectum
1148 359 1241 385 esse
1270 351 1402 393 ratus,
1438 359 1491 386 ne

142 406 208 447 cui
233 406 397 446 deesset
421 405 646 454 occasioni,
680 412 815 446 castra
838 406 880 445 in
906 406 1126 455 tumulum,
1158 405 1200 446 in
1226 420 1306 459 quo
1331 421 1493 461 pugna-

142 476 228 508 tum
254 474 357 515 erat,
384 466 591 521 extemplo
618 467 825 507 transfert.
874 467 931 507 ibi
955 467 1168 507 inventum
1187 467 1378 508 Marcelli
1404 482 1493 508 cor-

141 543 218 583 pus
246 528 403 583 sepelit.
455 527 691 582 Crispinus,
718 536 758 569 et
776 535 907 569 morte
933 529 1130 583 conlegae
1157 536 1197 569 et
1223 544 1297 570 suo
1322 529 1492 570 vulnere

142 590 324 639 territus,
352 590 513 631 silentio
535 590 789 642 insequentis
810 590 941 631 noetis
961 591 1191 645 profectus,
1218 606 1321 644 quos
1341 607 1494 646 proxu-

141 667 230 693 mos
262 660 435 692 nanctus
469 659 532 692 est
561 652 730 700 montis,
762 652 804 692 in
827 652 877 692 iis
902 652 993 693 loco
1020 652 1101 693 alto
1128 660 1169 693 et
1193 660 1280 695 tuto
1311 653 1492 706 undique

141 721 276 754 castra
305 714 455 768 posuit.
515 714 571 754 ibi
604 714 684 754 duo
716 714 841 754 duces
875 714 1078 769 sagaciter
1108 715 1209 756 moti
1241 723 1352 765 sunt,
1391 717 1493 756 alter

141 775 193 815 ad
218 775 493 824 inferendam,
520 775 621 816 alter
647 776 699 815 ad
724 776 952 816 cavendam
972 776 1174 817 fraudem.
1224 777 1356 818 anulis
1376 778 1493 818 Elar-

141 837 230 877 celli
257 837 378 877 simul
406 851 499 877 cum
525 851 693 891 corpore
713 837 925 877 Hannibal
945 837 1098 891 potitus
1122 845 1220 879 erat.
1270 839 1357 879 eius
1385 839 1493 894 signi

140 913 275 938 errore
306 913 358 939 ne
390 898 455 938 cui
480 898 598 938 dolus
624 905 856 938 necteretur
882 914 906 938 a
928 899 1072 939 Poeno
1097 907 1305 949 metuens,
1333 900 1493 955 Crispi-

139 975 216 999 nus
261 960 368 999 circa
405 959 590 999 civitates
628 959 839 1012 proximas
876 959 1044 999 miserat
1080 961 1266 1010 nuntios,
1310 962 1492 1003 occisum

139 1021 354 1075 conlegam
379 1036 471 1061 esse
497 1021 713 1072 anulisque
740 1021 826 1061 eius
853 1020 1016 1061 hostem
1040 1022 1236 1075 potitum:
1263 1039 1314 1064 ne
1341 1024 1490 1076 quibus

137 1082 281 1122 litteris
309 1082 521 1122 crederent
546 1081 711 1121 nomine
730 1081 921 1122 RIarcelli
948 1083 1200 1136 compositis.
1248 1084 1371 1138 paulo
1398 1094 1490 1125 ante

137 1142 203 1182 hic
238 1142 405 1182 nuntius
440 1143 621 1182 consulis
655 1141 868 1196 Salapiam
899 1151 1087 1192 venerat,
1126 1159 1220 1185 cum
1249 1145 1409 1187 litterae
1441 1147 1492 1187 ab

135 1204 373 1244 Hannibale
405 1204 552 1244 allatae
585 1211 681 1245 sunt
710 1204 902 1244 blm-cem
938 1205 1104 1246 nomine
1136 1207 1408 1261 compositae:
1448 1223 1492 1249 se

134 1272 254 1306 nocte
280 1279 385 1317 quae
411 1265 519 1306 diem
538 1265 653 1305 illum
674 1272 866 1306 secutura
887 1274 998 1307 esset
1019 1264 1233 1322 Salapiam
1253 1276 1471 1310 venturum
1480 1286 1491 1319 3

137 1325 319 1381 [intenti]
358 1327 508 1367 milites
547 1334 704 1375 essent,
744 1327 813 1380 qui
848 1327 890 1367 in
925 1328 1133 1382 praesidio
1171 1338 1305 1379 erant,
1344 1330 1379 1370 si
1410 1345 1492 1383 quo

135 1403 261 1442 opera
292 1404 433 1428 eorum
464 1404 568 1442 opus
601 1396 724 1429 esset.
785 1404 952 1430 sensere
980 1388 1211 1444 Salapitani
1236 1391 1426 1432 fraudem
1452 1399 1492 1433 et

136 1450 187 1489 ab
223 1449 283 1489 ira
318 1465 401 1489 non
433 1450 676 1490 defectionis
707 1451 850 1499 modo,
889 1452 963 1491 sed
995 1452 1119 1492 etiam
1152 1453 1335 1505 equitum
1366 1454 1492 1495 inter-

135 1512 337 1551 fectorum
378 1511 455 1551 rati
497 1511 757 1552 occasionem
799 1513 990 1566 supplicii
1025 1514 1128 1568 peti,
1170 1515 1344 1557 remisso
1381 1524 1490 1557 retro

135 1573 277 1612 nuntio
303 1599 335 1602 —
359 1573 536 1627 perfuga
561 1581 697 1613 autem
722 1574 937 1614 Romanus
965 1583 1051 1615 erat
1075 1601 1121 1624 ——,
1154 1583 1199 1616 ut
1225 1577 1312 1617 sine
1339 1578 1491 1619 arbitro

135 1634 284 1674 milites
312 1648 417 1686 quae
443 1634 596 1674 vellent
621 1643 810 1689 agerent,
837 1636 1068 1690 oppidanos
1093 1652 1168 1691 per
1191 1653 1331 1679 muros
1356 1639 1492 1679 urbis-

136 1710 214 1748 que
253 1704 484 1749 opportuna
519 1696 610 1736 loca
644 1696 687 1735 in
720 1696 965 1738 stationibus
997 1698 1240 1752 disponunt,
1279 1700 1488 1741 custodias

136 1757 380 1811 vigiliasque
412 1757 454 1796 in
479 1772 570 1797 eam
595 1766 759 1798 noctem
784 1758 981 1798 intentius
1006 1759 1232 1809 instruunt,
1265 1761 1372 1801 circa
1396 1777 1491 1816 por-

136 1826 237 1866 tani,
282 1833 362 1871 qua
398 1826 617 1858 venturum
653 1819 815 1860 hostem
851 1820 1059 1869 rebantur,
1104 1822 1214 1874 quod
1248 1823 1407 1863 roboris
1447 1823 1489 1863 in

133 1880 340 1934 praesidio
373 1888 460 1920 erat
490 1889 715 1935 opponunt.
776 1882 989 1922 Hannibal
1023 1891 1168 1935 quarta
1192 1884 1334 1938 vigilia
1359 1885 1488 1926 ferme

135 1942 187 1982 ad
211 1942 357 1982 urbem
382 1943 568 1983 accessit.
617 1943 738 1997 primi
765 1943 941 1998 agminis
968 1952 1084 1985 erant
1107 1946 1308 2000 perfugae
1333 1947 1489 1987 Roma-

134 2019 281 2043 norum
306 2011 344 2044 et
371 2020 484 2044 arina
507 2005 700 2045 Romana
724 2005 945 2046 habebant.
993 2006 1039 2054 ii,
1065 2007 1136 2046 ubi
1162 2008 1214 2047 ad
1238 2015 1399 2062 portam
1426 2016 1489 2049 est

135 2074 320 2115 ventum,
348 2067 499 2107 Latine
525 2082 668 2108 omnes
694 2067 909 2120 loquentes
937 2068 1117 2109 excitant
1141 2069 1287 2124 vigiles
1321 2071 1488 2124 aperiri-

136 2142 214 2180 que
244 2135 406 2181 portam
435 2129 595 2169 iubent:
634 2129 847 2170 consulem
880 2130 1040 2170 adesse.
1101 2131 1248 2185 vigiles
1286 2132 1400 2172 velut
1436 2133 1488 2173 ad

135 2202 279 2228 vocem
304 2204 446 2229 eorum
477 2190 642 2230 excitati
673 2191 931 2240 tumultuari,
969 2192 1193 2246 trepidare,
1230 2193 1363 2234 moliri
1394 2209 1489 2248 por-

134 2258 230 2290 tam.
281 2258 485 2291 cataracta
510 2252 669 2292 deiecta
694 2253 835 2293 clausa
860 2260 958 2293 erat.
1008 2268 1100 2294 eam
1124 2255 1274 2308 partim
1300 2256 1486 2296 vectibus

132 2311 290 2358 levant,
327 2312 477 2366 partim
508 2313 676 2354 funibus
709 2315 945 2355 subducunt
974 2315 1016 2355 in
1048 2323 1208 2356 tantum
1245 2317 1485 2367 altitudinis,

132 2380 174 2412 ut
202 2373 338 2413 subire
368 2382 479 2414 recte
510 2382 695 2428 possent.
755 2376 926 2416 vixdum
953 2376 1051 2417 satis
1077 2379 1247 2431 patebat
1271 2379 1360 2427 iter,
1393 2393 1485 2419 cum

132 2435 331 2489 perfugae
368 2436 555 2477 certatim
589 2444 714 2477 ruunt
749 2453 822 2492 per
857 2446 1038 2492 portam3
1089 2447 1129 2479 et
1170 2454 1263 2479 cum
1308 2441 1486 2481 sescenti

132 2496 260 2535 ferme
285 2496 527 2546 intrassent,
553 2498 727 2539 remisso
753 2499 869 2548 fune,
902 2514 983 2552 quo
1009 2515 1212 2554 suspensa
1237 2509 1342 2551 erat,
1376 2510 1486 2543 cata-

131 2565 245 2597 racta
290 2573 443 2612 magno
492 2559 628 2600 sonitu
676 2560 834 2601 cecidit.
903 2560 1133 2615 Salapitani
1176 2563 1243 2603 alii
1285 2563 1482 2618 perfugas

131 2620 399 2673 neglegenter
424 2635 475 2660 ex
500 2621 644 2661 itinere
670 2621 874 2676 suspensa
897 2623 1071 2672 umeris,
1102 2631 1147 2663 ut
1169 2624 1275 2665 inter
1298 2633 1481 2679 pacatos,

130 2681 312 2733 gerentis
339 2696 453 2722 arma
477 2682 696 2732 invadunt,
723 2683 791 2724 alii
818 2698 839 2724 e
865 2684 965 2724 turri
991 2684 1077 2725 eius
1103 2692 1246 2739 portae
1271 2687 1481 2740 murisque

1514 1712 1534 1741 8

1515 2144 1555 2173 10

1514 2392 1549 2420 11

1511 2577 1550 2606 12
