1815 3184
516 229 669 263 LIBER
694 228 845 271 xxm,
871 228 923 261 19.
952 229 1000 271 [a.
1017 226 1151 271 C.216]
1433 216 1515 257 133

156 332 290 374 stabat
315 338 353 373 et
380 339 486 373 stare
506 332 681 373 inermes
700 332 742 372 in
762 331 887 372 muris
906 331 1018 372 nuda
1037 345 1206 385 corpora
1226 330 1278 371 ad
1296 328 1514 370 missilium

156 395 327 435 telorum
353 395 457 435 ictus
483 394 739 448 praebentes.
778 408 826 434 ea
847 408 969 448 aegre
988 393 1148 447 patiens
1165 391 1393 439 Gracchus,
1421 405 1514 431 cum
1541 403 1557 432 7

155 472 288 509 neque
335 471 517 511 pugnam
566 470 779 497 conserere
828 455 1036 495 dictatoris
1084 455 1246 494 iniussu
1292 453 1460 494 auderet
1483 476 1516 480 —

154 519 423 572 pugnandum
455 523 592 557 autern
624 531 734 566 esse,
774 517 809 557 si
833 517 969 570 palam
1002 516 1254 557 frumentum
1278 515 1514 569 inportaret,
1541 525 1560 555 8

155 579 512 632 videbat—neque
539 579 643 619 clam
669 579 902 633 inportandi
930 593 1024 632 spes
1051 585 1171 626 esset,
1198 578 1305 618 farre
1332 592 1382 617 ex
1407 576 1516 631 agris

156 642 263 682 circa
299 641 479 694 undique
517 648 717 681 convecto
757 656 850 681 cum
889 640 1085 694 conplura
1127 639 1236 680 dolia
1271 639 1516 693 conplesset‚

157 703 346 743 nuntium
378 704 430 744 ad
460 704 747 758 magistratum
775 703 1005 744 Casilinum
1037 702 1166 751 misit,
1209 709 1254 742 ut
1285 702 1518 756 exciperent

156 765 265 805 dolia
290 780 395 818 quae
421 766 552 806 amnis
579 765 768 805 deferret.
811 765 1043 817 insequenti
1062 772 1182 805 nocte
1202 764 1367 805 intentis
1388 762 1518 803 omni·
1543 774 1560 804 9

158 827 234 867 bus
266 827 308 867 in
339 827 491 867 flumen
522 842 569 867 ac
601 842 715 881 spem
748 826 799 867 ab
831 826 973 866 nuntio
1004 826 1193 866 Romano
1224 826 1375 866 factam
1408 824 1518 865 dolia

156 888 292 929 medio
318 888 445 929 missa
476 888 586 928 amni
617 888 878 928 defluxerunt
908 887 1212 940 aequaliterque
1244 887 1348 927 inter
1373 900 1515 927 omnes

156 950 408 990 frumentum
432 943 642 990 divisum.
713 949 756 989 id
796 955 962 1002 postero
999 963 1162 1001 quoque
1205 949 1270 989 die
1314 963 1361 989 ac
1397 947 1515 988 tertio
1544 960 1584 988 10

156 1012 310 1052 sactum
338 1020 419 1061 est3
456 1018 574 1052 nocte
601 1018 639 1051 et
663 1010 931 1051 mittebantur
955 1018 994 1050 et
1023 1009 1336 1063 perveniebant,
1376 1023 1424 1049 eo
1450 1023 1519 1048 cu-

157 1073 310 1113 stodias
336 1072 518 1113 hostium
543 1072 752 1112 fallebant.
800 1071 1002 1112 imbribus
1023 1071 1170 1111 deinde
1190 1071 1394 1111 continuis
1421 1070 1519 1111 cita·
1546 1083 1584 1112 11

156 1134 232 1174 tior
258 1133 375 1174 solito
400 1134 531 1174 amnis
559 1140 792 1174 transverso
818 1133 970 1174 vertice
990 1132 1100 1173 dolia
1123 1132 1270 1187 inpulit
1297 1132 1348 1172 ad
1372 1132 1518 1186 ripam,

155 1210 279 1249 quam
310 1195 450 1236 hostes
484 1195 716 1236 servabant.
778 1195 835 1236 ibi
866 1195 1077 1235 haerentia
1107 1195 1212 1235 inter
1243 1194 1394 1235 obnata
1417 1194 1517 1248 ripis

156 1257 298 1298 salicta
346 1257 672 1311 conspiciuntur,
721 1257 1038 1311 nuntiatumque
1080 1256 1307 1297 Hannibali
1350 1262 1430 1304 est,
1480 1262 1520 1296 et

156 1319 302 1359 deinde
334 1319 548 1359 intentiore
580 1319 767 1360 custodia
799 1326 984 1368 cautum,
1022 1334 1072 1359 ne
1105 1319 1205 1372 quid
1235 1318 1394 1359 falleret
1418 1317 1521 1358 Vol-

156 1387 275 1421 turno
301 1381 353 1421 ad
378 1380 520 1421 urbem
546 1381 732 1422 missum.
782 1396 908 1422 nuces
936 1388 1073 1422 tamen
1098 1381 1216 1421 fusae
1242 1380 1293 1421 ab
1319 1379 1519 1421 Romanis
1550 1391 1588 1420 12

157 1442 300 1483 castris
328 1457 419 1482 cum
446 1443 581 1483 medio
608 1443 719 1483 anmi
745 1444 798 1484 ad
814 1443 1043 1484 Casilinum
1070 1443 1313 1492 defluerent,
1341 1442 1520 1483 cratibus

158 1503 478 1558 excipiebantur.
516 1512 724 1559 postremo
750 1505 802 1545 ad
827 1505 868 1545 id
893 1513 1061 1546 ventum
1084 1505 1246 1560 inopiae
1267 1510 1347 1553 est,
1374 1511 1418 1544 ut
1437 1504 1523 1544 lora
1550 1515 1589 1544 13

158 1566 444 1619 detractasque
482 1566 607 1606 scutis
644 1567 790 1620 pelles,
840 1567 911 1608 ubi
948 1567 1107 1608 fervida
1142 1567 1372 1607 mollissent
1403 1580 1521 1619 aqua,

159 1628 353 1668 mandere
380 1635 625 1668 conarentur
656 1643 732 1669 nec
763 1629 949 1669 muribus
982 1629 1113 1669 aliove
1146 1628 1312 1669 animali
1343 1627 1523 1668 abstine-

158 1696 248 1729 rent
281 1696 319 1729 et
351 1704 470 1730 omne
501 1689 720 1731 herbarum
751 1691 1018 1743 radicumque
1050 1705 1182 1745 genus
1214 1689 1437 1745 aggeribus
1463 1690 1524 1729 in-

158 1751 265 1791 fimis
292 1751 397 1791 muri
423 1758 622 1792 eruerent.
684 1758 723 1792 et
754 1767 847 1792 cum
878 1752 1018 1793 hostes
1051 1751 1293 1793 obarassent
1324 1751 1525 1805 quidquid
1551 1764 1591 1792 14

157 1812 317 1853 herbidi
354 1813 501 1853 terreni
539 1820 654 1854 extra
690 1829 853 1854 murum
891 1820 1000 1863 erat,
1048 1828 1242 1868 raporum
1287 1828 1428 1854 semen
1463 1814 1524 1854 in-

157 1874 351 1923 iecerunt,
379 1881 423 1914 ut
442 1874 655 1915 Hannibal
685 1880 804 1915 ‘eone
831 1889 981 1928 usque,
1008 1875 1107 1916 dum
1134 1890 1182 1916 ea
1206 1883 1444 1923 nascantur,
1471 1875 1524 1915 ad

160 1935 390 1977 Casilinum
423 1952 612 1978 sessurus
652 1938 785 1978 sum?
829 1937 1095 1987 exclamaret,
1121 1963 1177 1966 —
1209 1945 1247 1978 et
1273 1938 1343 1991 qui
1368 1937 1523 1978 nullam
1551 1950 1590 1979 15

159 2004 278 2039 antea
297 1998 529 2052 pactionem
550 1999 716 2040 auribus
737 1999 970 2048 admiserat,
998 2006 1084 2040 tum
1105 2000 1271 2046 demum
1293 2000 1360 2054 agi
1381 2014 1523 2040 secum

160 2066 221 2099 est
247 2074 395 2113 passus
422 2060 472 2100 de
497 2061 778 2115 redemptione
803 2060 1025 2101 liberorum
1051 2062 1246 2115 capitum.
1303 2067 1522 2114 septunces
1551 2074 1590 2103 16

160 2121 248 2161 auri
273 2121 314 2160 in
335 2121 518 2176 singulos
539 2123 715 2176 pretium
736 2123 938 2163 convenit.
983 2123 1063 2163 fide
1084 2130 1252 2177 accepta
1271 2123 1525 2163 tradiderunt

161 2197 265 2223 sese.
304 2183 433 2224 donec
453 2199 572 2224 omne
594 2200 739 2224 aurum
754 2184 1009 2238 persolutum
1032 2192 1112 2234 est,
1138 2185 1179 2224 in
1193 2185 1367 2225 vinculis
1382 2184 1523 2233 habiti,

162 2251 249 2284 tum
286 2245 448 2285 remissi
487 2245 643 2286 Cumas
682 2261 775 2286 cum
811 2247 906 2287 fide.
972 2247 1015 2287 id
1050 2247 1188 2288 verius
1225 2253 1288 2287 est
1318 2261 1441 2300 quam
1473 2246 1524 2287 ab
1553 2260 1591 2289 17
1631 2283 1644 2289 f

162 2307 296 2360 equite
316 2307 357 2347 in
378 2307 566 2349 abeuntis
586 2308 758 2349 inmisso
777 2309 1028 2350 interfectos.
1066 2309 1325 2350 Praenestini
1345 2308 1526 2349 maxima

162 2384 256 2422 pars
288 2369 415 2410 fuere.
476 2385 527 2410 ex
558 2370 794 2425 quingentis
828 2372 1108 2427 septuaginta,
1146 2372 1216 2425 qui
1247 2372 1289 2412 in
1319 2371 1525 2426 praesidio

161 2431 346 2480 suerunt,
395 2432 530 2473 minus
568 2433 784 2473 dimidium
827 2433 983 2474 ferrum
1019 2434 1233 2487 famesque
1276 2433 1525 2487 absumpsit3

161 2493 284 2532 ceteri
310 2493 537 2534 incolumes
562 2493 788 2535 Praeneste
816 2510 909 2536 cum
935 2504 1120 2550 praetore
1148 2510 1223 2537 suo
1247 2494 1309 2536 M.
1330 2494 1527 2536 Anicio—

162 2554 295 2594 scriba
321 2555 354 2595 is
381 2562 501 2596 antea
526 2555 660 2596 fuerat
686 2581 718 2585 —
742 2557 962 2598 redierunt.
1001 2565 1135 2599 statua
1160 2558 1247 2599 eius
1273 2557 1423 2598 indicio
1448 2557 1527 2598 fuit
1554 2575 1593 2604 18

160 2615 385 2658 Praeneste
421 2618 462 2658 in
499 2618 589 2659 foro
628 2625 797 2668 statuta,
834 2619 1020 2669 loricata,
1059 2620 1207 2661 amicta
1237 2627 1352 2675 toga,
1391 2619 1526 2660 velato

160 2679 291 2733 capite
323 2678 382 2732 (et
408 2681 483 2722 tria
510 2681 655 2736 signa)
689 2696 782 2722 cum
809 2682 925 2723 titulo
950 2682 1111 2723 lamnae
1137 2697 1288 2724 aeneae
1314 2682 1523 2737 inscripto,
