1815 3184
302 258 385 299 340
593 263 747 298 LrssER
770 263 939 308 xxvii,
965 264 1018 298 13.
1042 263 1095 297 14.
1124 264 1360 308 [a.u.0.545]

299 383 406 416 rum,
439 381 610 420 quorum
637 366 756 421 signa
780 367 932 407 amissa
957 365 1135 415 fuerant,
1169 366 1371 407 destrictis
1396 367 1543 421 gladiis
1570 369 1652 411 dis-

299 429 452 469 cinctos
489 428 654 468 destitui
689 428 808 467 iussit
843 433 882 467 et
917 433 962 467 ut
996 434 1160 481 postero
1196 428 1262 468 die
1292 442 1454 477 omncs,
1495 430 1650 481 equites

237 504 274 533 10
299 490 475 543 pedites,
502 489 646 529 armati
671 489 862 530 adessent
887 489 1025 529 edixit.
1084 489 1141 529 ita
1166 489 1299 530 contio
1325 490 1495 531 dimissa
1519 490 1651 531 faten-

298 551 418 601 tium,
455 551 541 592 iure
567 565 614 591 ac
639 551 782 591 merito
809 565 899 591 sese
929 550 1147 604 increpitos
1172 566 1305 604 neque
1335 551 1403 592 illo
1430 552 1495 592 die
1519 552 1652 593 virum

299 627 546 666 quemquam
577 613 618 652 in
650 613 735 653 acie
761 613 949 653 Romana
978 613 1108 653 fuisse
1143 620 1304 667 praeter
1332 629 1460 654 unum
1491 614 1650 663 ducem,

299 675 363 715 cui
394 682 463 715 aut
493 681 622 715 morte
661 675 996 715 satisfaciendum
1034 682 1104 715 aut
1134 676 1300 729 egregia
1330 675 1500 716 victoria
1530 683 1650 717 esset.

234 751 270 779 11
299 742 462 790 postero
498 737 563 777 die
601 737 731 777 ornati
768 737 992 789 armatique
1028 737 1080 777 ad
1117 737 1294 777 edictum
1331 738 1511 778 aderant.
1576 738 1652 777 im-

296 805 459 852 perator
483 813 552 839 eos
579 798 798 839 conlaudat
822 799 1157 852 pronuntiatque,
1185 815 1208 839 a
1235 799 1383 852 quibus
1411 806 1498 840 orta
1523 800 1652 854 pridie

298 860 399 914 fuga
435 867 543 901 esset
580 860 873 913 cohortesque,
922 874 1026 912 quae
1064 860 1181 914 signa
1223 861 1481 910 amisissent,
1531 876 1574 902 se
1611 862 1652 901 in

234 940 272 968 12
297 921 468 975 primam
506 922 634 962 aciem
670 921 955 962 inducturum:
1004 922 1162 962 edicere
1197 922 1278 962 iam
1310 937 1418 971 sese,
1462 922 1651 963 omnibus

297 983 566 1037 pugnandum
603 997 650 1023 ac
685 983 932 1023 vincendum
969 997 1060 1023 esse
1103 989 1142 1023 et
1178 983 1443 1024 adnitendum
1480 984 1651 1038 singulis

297 1045 601 1097 universisque,
639 1059 690 1085 ne
722 1045 835 1099 prius
872 1045 1086 1085 hesternae
1117 1045 1241 1100 fugae
1272 1060 1396 1098 quam
1432 1045 1651 1086 hodiernae

236 1119 274 1148 13
300 1105 492 1146 victoriae
524 1106 636 1146 fama
658 1106 836 1146 Romam
866 1107 1089 1160 perveniat.
1149 1107 1243 1147 inde
1276 1107 1366 1147 cibo
1392 1121 1562 1160 corpora
1585 1107 1652 1147 fir-

299 1181 410 1207 mare
434 1167 553 1215 iussi,
579 1174 641 1216 ut,
669 1168 703 1208 si
727 1167 888 1221 longior
911 1182 1050 1221 pugna
1075 1174 1202 1217 esset,
1228 1168 1382 1209 viribus
1404 1168 1650 1208 sufficerent.

298 1227 369 1268 ubi
394 1228 530 1269 onmia
555 1229 662 1269 dicta
692 1229 881 1282 factaque
914 1235 1009 1269 sunt
1044 1229 1192 1282 quibus
1225 1229 1498 1270 excitarentur
1528 1229 1651 1270 animi

298 1289 491 1338 militum,
517 1290 558 1329 in
584 1290 712 1330 aciem
738 1290 976 1344 procedunt.

256 1365 271 1392 1
382 1351 534 1391 XIIII.
596 1351 720 1403 Quod
745 1352 815 1392 ubi
840 1351 1067 1392 Hannibali
1092 1352 1321 1392 nuntiatum
1347 1359 1426 1401 est,
1466 1356 1578 1393 ‘cum
1603 1367 1650 1393 eo

298 1413 507 1453 nimirum'
532 1413 664 1466 inquit
690 1413 825 1454 ‘hoste
850 1428 914 1453 res
940 1420 1019 1461 est,
1047 1414 1117 1465 qui
1138 1427 1213 1453 nec
1233 1412 1383 1453 bonam
1407 1428 1481 1453 nec
1502 1414 1652 1454 malam

298 1473 403 1514 ferre
440 1474 646 1514 fortunam
682 1474 831 1528 possit!
883 1469 1105 1523 seu'xicit,
1142 1474 1331 1514 ferociter
1360 1474 1484 1514 instat
1513 1474 1651 1523 victis3

256 1549 274 1577 2
302 1550 374 1575 seu
399 1535 530 1575 victus
557 1541 635 1583 est,
666 1535 866 1575 instaurat
891 1549 985 1575 cum
1009 1534 1231 1575 victoribus
1258 1535 1487 1576 ccrtamen.’
1535 1536 1653 1590 signa

300 1596 393 1636 inde
431 1610 574 1636 canere
610 1596 746 1644 iussit,
785 1596 923 1650 copias
961 1596 1107 1636 educit.
1184 1603 1413 1651 pugnatum
1449 1597 1651 1650 utrimque

299 1658 506 1710 aliquanto
531 1672 655 1712 quam
685 1658 815 1712 pridie
841 1658 973 1698 acrius
999 1664 1079 1706 est,
1116 1657 1271 1699 Poenis
1303 1659 1355 1698 ad
1387 1658 1651 1699 obtinendum

298 1721 536 1761 hesternum
572 1721 698 1761 decus
736 1720 1035 1769 adnitentibus,
1084 1720 1283 1761 Romanis
1320 1721 1372 1761 ad
1409 1721 1651 1761 demendam

255 1796 273 1824 3
299 1782 577 1837 ignominiam.
640 1782 804 1823 sinistra
834 1783 898 1823 ala
928 1782 979 1823 ab
1009 1782 1207 1823 Romanis
1241 1789 1280 1822 et
1305 1782 1510 1831 cohortes,
1547 1796 1651 1835 quae

299 1844 518 1884 amiserant
544 1844 678 1898 signa,
717 1844 759 1883 in
783 1844 913 1897 prima
938 1844 1024 1884 acie
1049 1843 1290 1897 pugnabant
1321 1850 1360 1884 et
1384 1843 1491 1898 legio
1517 1843 1652 1883 vicen-

255 1918 274 1945 4
301 1906 404 1946 sima
436 1905 487 1946 ab
518 1906 660 1946 dextro
692 1920 817 1946 cornu
847 1906 1056 1946 instructa.
1116 1906 1169 1946 L.
1198 1905 1413 1946 Cornelius
1444 1905 1650 1946 Lentulus

300 1975 338 2007 et
365 1966 413 2007 C.
443 1966 641 2008 Claudius
666 1967 774 2008 Nero
799 1967 924 2021 legati
949 1966 1140 2007 cornibus
1165 1973 1395 2021 praeerant,
1426 1966 1649 2007 Marcellus

255 2042 273 2070 5
299 2029 475 2068 mediam
506 2029 635 2069 aciem
665 2028 847 2069 hortator
878 2028 1073 2081 testisque
1103 2043 1297 2082 praesens
1333 2027 1532 2068 firmabat.
1599 2027 1650 2067 ab

299 2089 534 2130 Hannibale
560 2090 740 2144 Hispani
766 2090 938 2144 primam
965 2089 1202 2131 obtinebant
1227 2089 1421 2138 frontem,
1459 2096 1498 2129 et
1521 2089 1564 2129 id
1587 2103 1651 2129 ro-

256 2164 273 2194 6
299 2151 408 2191 boris
434 2152 474 2191 in
500 2151 610 2192 omni
635 2152 815 2192 exercitu
841 2158 937 2192 erat.
977 2166 1069 2192 cum
1095 2166 1244 2205 anceps
1271 2151 1340 2191 diu
1364 2166 1504 2205 pugna
1529 2156 1649 2198 esset,

300 2212 511 2253 Hannibal
547 2212 786 2267 elephantos
822 2213 865 2252 in
900 2213 1074 2267 primam
1110 2213 1238 2253 aciem
1274 2212 1413 2252 induci
1442 2211 1579 2260 iussit,
1617 2212 1651 2252 si

257 2289 273 2317 7
300 2289 421 2327 quem
456 2274 606 2314 inicere
643 2289 691 2315 ea
726 2289 790 2314 res
828 2274 1048 2314 tumultum
1084 2288 1131 2314 ae
1166 2288 1361 2327 pavorem
1396 2279 1548 2327 posset.
1613 2278 1652 2312 et

300 2336 430 2389 primo
467 2335 681 2376 turbarunt
719 2335 836 2390 signa
873 2335 1137 2388 ordinesque,
1175 2341 1215 2375 et
1250 2334 1398 2389 partim
1433 2333 1651 2375 occulcatis

300 2398 448 2451 partim
473 2397 694 2451 dissupatis
726 2403 876 2438 terrore
907 2397 977 2450 qui
1008 2398 1114 2437 circa
1145 2403 1258 2437 erant
1287 2397 1541 2437 nudaverant
1571 2410 1653 2435 una

257 2471 275 2500 8
301 2466 414 2513 parte
450 2459 597 2507 aciem,
639 2459 843 2512 latiusque
879 2459 980 2513 fuga
1015 2465 1241 2508 manasset,
1283 2458 1325 2498 ni
1356 2457 1404 2499 C.
1436 2457 1651 2498 Decimius

301 2520 454 2560 Flavus
485 2520 670 2561 tribunus
704 2521 879 2560 militum
911 2521 1029 2575 signo
1055 2526 1214 2574 arrepto
1238 2520 1358 2573 primi
1389 2519 1538 2560 hastati
1567 2533 1652 2558 ma-

302 2582 487 2635 nipulum
512 2582 599 2622 eius
627 2583 742 2635 sequi
768 2597 811 2623 se
836 2583 1036 2623 iussisset.
1074 2582 1190 2622 duxit
1215 2581 1285 2622 ubi
1309 2581 1485 2621 maxime
1504 2579 1652 2620 tumul-

303 2649 389 2682 tum
426 2643 693 2697 conglobatae
729 2643 875 2684 beluae
912 2643 1117 2684 faciebant
1153 2643 1315 2697 pilaque
1349 2643 1390 2682 in
1423 2656 1491 2681 eas
1523 2638 1652 2680 conici

261 2715 278 2744 9
304 2703 433 2743 iussit.
493 2704 661 2745 haesere
687 2705 823 2745 onmia
854 2705 933 2745 tela
963 2705 1074 2745 haud
1104 2704 1260 2744 difficili
1286 2718 1335 2744 ex
1360 2702 1586 2756 propinquo
1610 2700 1652 2739 in
