1815 3184
478 260 628 294 LIBER
652 259 856 303 XXVIIII,
882 259 935 292 23.
955 258 1008 292 24.
1038 261 1086 301 [a.
1101 257 1139 292 C.
1154 257 1236 301 ⁶204]
1453 248 1534 289 467

185 363 238 405 sit
268 363 452 418 genitus,
490 370 530 403 et
559 378 634 417 pro
664 361 798 417 patria
828 360 1015 415 coniugis
1048 376 1146 402 suae
1177 375 1333 415 proque
1364 368 1534 415 parente

185 440 233 466 ac
257 425 476 480 penatibus
503 425 710 465 dimicare.

269 487 473 528 XXIIII.
536 485 645 527 Cum
675 486 725 526 iis
757 485 962 526 mandatis
995 486 1046 525 ab
1079 499 1177 539 rege
1207 484 1334 539 legati
1365 483 1418 524 ad
1444 482 1534 523 Sci·
1562 498 1576 525 1

183 548 350 603 pionem
374 548 491 588 missi
517 546 736 602 Syracusis
763 562 857 587 eum
883 554 1174 587 convenerunt.
1225 544 1365 600 Scipio
1392 559 1536 597 quam-

184 625 309 662 quam
356 625 508 665 magno
555 617 764 650 momento
810 623 948 649 rerum
994 608 1037 648 in
1075 608 1221 648 Africa
1262 607 1536 662 gerendarum

183 686 418 726 magnaque
445 687 517 726 spe
536 671 756 712 destitutus
778 678 882 719 erat,
908 670 1055 725 legatis
1076 684 1269 724 propere,
1295 669 1535 723 priusquam

183 748 250 773 res
277 734 526 788 vulgaretur,
552 733 737 773 remissis
763 733 805 772 in
824 732 1013 772 Africam
1037 732 1194 772 litteras
1221 731 1291 771 dat
1310 731 1363 770 ad
1379 745 1534 785 regem,

185 794 334 847 quibus
373 795 497 835 etiam
533 805 654 848 atque
691 794 817 835 etiam
846 803 987 834 monet
1018 808 1130 842 eum,
1168 807 1219 833 ne
1249 792 1338 833 iura
1368 791 1536 846 hospitii
1562 804 1580 832 3

185 870 326 896 secum
350 871 432 896 neu
456 870 550 896 cum
573 857 726 911 populo
752 856 942 896 Romano
968 855 1092 895 initae
1119 854 1325 895 societatis
1352 868 1432 894 neu
1458 854 1535 901 fas,

185 919 328 967 fidem,
356 919 565 967 dexteras,
593 919 711 967 deos,
744 917 860 958 testis
889 925 1010 970 atque
1036 917 1211 957 arbitros
1239 923 1536 956 conventorum

183 980 311 1020 fallat.
378 987 559 1020 ceterum
590 980 754 1032 quando
785 992 918 1031 neque
951 978 1074 1018 celari
1104 979 1306 1018 adventus
1337 976 1536 1017 Numida·
1562 989 1582 1017 4

181 1056 273 1081 rum
297 1048 458 1095 pot-erat
475 1065 509 1069 —
527 1040 666 1094 vagati
691 1040 800 1080 enim
825 1040 867 1079 in
890 1040 991 1080 urbe
1017 1039 1306 1092 obversatique
1331 1038 1536 1093 praetorio

182 1109 416 1150 erant—et,
444 1101 477 1141 si
505 1101 692 1141 sileretur
717 1101 815 1153 quid
839 1108 1026 1153 petentes
1053 1100 1283 1148 venissent,
1309 1099 1537 1153 perieulum

181 1171 286 1211 erat,
324 1177 376 1202 nc
401 1177 499 1202 vera
524 1176 571 1202 eo
603 1161 694 1215 ipso
726 1161 837 1213 quod
869 1161 1098 1200 celarentur
1130 1176 1205 1201 sua
1231 1168 1377 1214 sponte
1402 1160 1535 1214 magis

180 1230 421 1264 emanarent
445 1223 646 1275 timorque
674 1223 715 1262 in
741 1222 967 1262 exercitum
991 1222 1202 1270 incideret,
1230 1237 1280 1262 ne
1302 1221 1423 1261 simul
1443 1236 1537 1261 cum

178 1300 278 1339 rege
303 1292 345 1325 et
362 1283 778 1338 Carthaginiensibus
804 1284 911 1324 foret
937 1283 1192 1331 bellandum,
1219 1283 1367 1323 avertit
1391 1298 1415 1322 a
1439 1298 1536 1323 vero

179 1347 297 1387 falsis
322 1346 666 1402 praeoccupando
692 1354 851 1386 mentes
877 1345 1091 1386 hominum
1117 1352 1158 1385 et*
1178 1344 1334 1385 vocatis
1362 1345 1415 1384 ad
1439 1358 1536 1385 con-
1563 1358 1581 1386 5

179 1408 335 1449 tionem
359 1408 557 1448 militibus
582 1423 666 1448 non
690 1408 799 1447 ultra
829 1421 922 1448 esse
955 1407 1231 1447 cunctandum
1258 1406 1330 1447 ait:
1368 1406 1535 1454 instare,

179 1477 226 1509 ut
248 1470 290 1510 in
315 1469 504 1509 Africani
530 1484 652 1522 quam
677 1469 856 1523 primum
881 1469 1058 1517 traiciat,
1099 1468 1232 1509 socios
1264 1483 1404 1522 reges3
1441 1467 1537 1508 Ma-

181 1532 376 1572 sinissam
415 1531 553 1585 ipsum
593 1531 707 1585 prius
750 1531 803 1571 ad
838 1531 1032 1571 Laelium
1074 1530 1239 1571 venisse
1282 1538 1535 1582 querentem,

180 1594 292 1646 quod
312 1593 543 1633 cunctando
563 1600 726 1647 tempus
747 1600 964 1641 tereretur,
991 1607 1101 1632 nunc
1117 1591 1355 1647 Syphacem
1374 1592 1535 1632 mittere
1562 1606 1579 1635 6

180 1656 341 1709 legatos
367 1655 478 1695 idem
504 1654 794 1703 admirantem,
832 1668 936 1707 quae
963 1662 1046 1694 tam
1078 1654 1293 1694 diuturnae
1319 1669 1457 1694 morae
1484 1653 1537 1694 sit

180 1732 323 1765 causa,
349 1716 731 1771 postulantemque,
764 1723 810 1756 ut
835 1724 905 1756 aut
929 1716 1137 1756 traiciatur
1162 1716 1329 1756 tandem
1353 1715 1396 1756 in
1420 1716 1536 1756 Afri-

180 1793 271 1824 cam
296 1779 499 1820 exercitus
526 1786 614 1827 aut,
643 1778 677 1818 si
700 1785 859 1818 mutata
885 1778 1057 1819 consilia
1083 1778 1183 1827 sint,
1211 1778 1358 1818 certior
1382 1778 1465 1827 fiat,
1491 1786 1537 1818 ut

179 1850 219 1882 et
244 1841 333 1895 ipse
360 1840 438 1881 sibi
464 1855 512 1880 ac
541 1855 670 1894 regno
705 1855 778 1881 suo
809 1848 954 1894 posset
984 1840 1211 1881 consulere.
1270 1840 1408 1892 itaque
1435 1840 1534 1880 satis
1563 1854 1578 1882 7

181 1901 374 1957 [paratis]
402 1902 484 1942 iam
515 1902 705 1942 omnibus
737 1902 1032 1954 instructisque
1064 1908 1105 1942 et
1134 1916 1178 1942 re
1208 1901 1291 1941 iam
1321 1916 1404 1941 non
1430 1901 1537 1941 ultra

178 1964 400 2019 recipiente
438 1964 741 2004 cunctationem
777 1964 819 2003 in
857 1964 992 2004 animo
1027 1964 1105 2004 sibi
1136 1978 1246 2012 esse,
1284 1963 1535 2017 Lilybaeum

178 2027 311 2067 classe
349 2026 538 2066 traducta
568 2026 795 2078 eodemque
829 2026 1020 2066 omnibus
1052 2025 1238 2080 peditum
1270 2025 1534 2077 equitumque

178 2088 305 2142 copiis
333 2088 573 2136 Contractis,
613 2101 717 2139 quae
742 2087 875 2141 prima
900 2087 986 2127 dies
1013 2101 1180 2127 cursum
1204 2086 1379 2126 navibus
1407 2087 1534 2135 daret,

178 2149 265 2189 (leis
291 2149 395 2189 bene
421 2149 657 2189 iuvantibus
683 2149 725 2188 in
749 2148 938 2188 Africam
966 2148 1150 2188 traicere.
1210 2148 1368 2188 litteras
1395 2148 1447 2188 ad
1471 2148 1533 2188 M.
1560 2161 1579 2189 8

176 2210 455 2265 Pomponium
481 2211 622 2259 mittit,
649 2218 693 2250 ut
719 2211 753 2250 si
779 2210 816 2251 ei
841 2211 1066 2259 videretur,
1093 2211 1344 2264 Lilybaeum
1365 2209 1533 2259 veniret,

177 2282 221 2313 ut
247 2272 517 2313 communiter
542 2273 823 2322 consulerent,
862 2287 964 2326 quas
996 2272 1259 2327 potissimum
1284 2272 1468 2326 legiones
1495 2281 1536 2312 et

177 2344 377 2388 quantum
413 2334 590 2375 militum
625 2350 843 2375 numerum
879 2335 919 2375 in
946 2335 1136 2375 Africam
1173 2335 1375 2375 traiceret.
1435 2335 1534 2375 item
1560 2347 1578 2376 9

177 2397 331 2437 circum
361 2412 476 2438 oram
508 2397 755 2437 maritimam
787 2397 915 2446 misit,
953 2405 999 2438 ut
1028 2412 1156 2438 naves
1188 2394 1398 2438 onerariae
1424 2411 1535 2437 com-

176 2474 351 2514 prensae
372 2459 626 2513 Lilybaeum
652 2474 795 2500 omnes
823 2459 1171 2500 contraherentur.
1210 2458 1409 2511 quidquid
1428 2458 1533 2498 rnili-
1560 2472 1600 2501 10

178 2531 263 2561 tum
286 2521 536 2574 naviumque
556 2522 597 2561 in
615 2520 756 2562 Sicilia
775 2529 874 2570 erat,
895 2536 987 2561 cuin
1001 2522 1252 2575 Lilybaeum
1272 2521 1533 2561 convenisset

178 2591 218 2623 et
249 2597 326 2623 nee
356 2583 454 2623 urbs
487 2584 791 2624 multitudinem
821 2583 1034 2624 hominum
1071 2597 1204 2636 neque
1235 2590 1378 2638 portus
1403 2598 1531 2624 naves

176 2654 360 2699 caperet,
389 2653 526 2685 tantus
553 2645 745 2686 omnibus
773 2645 894 2686 ardor
919 2653 1005 2686 erat
1029 2645 1071 2685 in
1090 2645 1280 2686 Africam
1306 2645 1530 2694 traiciendi,
1561 2659 1596 2687 11

176 2716 219 2748 ut
245 2722 327 2748 non
353 2707 406 2748 ad.
430 2707 585 2748 belluni
611 2707 704 2748 duci
729 2707 984 2756 viderentur,
1023 2707 1097 2748 sed
1123 2707 1175 2748 ad
1201 2715 1312 2748 certa
1337 2707 1534 2748 victoriae

1238 2772 1305 2806 30*

1561 557 1579 585 [ὗ
