1815 3184
444 253 595 287 LIBER
619 252 731 295 xxi,
756 251 913 284 41-43.
941 253 990 293 [a.
1006 249 1044 285 0.
1058 250 1139 293 218]
1415 239 1469 280 35

120 363 297 412 reputet,
324 363 484 397 nostras
509 369 617 395 nunc
642 355 787 395 intueri
813 368 958 394 manus
984 360 1170 394 senatum
1194 352 1472 406 populumque

119 419 372 467 Romanum,
399 417 531 471 qualis
552 424 691 458 nostra
711 417 773 457 vis
794 416 1004 468 virtusque
1024 415 1158 463 fuerit,
1186 414 1306 454 talem
1327 413 1472 453 deinde
1501 428 1537 456 ιτ
1572 437 1579 443 -

120 480 324 520 fortunam
352 480 458 519 illius
484 479 596 519 urbis
623 493 670 518 ac
696 476 1056 531 Romaniimperii
1082 475 1193 516 fore.'

204 541 455 581 XXXXII.
499 541 617 581 Haec
638 546 735 593 aput
755 539 966 579 Romanos
988 536 1144 577 consul.
1178 535 1387 577 Hannibal
1412 550 1473 576 re-
1502 549 1515 577 1

120 602 197 643 bus
224 603 336 656 prius
362 617 485 656 quam
512 601 647 642 verbis
674 600 947 641 adhortandos
975 599 1122 639 milites
1145 606 1276 647 ratus,
1303 598 1476 638 circum-

120 665 215 705 dato
247 665 299 705 ad
331 664 610 719 spectaculum
643 663 823 703 exercitu
854 661 1038 715 captivos
1071 669 1285 701 montanos
1316 660 1474 699 vinctos

121 727 161 766 in
187 727 322 766 medio
349 726 489 767 statuit
515 725 721 777 armisque
749 722 919 764 Gallicis
946 729 1040 763 ante
1064 722 1191 776 pedes
1218 736 1357 762 eorum
1383 735 1477 774 pro-

121 788 235 828 iectis
272 788 522 841 interrogare
558 787 820 840 interpretem
857 785 995 833 iussit,
1039 783 1198 836 ecquis,
1238 783 1271 823 si
1304 782 1475 822 vinculis

121 850 324 889 levaretur
359 863 555 901 armaque
593 855 632 888 et
668 862 819 900 equum
852 847 981 887 victor
1012 846 1232 900 acciperet,
1270 846 1477 885 decertare

122 910 228 951 ferro
264 910 398 950 vellet.
459 924 551 950 cum
590 909 642 949 ad
677 923 805 947 unum
843 922 985 947 omnes
1022 907 1176 947 ferrum
1212 919 1476 960 pugnamque

120 978 337 1026 poscerent
373 977 412 1011 et
447 971 604 1010 deiecta
640 970 681 1009 in
718 970 760 1009 id
796 984 883 1009 sors
922 976 1049 1017 essct,
1093 982 1137 1008 se
1173 968 1347 1020 quisque
1384 981 1477 1006 eum

121 1032 305 1086 optabat,
343 1046 465 1085 quem
495 1032 660 1071 fortuna
690 1030 731 1070 in
767 1030 810 1070 id
846 1038 1051 1070 certamen
1086 1029 1257 1082 legeret,
1296 1035 1353 1076 et,
1394 1025 1475 1081 [ut]
1505 1041 1522 1068 :3

121 1094 318 1146 cuiusque
355 1108 443 1133 sors
481 1093 705 1139 exciderat,
744 1091 878 1131 alacer
908 1091 1013 1130 inter
1042 1090 1295 1144 gratulantes
1326 1088 1478 1143 gaudio

121 1154 308 1195 exultans
345 1169 438 1194 cum
476 1154 539 1194 sui
574 1154 698 1193 moris
736 1153 923 1206 tripudiis
957 1167 1069 1192 arma
1100 1151 1248 1204 raptim
1279 1149 1477 1203 capiebat.

122 1216 191 1257 ubi
216 1231 314 1256 vero
341 1216 599 1264 dimicarent,
626 1216 661 1256 is
687 1215 853 1255 habitus
880 1215 1111 1255 animorum
1137 1228 1220 1253 non
1244 1213 1349 1253 inter
1374 1212 1480 1252 cius·
1505 1224 1524 1251 4

121 1279 214 1319 dem
250 1278 373 1319 modo
415 1277 666 1318 condicionis
710 1277 898 1317 homines
943 1283 1046 1325 erat,
1098 1275 1171 1316 sed
1213 1275 1335 1315 etiam
1376 1274 1481 1314 inter

123 1346 353 1394 spectantes
385 1339 529 1394 vulgo,
568 1346 610 1379 ut
644 1353 724 1379 non
760 1338 1009 1379 vincentium
1046 1337 1179 1391 magis
1215 1351 1338 1389 quam
1375 1334 1479 1376 bene

123 1401 382 1442 morientium
407 1401 571 1441 fortuna
596 1400 843 1440 laudaretur.

206 1462 482 1503 XXXXIH.
539 1462 647 1503 Cum
686 1462 744 1502 sic
780 1461 935 1513 aliquot
972 1460 1168 1514 spectatis
1204 1458 1372 1513 paribus
1410 1458 1521 1500 acl-1

124 1525 253 1564 sectos
280 1524 521 1572 dimisisset,
554 1523 742 1564 contione
767 1523 861 1563 inde
887 1522 1087 1562 advocata
1111 1521 1168 1561 ita
1192 1528 1291 1575 aput
1321 1535 1391 1560 cos
1423 1520 1482 1560 lo-

125 1596 242 1626 cutus
268 1586 415 1625 fertur:
443 1585 515 1634 ‘si,
541 1599 663 1637 quem
690 1584 870 1624 animum
896 1584 937 1623 in
963 1583 1119 1624 alienae
1146 1582 1265 1623 sortis
1293 1582 1481 1636 exemplo

126 1647 246 1701 paulo
273 1653 365 1687 ante
391 1646 614 1694 habuistis,
648 1646 822 1686 eundem
847 1661 944 1685 mox
969 1645 1010 1685 in
1036 1644 1291 1685 aestimanda
1316 1644 1481 1684 fortuna

125 1716 259 1749 vestra
280 1707 523 1757 habueritis,
549 1709 741 1756 vicimus,
768 1707 929 1748 milites.
978 1721 1111 1759 neque
1137 1706 1244 1746 enirn
1272 1712 1483 1760 spectacu-

125 1770 209 1810 lum
234 1770 355 1810 modo
380 1770 498 1818 illud,
531 1769 604 1810 sed
636 1769 838 1822 quaedam
870 1768 996 1808 veluti
1026 1769 1164 1822 imago
1196 1775 1356 1808 vestrae
1389 1781 1484 1807 con-

126 1831 296 1871 dicionis
334 1840 431 1871 erat.
491 1846 538 1872 ac
573 1831 712 1872 nescio
748 1846 800 1871 an
837 1831 992 1871 maiora
1028 1830 1191 1870 vincula
1226 1829 1483 1881 maioresque
1511 1843 1528 1870 3

127 1893 389 1932 necessitates
426 1892 542 1933 vobis
577 1907 700 1946 quam
734 1892 905 1946 captivis
938 1891 1083 1932 vestris
1116 1891 1281 1931 fortuna
1312 1891 1484 1930 circum-

127 1954 298 1993 dederit:
337 1954 479 1994 dextra
511 1954 709 2007 laevaque
741 1954 822 1993 duo
854 1953 983 1993 maria
1015 1953 1211 1993 claudunt
1243 1953 1397 1993 nullam
1433 1967 1483 1992 ne
1509 1966 1527 1993 4

128 2015 179 2054 ad
226 2015 425 2069 effugium
474 2016 640 2068 quidem
688 2030 834 2055 navem
879 2013 1145 2062 habentibus,
1195 2014 1302 2054 circa
1342 2013 1484 2053 Padus

129 2076 277 2124 amnis,
322 2077 450 2117 maior
484 2077 625 2118 Padus
669 2092 715 2117 ac
752 2077 967 2117 violentior
1001 2076 1224 2124 Rhodano,
1275 2076 1326 2116 ab
1370 2083 1484 2129 tergo

130 2139 259 2193 Alpes
292 2148 455 2194 urgent,
492 2142 561 2181 vix
592 2141 762 2195 integris
794 2140 911 2180 vobis
944 2154 991 2179 ae
1017 2138 1250 2192 vigentibus
1278 2139 1483 2178 transitac.

130 2201 195 2240 hic
222 2201 465 2242 vincendum
494 2210 563 2242 aut
588 2203 863 2251 moriendum,
897 2201 1064 2249 milites,
1101 2207 1180 2248 est,
1213 2199 1283 2239 ubi
1308 2200 1484 2253 primum
1511 2213 1530 2240 5

132 2263 237 2302 hosti
274 2264 518 2304 occurristis.
575 2271 613 2303 et
651 2264 795 2304 cadem
831 2263 1015 2310 fortuna,
1060 2276 1164 2314 quae
1199 2261 1486 2301 necessitatem

132 2325 342 2377 pugnandi
374 2325 572 2378 inposuit,
611 2325 793 2378 praemia
817 2324 935 2364 vobis
962 2338 1010 2364 ea
1034 2322 1257 2364 victoribus
1283 2323 1484 2376 proponit,

132 2385 279 2437 quibus
306 2386 501 2440 ampliora
526 2387 713 2426 homines
739 2401 790 2426 ne
816 2386 866 2426 ab
899 2386 976 2426 diis
1008 2385 1171 2438 quidem
1203 2384 1485 2425 inmortalibus

133 2455 271 2500 optare
304 2448 446 2488 solent.
503 2448 536 2488 si
565 2447 747 2488 Siciliam
779 2455 937 2488 tantum
969 2462 1017 2488 ae
1044 2445 1275 2488 Sardiniam
1309 2447 1487 2500 parenti·
1512 2459 1529 2488 6

133 2507 208 2547 bus
246 2509 395 2549 nostris
432 2517 592 2563 ereptas
629 2521 769 2549 nostra
801 2510 948 2549 virtute
979 2508 1256 2562 recuperaturi
1287 2522 1484 2556 essemus,

133 2570 230 2610 satis
268 2577 404 2610 tamen
439 2571 576 2624 ampla
611 2571 741 2624 pretia
776 2577 932 2611 essent:
981 2570 1180 2623 quidquid
1216 2570 1392 2610 Romani
1427 2576 1486 2610 tot

132 2632 347 2686 triumphis
395 2640 556 2687 partum
605 2640 928 2686 congestumque
980 2632 1211 2687 possident,
1270 2632 1312 2672 id
1365 2646 1486 2673 omne

135 2700 313 2734 vestrum
351 2709 444 2734 cum
480 2694 580 2748 ipsis
617 2694 793 2735 dominis
830 2694 1013 2735 futurum
1050 2701 1124 2735 est.
1184 2694 1224 2734 in
1260 2694 1366 2734 hanc
1402 2700 1485 2734 tam
1513 2707 1528 2735 7

1211 2760 1256 2793 3*

1502 918 1520 946 [Φ

1508 1595 1525 1623 Ν.)
