1815 3184
249 544 286 572 1-

251 667 262 693 1

273 554 282 571 Ι

271 664 288 692 3

274 1648 291 1676 10

275 2328 293 2355 ἶ)

277 2512 294 2540 6

279 2695 296 2723 7

314 235 397 276 428
599 241 751 274 LIBER
777 213 962 283 xxvin,
987 240 1040 273 39.
1061 240 1116 273 40.
1144 242 1240 282 [ιω.
1256 241 1381 283 e.549]

313 346 354 385 id
379 346 437 385 uti
461 343 704 397 permittatis
731 356 1001 395 quaesumus,
1028 342 1186 394 utique,
1215 342 1250 381 si
1271 342 1388 382 vobis
1412 342 1469 382 ita
1494 343 1665 391 videtur,

314 420 418 458 quae
455 404 573 445 nobis
610 404 878 457 imperatores
915 403 1044 443 vostri
1080 403 1297 443 commoda
1333 402 1576 452 tribuerunt,
1620 419 1667 445 ea

314 478 401 506 rata
426 472 546 518 atque
572 471 770 518 perpetua
794 464 1033 505 auctoritate
1059 470 1195 504 vestra
1219 464 1406 504 faciatis.’

400 526 577 568 Senatus
615 526 762 581 legatis
798 525 1039 580 Saguntinis
1076 526 1305 579 respondit,
1344 532 1383 566 et
1414 526 1593 566 dirutum
1630 533 1669 566 et

314 589 546 630 restitutum
574 587 808 642 Saguntum
838 588 933 627 fidei
965 587 1126 627 socialis
1158 588 1361 641 utrimque
1388 595 1572 628 servatae
1597 588 1669 629 do-

315 656 550 691 cumentum
577 649 767 690 omnibus
793 648 984 703 gentibus
1011 649 1116 689 fore:
1150 664 1246 689 suos
1270 650 1536 703 imperatores
1561 656 1669 689 recte

315 720 354 752 et
379 712 520 752 ordine
545 718 584 751 et
609 726 660 752 ex
685 711 894 751 voluntate
921 717 1085 751 senatus
1109 710 1277 759 fecisse,
1304 711 1414 763 quod
1437 710 1669 765 Saguntum

314 773 564 814 restituerint
590 773 782 825 civesque
805 771 1058 827 Saguntinos
1086 772 1250 813 servitio
1276 772 1519 821 exemerint3
1546 786 1670 825 quae-

314 849 392 888 que
418 834 497 875 alia
523 835 580 874 eis
607 834 785 888 benigne
804 834 992 882 fecerint,
1020 849 1068 874 ea
1088 840 1275 874 senatum
1296 834 1351 874 ita
1371 834 1550 874 voluisse
1569 834 1668 874 fieri.

315 897 469 936 donum
502 896 736 949 permittere
767 902 811 935 ut
841 895 882 935 in
915 894 1119 949 Capitolio
1156 901 1364 949 ponerent.
1425 895 1539 935 locus
1576 895 1670 935 inde

314 958 522 1010 lautiaque
547 957 693 1011 legatis
720 956 906 1011 praeberi
930 957 1060 1005 iussa,
1088 963 1127 997 et
1146 957 1326 997 muneris
1347 957 1435 997 dari
1459 972 1509 997 ne
1535 956 1669 996 minus

316 1020 420 1060 dena
457 1019 568 1059 milia
603 1019 720 1059 aeris.
781 1018 1007 1073 legationes
1044 1019 1191 1059 deinde
1224 1026 1381 1059 ceterae
1411 1019 1453 1058 in
1485 1025 1670 1059 senatum

316 1080 568 1121 introductae
617 1081 873 1133 auditaeque.
946 1086 984 1120 ct
1026 1080 1259 1134 petentibus
1304 1079 1563 1134 Saguntinis,
1613 1086 1668 1127 ut,

316 1150 516 1196 quatenus
539 1149 626 1183 tuto
646 1149 835 1196 possent,
861 1143 1024 1182 Italiam
1046 1149 1275 1196 spectatum
1293 1143 1414 1191 irent,
1441 1143 1565 1182 duces
1587 1142 1671 1182 dati

316 1205 556 1258 litteraeque
587 1219 659 1258 per
685 1204 835 1257 oppida
860 1204 1030 1252 missae,
1064 1210 1107 1243 ut
1132 1203 1345 1257 Hispanos
1372 1203 1541 1244 comiter
1565 1203 1671 1243 acci-

317 1274 471 1320 perent.
531 1273 618 1306 tum
644 1266 693 1305 de
718 1281 760 1306 re
785 1265 967 1319 publica,
1001 1265 1051 1306 de
1077 1265 1321 1307 exercitibus
1349 1265 1591 1314 scribendis,
1620 1265 1669 1305 de

318 1328 538 1382 provinciis
564 1328 749 1368 relatum.

402 1389 607 1429 XXXX.
661 1388 769 1429 Cum
789 1388 977 1429 Africam
998 1404 1146 1429 novam
1167 1389 1420 1442 provinciam
1446 1395 1559 1429 extra
1585 1403 1670 1429 sor-

318 1458 400 1490 tem
430 1451 478 1491 P.
509 1450 692 1504 Scipioni
728 1450 923 1490 destinari
959 1451 1145 1490 homines
1183 1450 1295 1490 fama
1330 1450 1483 1490 ferrent
1513 1457 1552 1490 et
1582 1451 1670 1504 ipse

317 1512 427 1551 nulla
452 1512 532 1552 iam
559 1512 717 1551 modica
743 1512 872 1565 gloria
898 1519 1113 1552 contentus
1133 1526 1215 1551 non
1234 1511 1286 1551 ad
1304 1512 1530 1565 gerendum
1549 1512 1670 1552 modo

318 1573 488 1622 bellum,
517 1574 589 1613 sed
613 1574 665 1613 ad
690 1573 914 1613 finiendum
939 1574 1090 1613 diceret
1116 1588 1159 1614 sc
1185 1573 1395 1613 consulem
1421 1573 1671 1613 declaratum

318 1650 426 1684 esse,
459 1650 591 1688 neque
617 1636 732 1675 aliter
756 1635 798 1675 id
823 1636 909 1675 fieri
934 1650 1057 1689 posse
1083 1650 1207 1688 quam
1233 1635 1267 1676 si
1297 1635 1385 1689 ipse
1416 1635 1458 1675 in
1482 1634 1671 1676 Africam

318 1698 540 1737 exereitum
561 1704 870 1751 transportaret,
897 1707 1084 1737 acturum
1105 1712 1147 1738 se
1167 1697 1209 1737 id
1227 1712 1299 1751 per
1317 1697 1515 1751 populum
1534 1703 1671 1750 aperte

317 1760 457 1808 ferret,
497 1760 531 1800 si
557 1766 722 1799 senatus
749 1760 1045 1808 adversaretur,
1073 1785 1127 1788 —
1151 1759 1192 1799 id
1219 1760 1436 1800 consilium
1462 1759 1672 1811 haudqua-

317 1836 440 1873 quam
465 1821 712 1874 primoribus
738 1828 900 1874 patrum
926 1835 1019 1861 cum
1044 1821 1240 1875 placeret,
1273 1821 1397 1861 ceteri
1421 1836 1494 1875 per
1518 1827 1670 1860 metum

317 1890 387 1922 aut
418 1882 681 1922 ambitionem
713 1889 962 1931 mussarent,
999 1882 1050 1934 Q.
1078 1882 1233 1923 Fabius
1259 1882 1470 1923 Blaximus
1503 1889 1670 1935 rogatus

273 1958 292 1987 3
319 1944 580 1984 sententiam:
609 1944 712 1984 ‘scio
732 1944 870 1984 multis
896 1951 1078 1984 vestrum
1104 1944 1249 1992 videri,
1277 1951 1412 1998 patres
1438 1943 1668 1996 conscripti,

317 2021 402 2046 rem
433 2013 565 2046 actam
591 2005 786 2046 hodierno
812 2006 876 2046 die
902 2007 987 2061 agi,
1023 2014 1062 2046 et
1087 2006 1238 2047 frustra
1262 2005 1497 2046 habiturum
1522 2005 1670 2045 oratio-

317 2082 411 2107 nem
442 2068 511 2120 qui
537 2074 748 2120 tamquam
774 2067 824 2107 dc
850 2067 1009 2122 integra
1033 2082 1076 2108 re
1102 2068 1152 2108 de
1177 2067 1322 2107 Africa
1346 2067 1555 2121 provincia
1581 2081 1671 2107 sen-

274 2143 293 2170 4
318 2130 486 2169 tentiam
517 2129 676 2169 dixerit.
739 2144 816 2183 ego
848 2137 984 2169 autem
1016 2129 1193 2183 primum
1224 2129 1325 2168 illud
1354 2129 1516 2182 ignoro,
1549 2142 1671 2180 quem

318 2191 370 2231 ad
400 2191 569 2231 modum
601 2197 711 2231 certa
736 2191 817 2231 iam
842 2191 1054 2245 provincia
1078 2190 1223 2230 Africa
1249 2190 1428 2231 consulis
1454 2190 1529 2229 viri
1554 2189 1670 2229 fortis

319 2267 366 2292 ac
398 2252 552 2292 strenui
584 2252 653 2300 sit,
691 2266 814 2305 quam
845 2266 921 2292 nec
947 2258 1111 2292 senatus
1138 2252 1295 2292 censuit
1320 2252 1362 2291 in
1386 2251 1495 2291 bunc
1520 2265 1672 2291 annum

319 2314 572 2367 provinciam
599 2328 691 2353 esse
716 2328 791 2353 nee
816 2313 993 2367 populus
1019 2313 1150 2354 iussit.
1211 2313 1377 2361 deinde,
1410 2312 1444 2352 si
1470 2318 1550 2360 est,
1577 2326 1673 2352 con-

321 2375 451 2415 sulem
480 2390 651 2429 peccare
682 2374 865 2423 arbitror,
904 2375 975 2427 qui
1000 2375 1050 2415 de·
1075 2390 1117 2415 re
1144 2382 1348 2415 transacta
1374 2373 1603 2415 simulando
1630 2387 1672 2413 se

319 2436 469 2477 referre
496 2444 682 2477 senatum
708 2436 882 2477 ludibrio
907 2436 1048 2485 habet,
1074 2452 1157 2477 non
1183 2444 1413 2477 senatorem
1437 2435 1576 2484 modo,
1603 2434 1672 2487 qui

321 2498 370 2537 de
401 2512 482 2550 quo
513 2498 739 2538 consulitur
770 2513 844 2538 suo
874 2498 964 2539 loco
996 2498 1094 2538 dicit
1125 2498 1381 2539 sententiam.
1442 2503 1564 2549 atque
1596 2510 1672 2550 ego

321 2566 475 2599 eertum
516 2559 649 2600 habeo
692 2560 949 2600 dissentienti
992 2560 1092 2600 mihi
1132 2560 1184 2601 ab
1220 2560 1299 2601 ista
1335 2558 1596 2599 festinatione
1631 2557 1672 2596 in

321 2619 507 2660 Africam
538 2621 750 2661 traiciendi
779 2622 953 2662 duarum
983 2636 1119 2662 rerum
1152 2621 1408 2662 subeundam
1440 2620 1671 2674 opinionem

323 2695 432 2722 esse:
460 2682 592 2731 unius,
618 2683 764 2723 insitae
782 2683 948 2737 ingenio
967 2698 1058 2724 meo
1079 2683 1361 2731 cunctationis,
1382 2695 1506 2734 quam
1518 2685 1671 2719 metum
