1815 3184
500 237 651 271 LIBER
674 238 821 281 XXVI,
848 237 902 271 34.
922 237 975 271 35.
1004 239 1052 281 [a.
1069 236 1106 272 e.
1122 237 1203 281 210]
1440 229 1523 270 303

170 343 326 383 dendos
363 356 411 382 ac
441 341 491 382 de
521 341 571 382 iis
601 340 805 396 posterius
838 339 1153 390 consulendum3
1197 341 1367 382 aliorum
1400 340 1525 383 Cam-

169 419 369 459 panorum
396 418 598 444 summam
624 403 747 444 etiam
771 416 918 443 census
951 402 1240 452 distinxerunt,
1279 403 1525 457 publicanda

169 480 297 506 necne
321 465 430 506 bona
454 472 604 506 essent,
663 478 794 518 pecua
819 464 979 518 captiva
1003 471 1163 518 praeter
1187 479 1313 518 equos
1346 472 1385 506 et
1409 481 1524 507 man-

170 527 472 581 cipia.praeter
501 525 677 581 puberes
715 526 840 566 w'rilis
879 540 1001 566 sexus
1040 532 1077 566 et
1109 526 1262 575 omnia,
1300 541 1405 580 quae
1437 528 1524 569 solo

170 604 251 629 non
277 588 595 636 continerentur,
621 588 873 629 restituenda
898 595 1143 628 censuerunt
1169 588 1356 629 dominis.
1401 588 1526 631 Cam-

170 665 298 704 panos
325 651 470 700 omnis,
498 650 727 699 Atellanos,
755 648 978 699 Calatinos,
1008 648 1240 699 Sabatinos,
1268 657 1382 692 extra
1401 666 1524 705 quam

170 712 240 765 qui
265 727 406 753 eorum
431 719 499 753 aut
524 712 603 766 ipsi
629 719 698 752 aut
723 718 912 766 parentes
938 726 1078 752 eorum
1104 719 1202 765 aput
1222 712 1351 753 hostis
1372 722 1522 763 essent,

169 774 319 815 liberos
345 789 436 815 esse
461 774 668 815 iusserunt
692 774 766 822 ita,
803 780 848 813 ut
871 788 992 815 nemo
1018 788 1158 815 eorum
1184 775 1284 816 civis
1309 776 1522 817 Romanus

171 843 237 877 aut
269 836 411 877 Latini
446 835 621 877 nominis
659 841 768 876 esset
797 850 901 876 neve
931 835 1021 889 quis
1055 850 1213 886 eorum,
1252 837 1322 890 qui
1354 837 1524 892 Capuae

170 898 333 947 fuisset,
366 898 462 938 dum
488 904 629 951 portae
654 897 817 938 clausae
843 903 997 946 essent,
1029 897 1071 937 in
1096 898 1196 939 urbe
1221 914 1373 954 agrove
1400 899 1525 940 Cam-

169 974 276 1014 pano
312 959 417 1000 intra
454 966 604 1000 certam
642 959 750 999 diem
787 965 988 1008 maneret,
1037 959 1151 1000 locus
1188 960 1259 1001 ubi
1294 961 1524 1002 habitarent

170 1029 280 1061 trans
296 1019 496 1069 Tiberim,
524 1021 595 1073 qui
618 1035 700 1061 non
727 1020 980 1074 contingeret
999 1020 1201 1070 Tiberim,
1228 1022 1403 1063 daretur.
1453 1024 1523 1076 qui

170 1096 245 1122 nec
260 1081 428 1136 Capuae
453 1096 528 1123 nec
553 1082 595 1122 in
619 1081 719 1122 urbe
736 1079 968 1135 Campana,
996 1096 1100 1135 quae
1126 1098 1150 1123 a
1169 1084 1321 1137 populo
1334 1084 1522 1125 Romano

169 1143 404 1192 defecisset,
451 1158 524 1197 per
560 1143 712 1184 bellum
748 1143 942 1193 fuissent,
992 1158 1062 1185 eos
1100 1144 1157 1185 cis
1190 1145 1322 1186 Lirim
1359 1161 1522 1187 amnem

167 1205 344 1246 Romam
374 1220 537 1254 versus,
574 1206 645 1259 qui
681 1206 733 1246 ad
763 1205 973 1247 Romanos
1005 1207 1247 1248 transissent
1281 1208 1522 1262 priusquam

170 1265 357 1321 Capuam
399 1266 612 1308 Hannibal
653 1268 832 1317 veniret,
882 1268 940 1310 cis
977 1267 1229 1310 Vulturnum
1272 1271 1522 1312 emovendos

169 1335 433 1379 censuerunt,
470 1344 521 1371 ne
546 1330 637 1383 quis
664 1345 803 1371 eorum
829 1330 996 1384 propius
1022 1346 1134 1372 mare
1159 1332 1393 1385 quindecim
1418 1333 1523 1374 mili-

168 1391 245 1432 bus
282 1406 482 1445 passuum
517 1407 663 1447 agrum
699 1393 982 1434 aedificiumve
1019 1393 1199 1435 haberet.
1272 1395 1342 1448 qui
1380 1410 1520 1436 eorum

170 1461 280 1494 trans
307 1453 490 1494 Tiberim
521 1454 645 1495 emoti
676 1462 829 1504 essent,
867 1470 917 1495 ne
942 1455 1022 1509 ipsi
1052 1456 1256 1510 posterive
1289 1472 1429 1498 eorum
1454 1473 1523 1499 us-

169 1516 279 1569 piam
303 1522 491 1569 pararent
514 1515 763 1557 haberentve
788 1516 867 1557 nisi
890 1517 932 1556 in
957 1516 1149 1566 Veiente,
1179 1516 1359 1567 Sutrino,
1386 1519 1522 1574 Nepe-

171 1578 310 1617 sinove
332 1592 443 1631 agro,
460 1578 557 1617 dum
576 1592 627 1618 ne
647 1577 712 1618 cui
732 1578 860 1619 maior
878 1592 1002 1631 quam
1016 1579 1313 1634 quinquaginta
1332 1581 1521 1636 iugerum

170 1638 258 1692 agri
282 1639 428 1680 modus
455 1646 575 1679 esset.
615 1648 848 1680 senatorum
873 1640 1054 1680 omnium
1081 1641 1230 1694 quique
1257 1643 1521 1697 magistratus

173 1699 360 1754 Capuae,
387 1699 567 1749 Atellae,
602 1699 786 1759 Calatiae
811 1701 1038 1756 gessissent
1062 1701 1169 1743 bona
1193 1704 1330 1745 venire
1353 1704 1522 1760 Capuae

171 1762 394 1811 iusserunt,
443 1761 571 1803 libera
608 1776 795 1816 corpora,
844 1777 949 1815 quae
985 1777 1135 1804 venum
1178 1765 1265 1806 dari
1299 1766 1520 1820 placuerat,

171 1823 347 1864 Romam
383 1824 487 1864 mitti
523 1839 569 1864 ac
594 1824 752 1865 Romae
785 1824 934 1865 venire.
996 1825 1131 1880 signa,
1171 1833 1326 1868 statuas
1357 1843 1519 1878 aeneaS,

171 1899 274 1938 quae
300 1893 418 1940 capta
443 1886 493 1927 de
524 1885 711 1927 hostibus
743 1886 990 1935 dicerentur,
1028 1901 1133 1940 quae
1164 1903 1302 1929 eorum
1330 1904 1445 1931 sacra
1475 1905 1523 1932 ac

170 1947 341 2000 profana
377 1954 531 1997 essent,
571 1948 623 1988 ad
657 1948 898 2002 pontificum
929 1948 1146 2004 collegium
1181 1951 1419 1992 reiecerunt.
1469 1952 1521 1993 ob

170 2008 271 2049 haec
307 2009 469 2051 decreta
499 2009 737 2051 maestiores
770 2010 995 2064 aliquanto,
1033 2025 1156 2064 quam
1186 2011 1363 2054 Romam
1399 2028 1522 2055 vene-

171 2078 273 2118 rant,
307 2070 543 2126 Campanos
569 2073 822 2115 dimiserunt.
871 2087 947 2114 nec
971 2073 1053 2114 iam
1079 2073 1130 2126 Q.
1146 2074 1283 2115 Fulvii
1308 2076 1520 2117 saevitiam

170 2132 211 2172 in
237 2147 345 2181 sese,
372 2134 444 2175 sed
468 2135 724 2188 iniquitatem
742 2135 866 2176 deum
885 2142 1006 2188 atque
1027 2136 1297 2178 execrabilem
1318 2138 1523 2179 fortunam

173 2208 289 2234 suam
314 2194 569 2238 incusabant.

256 2255 453 2297 XXXV.
512 2257 709 2299 Dimissis
738 2256 888 2300 Siculis
915 2258 1222 2314 Campanisque
1248 2261 1419 2303 dilectus
1450 2262 1521 2304 ha-

172 2316 292 2357 bitus.
355 2318 505 2373 scripto
536 2319 682 2360 deinde
713 2320 892 2361 exercitu
923 2321 973 2362 de
1002 2322 1204 2376 remigum
1237 2324 1521 2378 supplemento

171 2379 237 2433 agi
274 2386 482 2434 eoeptum3
519 2381 561 2421 in
596 2395 720 2434 quam
755 2396 841 2422 rem
878 2397 971 2423 cum
1001 2398 1132 2437 neque
1164 2384 1376 2426 hominum
1408 2387 1520 2436 satis,

169 2454 262 2489 nec,
279 2456 330 2481 ex
349 2455 429 2494 qua
448 2449 686 2496 pararentur
707 2444 1035 2498 stipendiumque
1055 2446 1302 2501 acciperent,
1322 2448 1520 2502 pecuniae

169 2502 389 2556 quicquam
415 2518 464 2544 ea
493 2510 735 2559 tempestate
759 2505 801 2545 in
824 2505 990 2559 publico
1016 2513 1142 2557 esset,
1181 2509 1395 2550 edixerunt
1427 2524 1522 2551 con-

1550 481 1568 509 5

1550 604 1567 634 6

1550 1408 1590 1437 10

1552 1656 1586 1684 11

1550 1841 1588 1870 12

1550 1966 1588 1995 13

1550 2277 1563 2304 1

1547 2400 1565 2428 2

169 2564 297 2614 sules,
335 2572 380 2605 ut
403 2566 593 2620 privatim
619 2581 669 2607 ex
700 2581 826 2607 censu
856 2567 1148 2622 ordinibusque
1180 2570 1285 2611 sicut
1316 2578 1436 2612 antea
1458 2586 1522 2612 re-
1547 2585 1566 2615 3

168 2627 299 2681 miges
332 2627 474 2668 darent
510 2642 603 2668 cum
635 2628 835 2682 stipendio
872 2629 1116 2684 cibariisque
1147 2631 1305 2673 dierum
1341 2634 1518 2688 triginta.

168 2688 220 2729 ad
245 2689 286 2730 id
311 2689 489 2730 edictum
515 2696 650 2731 tantus
675 2690 860 2732 fremitus
886 2691 1115 2742 hominum,
1153 2699 1266 2735 tanta
1296 2695 1521 2750 indignatio
1545 2708 1565 2737 4
