1815 3184
509 238 661 273 LIBER
685 237 868 281 XXVIII,
897 238 926 271 1.
954 239 1007 281 [a.
1023 236 1060 271 c.
1074 237 1156 280 207]
1422 227 1504 269 383

164 342 296 377 foedus
321 340 448 375 iunxit.
494 340 711 375 Hasdrubal
736 338 912 384 Gisgonis
938 338 989 373 ibi
1015 349 1096 373 cum
1122 349 1165 373 eo
1190 338 1229 372 in
1255 338 1384 373 eodem
1407 337 1504 372 lecto

164 392 320 427 cenavit.
367 401 498 425 munus
524 390 785 435 gladiatorium
809 390 847 423 in
866 390 1046 423 honorem
1070 388 1186 434 patris
1205 388 1400 434 patruique
1420 388 1504 423 Car-

162 443 304 488 thagini
317 453 413 477 nova
427 441 558 485 edidit,
584 453 659 476 non
679 452 722 476 ex
741 440 1031 486 gladiatoribus,
1058 440 1123 474 sed
1142 451 1186 474 ex
1205 440 1281 484 his,
1308 439 1370 485 qui
1389 444 1452 474 aut
1469 439 1507 473 in

162 493 341 527 honorem
361 492 464 527 ducis
490 496 554 527 aut
572 503 616 526 ex
633 492 900 537 provocatione
920 491 1215 534 descendebant3
1240 490 1277 525 in
1296 501 1369 535 quo
1387 490 1507 535 reguli

164 544 297 578 fratres
313 544 357 577 de
372 554 487 587 regno
501 542 599 577 ferro
616 543 895 577 contenderunt.
945 552 1027 575 cum
1047 541 1152 576 Gisia
1169 541 1257 575 urbs
1273 542 1506 586 obpugnare-

162 599 238 638 tur,
265 594 441 639 oppidani
460 594 597 628 liberos
622 597 659 628 et
678 593 855 638 coniuges
873 603 965 637 rogo
988 595 1155 626 extructo
1177 591 1393 627 occiderunt
1411 596 1450 627 et
1468 602 1507 626 se

163 645 314 689 insuper
336 644 684 689 praecipitaverunt.
733 644 812 688 ipse
834 643 975 687 Scipio,
1007 644 1093 677 dum
1118 643 1220 688 gravi
1245 644 1374 677 morbo
1399 643 1506 688 inpli-

164 695 258 729 citus
279 699 352 738 est,
380 695 600 730 seditionem
623 695 661 728 in
685 698 790 739 parte
811 694 993 729 exercitus
1013 698 1148 728 motam
1176 693 1415 728 confirmatus
1435 694 1506 728 dis-

165 746 280 780 cussit
303 746 602 791 rebellantesque
632 745 836 790 Hispaniae
866 746 1027 789 populos
1060 744 1185 789 coegit
1214 744 1252 778 in
1283 744 1507 779 deditionem

163 797 299 831 venire.
348 801 385 831 et
410 797 571 831 amicitia
596 796 696 831 facta
722 807 804 830 cum
829 795 1028 830 Masinissa
1051 807 1139 840 rege
1159 795 1417 839 Numidarum,
1445 796 1507 840 qui

162 847 217 881 illi
237 847 428 891 auxilium,
454 847 484 881 si
507 847 546 881 in
565 846 729 881 Africam
748 846 973 889 traiecisset,
999 846 1264 890 pollicebatur,
1293 857 1374 880 cum
1395 845 1506 880 Gadi-

163 899 260 933 tanis
280 910 428 943 quoque
447 902 533 943 post
553 898 756 932 discessum
774 897 860 931 inde
880 898 1070 942 MagoniS,
1098 897 1156 931 cui
1176 897 1400 942 Carthagine
1421 897 1506 931 scri-

163 955 267 994 ptum
291 953 387 992 erat,
413 952 453 982 ut
476 948 514 982 in
540 948 687 982 Italiam
713 947 901 991 traiceret,
927 947 1081 981 Romam
1106 958 1275 981 reversus
1301 948 1506 992 consulque

164 1003 320 1034 creatus.
390 998 555 1033 Africam
586 998 815 1043 provinciam
838 998 980 1042 petenti
1011 997 1290 1032 contradicente
1317 998 1361 1038 Q.
1387 998 1506 1032 Fabio

163 1049 321 1084 Maximo
337 1048 462 1083 Sicilia
476 1050 563 1083 data
577 1052 631 1083 est
644 1048 955 1092 permissumque,
981 1048 1071 1081 utin
1083 1047 1247 1082 Africam
1261 1048 1449 1091 traiceret,
1477 1048 1507 1081 si

160 1099 199 1133 id
218 1110 237 1133 e
256 1110 295 1133 re
315 1099 467 1143 publica
491 1109 572 1133 esse
592 1102 771 1133 censeret.
818 1098 931 1143 Mago
951 1098 1173 1133 Hamilcaris
1198 1097 1297 1132 filius
1323 1109 1344 1133 a
1367 1098 1507 1133 minore

161 1150 309 1185 Baleari
327 1150 465 1194 insula,
489 1149 554 1184 ubi
566 1150 809 1192 hiemaverat,
834 1149 873 1183 in
884 1149 1030 1184 Italiam
1042 1149 1219 1192 traiecit]

662 1337 814 1390 TITI
843 1337 1006 1390 LIVI

486 1440 569 1478 AB
622 1441 800 1480 VRBE
855 1440 1176 1481 CONDITA

638 1553 806 1592 LIBER
834 1553 1036 1592 xxvm.
1273 1583 1279 1603 ,

247 1636 281 1677 Ι.
342 1634 451 1676 Cum
486 1635 659 1676 transitu
694 1635 991 1685 Hasdrubalis,
1033 1641 1230 1689 quantum
1266 1636 1308 1676 in
1342 1636 1505 1677 Italiam

165 1697 442 1738 declinaverat
469 1696 584 1746 belli,
624 1704 782 1737 tantum
812 1697 972 1738 levatae
996 1697 1228 1752 Hispaniae
1259 1697 1504 1748 viderentur,

164 1766 351 1801 renatum
379 1758 436 1800 ibi
468 1759 602 1800 subito
631 1774 706 1814 par
734 1758 860 1813 priori
882 1759 1037 1799 bellum
1067 1766 1142 1800 est.
1203 1759 1430 1814 Hispanias
1457 1775 1506 1801 ea

165 1828 408 1876 tempestate
445 1820 504 1861 sic
539 1820 746 1861 habebant
780 1820 958 1861 Romani
991 1820 1224 1874 Poenique:
1265 1822 1506 1863 Hasdrubal

167 1882 366 1938 Gisgonis
390 1882 498 1923 filius
519 1882 571 1923 ad
585 1882 802 1923 Oceanum
820 1882 982 1936 penitus
999 1881 1212 1935 Gadisque
1232 1892 1504 1932 concesserat,

164 1944 295 1986 nostri
332 1944 456 1985 maris
493 1959 565 1985 ora
599 1944 813 1997 omnisque
853 1944 982 1984 ferme
1017 1944 1246 1999 Hispania,
1295 1959 1377 1998 qua
1415 1944 1504 2001 [ad]

167 2006 365 2047 orientem
401 2005 550 2060 vergit,
601 2004 806 2060 Scipionis
854 2019 902 2045 ac
935 2005 1150 2047 Romanae
1192 2006 1362 2048 dicionis
1405 2016 1504 2049 erat.

166 2082 298 2109 novus
333 2067 554 2122 imperator
584 2068 756 2117 Hanno,
791 2067 835 2107 in
863 2067 999 2108 locum
1027 2067 1195 2108 Barcini
1229 2068 1505 2110 Hasdrubalis

167 2143 274 2169 novo
311 2142 404 2169 cum
446 2128 628 2170 exercitu
663 2143 714 2169 ex
743 2128 890 2169 Africa
932 2136 1215 2183 transgressus
1250 2130 1507 2184 RIagonique

167 2190 348 2239 iunctus,
386 2204 479 2231 cum
501 2190 544 2230 in
569 2189 810 2240 Celtiberia,
846 2205 950 2244 quae
979 2191 1116 2232 media
1138 2191 1244 2232 inter
1275 2193 1354 2233 duo
1379 2193 1508 2234 maria

169 2260 249 2302 est,
287 2253 402 2293 brevi
425 2268 622 2308 magnum
645 2268 860 2294 numerum
884 2261 1102 2303 armasset,
1141 2253 1281 2309 Scipio
1307 2255 1505 2297 adversus

169 2330 262 2355 eum
285 2314 348 2355 M.
370 2313 558 2356 Silanum
582 2329 675 2355 cum
700 2315 842 2356 decem
871 2315 982 2356 haud
1005 2315 1098 2370 plus
1123 2316 1288 2358 milibus
1319 2317 1505 2367 militum,

170 2376 373 2429 equitibus
394 2376 628 2431 quingentis
640 2376 764 2418 misit.
802 2374 968 2418 Silanus
988 2378 1151 2430 quantis
1165 2378 1354 2419 maximis
1374 2379 1507 2434 potuit

168 2438 380 2479 itineribus
393 2463 426 2467 —
438 2438 703 2493 inpediebant
722 2446 859 2480 autem
877 2446 918 2480 et
936 2439 1177 2494 asperitates
1196 2440 1355 2481 viarum
1376 2448 1416 2482 et
1435 2456 1506 2482 an-

167 2500 327 2554 gustiae
354 2499 524 2541 saltibus
550 2500 720 2550 crebris,
758 2508 803 2541 ut
826 2501 1019 2556 pleraque
1042 2502 1273 2557 Hispaniae
1298 2510 1410 2552 sunt,
1446 2503 1508 2544 in-

168 2561 305 2603 clusae
329 2587 361 2591 —
385 2569 523 2603 tamen
545 2577 628 2603 non
653 2563 786 2604 solum
809 2563 986 2613 nuntios,
1013 2564 1087 2605 sed
1111 2564 1234 2605 etiam
1258 2565 1411 2605 famam
1436 2566 1507 2606 ad-

167 2630 314 2665 ventus
351 2624 415 2665 sui
448 2639 736 2680 praegressus,
775 2625 947 2666 ducibus
983 2625 1165 2668 indidem
1199 2641 1252 2668 ex
1283 2625 1508 2669 Celtiberia

167 2686 391 2742 transfugis
424 2686 476 2727 ad
511 2686 672 2728 hostem
701 2687 900 2742 pervenit.
959 2687 1115 2730 eisdem
1145 2690 1378 2732 auctoribus
1410 2704 1506 2732 con-

1530 1774 1548 1803 10

1532 2703 1549 2732 7
