1815 3184
475 232 627 266 LIBER
653 231 801 275 XXVI,
827 231 882 265 21.
901 231 954 265 22.
984 232 1032 273 [a.
1048 229 1084 263 e.
1099 229 1180 272 211]
1430 217 1513 259 289

158 337 301 379 urbem
331 337 468 385 iniret,
507 336 548 376 in
579 342 715 376 monte
740 333 906 374 Albano
939 333 1222 387 triumphavit3
1260 332 1354 372 inde
1386 347 1513 372 ovans

158 399 328 439 multam
353 413 449 453 prae
476 412 519 438 se
544 397 738 451 praedam
763 396 805 436 in
829 395 972 436 urbem
997 395 1150 435 intulit:
1177 409 1269 435 cum
1297 394 1514 435 simulacro
1542 409 1558 438 7

158 468 369 514 captarum
408 458 708 514 Syracusarum
757 457 986 511 catapultae
1034 457 1303 509 ballistaeque
1350 463 1390 497 et
1437 456 1517 496 alia

159 523 296 562 onmia
319 522 591 562 instrumenta
620 521 715 562 belli
739 520 822 561 lata
847 526 887 560 et
910 519 1024 574 pacis
1056 519 1271 560 diuturnae
1296 519 1515 574 regiaeque
1541 531 1560 561 8

159 584 391 639 opulentiae
416 590 671 632 ornamenta,
699 582 857 637 argenti
882 582 1069 635 aerisque
1094 581 1311 622 fabrefacti
1335 582 1411 630 vis,
1438 581 1516 621 alia

160 646 346 700 supellex
371 646 630 700 pretiosaque
656 645 781 686 vestis
808 650 847 685 et
872 643 1000 684 multa
1025 643 1178 684 nobilia
1204 644 1339 698 signa,
1367 643 1516 696 quibus

158 709 264 748 inter
298 708 450 762 primas
478 706 676 749 Graeciae
712 706 834 747 urbes
863 705 1096 760 Syracusae
1133 713 1298 746 ornatae
1336 705 1515 754 fuerant3

160 770 342 810 Punicae
367 784 530 823 quoque
556 769 747 809 victoriae
774 769 941 823 signum
965 774 1057 808 octo
1083 767 1195 808 ducti
1220 767 1425 821 elephanti
1435 783 1445 817 ;
1477 774 1517 807 et
1543 780 1560 810 9

161 847 243 872 non
267 831 481 871 minimum
507 831 620 871 fuere
647 830 927 884 spectaculum
953 844 1047 870 cum
1067 829 1227 870 coronis
1248 829 1381 870 aureis
1400 843 1518 883 prae-

161 893 351 934 cedentes
375 892 491 934 Sosis
515 891 801 946 Syracusanus
827 898 867 931 et
897 891 1108 931 Moericus
1141 891 1376 944 Hispanus,
1415 905 1517 943 quo·
1545 904 1584 933 10

161 969 252 995 rum
278 955 404 996 altero
430 955 532 994 duce
557 960 757 993 nocturno
786 952 1015 1006 Syracusas
1041 952 1251 993 introitum
1277 958 1380 1001 erat,
1418 952 1518 992 alter

159 1016 317 1056 Nasum
338 1016 530 1068 quodque
552 1014 608 1054 ibi
627 1014 822 1068 praesidii
842 1020 926 1054 erat
946 1014 1192 1067 prodiderat.
1231 1014 1295 1054 his
1315 1013 1516 1054 ambobus
1548 1029 1581 1056 11

161 1078 304 1117 civitas
331 1078 427 1117 data
447 1084 486 1117 et
510 1077 718 1130 quingena
741 1076 884 1130 iugera
909 1075 1015 1130 agri,
1045 1074 1184 1116 Sosidi
1209 1075 1251 1115 in
1277 1090 1374 1129 agro
1393 1073 1519 1128 Syra-

158 1153 331 1187 cusano,
358 1138 427 1191 qui
447 1145 517 1178 aut
537 1138 674 1192 regius
696 1144 767 1178 aut
787 1137 966 1178 hostium
992 1137 1135 1191 populi
1153 1137 1331 1178 Romani
1357 1136 1516 1185 fuisset,

159 1208 199 1241 et
224 1201 346 1241 aedes
375 1199 593 1255 Syracusis
620 1200 736 1240 cuius
762 1200 884 1240 vellet
909 1214 1070 1248 eorum,
1097 1199 1138 1239 in
1172 1214 1276 1253 quos
1304 1199 1401 1240 belli
1432 1199 1517 1239 iure

159 1263 490 1304 animadversum
516 1268 644 1311 esset;
683 1261 870 1303 Moerico
897 1261 1202 1315 Hispanisque,
1241 1262 1312 1315 qui
1344 1276 1438 1302 eum
1470 1275 1518 1301 eo
1546 1275 1585 1304 12

160 1325 422 1373 transierant,
461 1324 558 1365 urbs
590 1338 769 1379 agerque
800 1324 843 1364 in
870 1322 1011 1365 Sicilia
1043 1338 1094 1364 ex
1125 1325 1179 1372 is,
1217 1323 1288 1376 qui
1319 1339 1343 1364 a
1366 1323 1518 1377 populo

160 1387 349 1428 Romano
369 1386 629 1435 defecissent,
656 1386 770 1427 iussa
789 1386 888 1427 dari.
926 1386 967 1426 id
981 1385 1042 1426 M.
1061 1385 1253 1426 Cornelio
1279 1385 1517 1426 mandatum
1548 1400 1585 1428 13

161 1456 224 1498 ut,
255 1448 323 1489 ubi
349 1448 385 1489 ei
409 1448 633 1496 videretur,
659 1447 803 1488 urbem
829 1462 1057 1503 agrumque
1083 1448 1142 1488 eis
1168 1448 1416 1502 adsignaret.
1477 1447 1519 1487 in

164 1511 309 1551 eodem
335 1524 434 1564 agro
460 1509 684 1564 Belligeni,
715 1524 789 1563 per
813 1524 935 1563 quem
960 1509 1133 1550 inlectus
1159 1510 1212 1550 ad
1237 1510 1518 1550 transitionem

161 1572 371 1613 Moericus
398 1578 500 1620 erat,
527 1571 827 1625 quadringenta
850 1572 993 1626 iugera
1018 1572 1107 1625 agri
1131 1572 1307 1612 decreta.

244 1634 347 1674 Post
382 1634 678 1687 profectionem
715 1648 766 1673 ex
799 1632 941 1674 Sicilia
965 1633 1154 1673 Marcelli
1177 1633 1337 1674 Punica
1374 1633 1517 1673 classis
1548 1649 1586 1676 14

161 1703 252 1736 octo
289 1695 401 1735 milia
436 1695 638 1749 peditum,
676 1695 753 1735 tria
784 1694 1056 1736 Numidarum
1092 1695 1276 1748 equitum
1315 1695 1516 1749 exposuit.

160 1758 213 1799 ad
239 1773 308 1798 eos
333 1757 573 1811 Murgentia
599 1763 638 1797 et
662 1755 900 1812 Erge[tium
928 1757 1049 1798 urbes
1076 1756 1296 1812 defecere]
1354 1764 1518 1798 secutae

161 1819 433 1860 defectionem
455 1834 594 1859 earum
614 1818 758 1872 Hybla
783 1825 822 1859 et
841 1818 1027 1874 Magella
1053 1826 1147 1859 sunt
1170 1819 1518 1874 ignobilioresque

160 1881 363 1934 quaedam
394 1881 509 1921 aliae.
571 1888 611 1920 et
640 1880 844 1921 Numidae
874 1881 1083 1935 praefecto
1108 1880 1289 1922 Muttine
1320 1881 1417 1936 vagi
1446 1896 1519 1936 per
1546 1896 1585 1924 15

160 1952 286 1985 totam
320 1943 504 1985 Siciliam
541 1943 745 1984 sociorum
781 1944 922 1998 populi
957 1944 1137 1984 Romani
1172 1959 1294 1999 agros
1332 1943 1516 1984 urebant.

162 2021 284 2059 super
314 2005 415 2046 haee
447 2005 649 2046 exereitus
676 2005 889 2046 Romanus
921 2005 1066 2055 iratus,
1103 2007 1253 2060 partim
1283 2006 1394 2059 quod
1425 2020 1519 2046 cum
1548 2020 1585 2048 16

161 2068 403 2122 imperatore
428 2083 511 2108 non
535 2068 730 2108 devectus
758 2083 807 2108 ex
833 2069 1045 2122 provincia
1070 2075 1197 2118 esset,
1234 2068 1383 2122 partim
1408 2068 1519 2121 quod

160 2129 202 2169 in
228 2129 388 2183 oppidis
413 2129 627 2170 hibernare
653 2130 767 2170 vetiti
792 2136 917 2179 erant,
946 2130 1063 2185 segni
1081 2129 1359 2184 fungebantur
1376 2130 1519 2170 militia

162 2191 376 2245 magisque
406 2191 464 2231 eis
496 2198 637 2232 auctor
661 2192 713 2232 ad
745 2191 987 2232 seditionem
1020 2207 1144 2245 quam
1174 2192 1335 2233 animus
1366 2192 1516 2233 deerat.

161 2252 265 2291 inter
300 2252 374 2292 has
412 2252 674 2293 difficultates
711 2253 770 2292 M.
810 2252 1028 2294 Cornelius
1065 2260 1227 2308 praetor
1268 2260 1308 2294 et
1344 2253 1517 2293 militum
1547 2269 1584 2297 17

161 2314 318 2354 animos
344 2329 452 2354 nunc
478 2314 745 2363 consolando,
772 2330 880 2355 nune
905 2316 1146 2370 castigando
1173 2315 1332 2356 sedavit
1357 2324 1397 2356 et
1421 2315 1519 2356 civi-

161 2383 263 2415 tates
290 2376 421 2416 onmis
447 2391 552 2429 quae
578 2376 812 2418 defecerant
842 2378 884 2417 in
910 2378 1112 2418 dicionem
1136 2377 1294 2432 redegit
1319 2384 1441 2430 atque
1467 2392 1517 2417 ex

160 2438 207 2478 iis
228 2437 507 2492 Murgentiam
527 2438 748 2492 Hispanis,
775 2439 924 2492 quibus
950 2439 1047 2480 urbs
1074 2454 1253 2494 agerque
1279 2439 1516 2488 debebatur,

160 2515 211 2541 cx
238 2509 404 2541 senatus
431 2501 620 2542 consulto
647 2501 840 2543 attribuit.

243 2563 397 2604 XXII.
449 2564 653 2605 Consules
679 2580 773 2606 eum
799 2565 919 2607 ambo
946 2566 1141 2621 Apuliam
1169 2567 1419 2621 provinciam
1445 2567 1517 2608 ha-
1547 2581 1557 2608 ι

159 2625 301 2666 berent
326 2626 542 2679 minusque
568 2627 648 2667 iam
675 2629 837 2669 terroris
858 2644 882 2669 a
900 2628 1052 2670 Poenis
1079 2636 1119 2669 et
1136 2629 1372 2670 Hannibale
1393 2637 1514 2678 esset,

158 2687 290 2728 sortiri
317 2688 418 2729 iussi
437 2688 633 2742 Apuliam
648 2689 1020 2744 Macedoniamque
1045 2691 1289 2746 provincias.
1330 2690 1514 2746 Sulpicio

227 2754 290 2781 Livi
311 2754 367 2781 vul.
383 2753 418 2780 11.
1244 2757 1286 2790 15]
