<?xml version="1.0" encoding="UTF-8"?>
<!DOCTYPE html PUBLIC "-//W3C//DTD XHTML 1.0 Transitional//EN"
    "http://www.w3.org/TR/xhtml1/DTD/xhtml1-transitional.dtd">
<html xmlns="http://www.w3.org/1999/xhtml" xml:lang="en" lang="en">
 <head>
  <title>
</title>
<meta http-equiv="Content-Type" content="text/html;charset=utf-8" />
  <meta name='ocr-system' content='tesseract 3.04.00' />
  <meta name='ocr-capabilities' content='ocr_page ocr_carea ocr_par ocr_line ocrx_word'/>
</head>
<body>
  <div class='ocr_page' id='page_1' title='image "./aburbeconditalib02livyuoft_0560.png"; bbox 0 0 1815 3184; ppageno 0'>
   <div class='ocr_carea' id='block_1_1' title="bbox 244 352 262 381">
    <p class='ocr_par' dir='ltr' id='par_1_1' title="bbox 244 352 262 381">
     <span class='ocr_line' id='line_1_1' title="bbox 244 352 262 381; baseline 0 0"><span class='ocrx_word' id='word_1_1' title='bbox 244 352 262 381; x_wconf 87' lang='grc'>9</span> 
     </span>
    </p>
   </div>
   <div class='ocr_carea' id='block_1_2' title="bbox 221 595 262 626">
    <p class='ocr_par' dir='ltr' id='par_1_2' title="bbox 221 595 262 626">
     <span class='ocr_line' id='line_1_2' title="bbox 221 595 262 626; baseline -0.024 0"><span class='ocrx_word' id='word_1_2' title='bbox 221 595 262 626; x_wconf 89' lang='grc'>10</span> 
     </span>
    </p>
   </div>
   <div class='ocr_carea' id='block_1_3' title="bbox 223 782 259 811">
    <p class='ocr_par' dir='ltr' id='par_1_3' title="bbox 223 782 259 811">
     <span class='ocr_line' id='line_1_3' title="bbox 223 782 259 811; baseline -0.028 0"><span class='ocrx_word' id='word_1_3' title='bbox 223 782 259 811; x_wconf 93' lang='grc'>11</span> 
     </span>
    </p>
   </div>
   <div class='ocr_carea' id='block_1_4' title="bbox 224 1150 262 1181">
    <p class='ocr_par' dir='ltr' id='par_1_4' title="bbox 224 1150 262 1181">
     <span class='ocr_line' id='line_1_4' title="bbox 224 1150 262 1181; baseline -0.053 0"><span class='ocrx_word' id='word_1_4' title='bbox 224 1150 262 1181; x_wconf 82' lang='lat'>13</span> 
     </span>
    </p>
   </div>
   <div class='ocr_carea' id='block_1_5' title="bbox 226 1460 263 1489">
    <p class='ocr_par' dir='ltr' id='par_1_5' title="bbox 226 1460 263 1489">
     <span class='ocr_line' id='line_1_5' title="bbox 226 1460 263 1489; baseline -0.027 0"><span class='ocrx_word' id='word_1_5' title='bbox 226 1460 263 1489; x_wconf 66' lang='lat'>14</span> 
     </span>
    </p>
   </div>
   <div class='ocr_carea' id='block_1_6' title="bbox 247 1830 264 1857">
    <p class='ocr_par' dir='ltr' id='par_1_6' title="bbox 247 1830 264 1857">
     <span class='ocr_line' id='line_1_6' title="bbox 247 1830 264 1857; textangle 90"><span class='ocrx_word' id='word_1_6' title='bbox 247 1830 264 1857; x_wconf 60' lang='lat' dir='ltr'><strong><em>w</em></strong></span> 
     </span>
    </p>
   </div>
   <div class='ocr_carea' id='block_1_7' title="bbox 287 225 1363 275">
    <p class='ocr_par' dir='ltr' id='par_1_7' title="bbox 287 225 1363 275">
     <span class='ocr_line' id='line_1_7' title="bbox 287 225 1363 275; baseline -0.002 -10"><span class='ocrx_word' id='word_1_7' title='bbox 287 225 370 265; x_wconf 77' lang='grc'>456</span> <span class='ocrx_word' id='word_1_8' title='bbox 562 231 716 265; x_wconf 84' lang='lat' dir='ltr'>LIBER</span> <span class='ocrx_word' id='word_1_9' title='bbox 739 229 944 273; x_wconf 80' lang='lat' dir='ltr'>XXVIIII,</span> <span class='ocrx_word' id='word_1_10' title='bbox 970 228 1022 261; x_wconf 87' lang='lat'>14.</span> <span class='ocrx_word' id='word_1_11' title='bbox 1043 227 1096 262; x_wconf 85' lang='lat'>15.</span> <span class='ocrx_word' id='word_1_12' title='bbox 1125 229 1172 273; x_wconf 85' lang='lat' dir='ltr'>[a.</span> <span class='ocrx_word' id='word_1_13' title='bbox 1186 239 1220 262; x_wconf 88' lang='lat' dir='ltr'>u.</span> <span class='ocrx_word' id='word_1_14' title='bbox 1236 239 1265 262; x_wconf 87' lang='lat' dir='ltr'>e.</span> <span class='ocrx_word' id='word_1_15' title='bbox 1280 229 1363 275; x_wconf 81' lang='lat'>550]</span> 
     </span>
    </p>
   </div>
   <div class='ocr_carea' id='block_1_8' title="bbox 285 331 1643 876">
    <p class='ocr_par' dir='ltr' id='par_1_8' title="bbox 285 331 1643 876">
     <span class='ocr_line' id='line_1_8' title="bbox 289 331 1640 386; baseline -0.001 -10"><span class='ocrx_word' id='word_1_16' title='bbox 289 336 451 377; x_wconf 77' lang='lat' dir='ltr'>civitate</span> <span class='ocrx_word' id='word_1_17' title='bbox 477 335 610 375; x_wconf 75' lang='lat' dir='ltr'>virum</span> <span class='ocrx_word' id='word_1_18' title='bbox 635 333 837 374; x_wconf 90' lang='lat' dir='ltr'>bonorum</span> <span class='ocrx_word' id='word_1_19' title='bbox 862 332 1063 386; x_wconf 91' lang='lat' dir='ltr'>optimum</span> <span class='ocrx_word' id='word_1_20' title='bbox 1089 345 1193 372; x_wconf 84' lang='lat' dir='ltr'>esse.</span> <span class='ocrx_word' id='word_1_21' title='bbox 1242 331 1285 371; x_wconf 92' lang='lat' dir='ltr'>id</span> <span class='ocrx_word' id='word_1_22' title='bbox 1309 331 1457 384; x_wconf 91' lang='lat' dir='ltr'>quibus</span> <span class='ocrx_word' id='word_1_23' title='bbox 1482 332 1640 375; x_wconf 86' lang='lat' dir='ltr'>virtuti-</span> 
     </span>
     <span class='ocr_line' id='line_1_9' title="bbox 287 393 1640 447; baseline -0.001 -10"><span class='ocrx_word' id='word_1_24' title='bbox 287 397 364 438; x_wconf 88' lang='lat' dir='ltr'>bus</span> <span class='ocrx_word' id='word_1_25' title='bbox 396 396 551 436; x_wconf 88' lang='lat' dir='ltr'>inducti</span> <span class='ocrx_word' id='word_1_26' title='bbox 582 395 639 434; x_wconf 85' lang='lat' dir='ltr'>ita</span> <span class='ocrx_word' id='word_1_27' title='bbox 668 394 903 443; x_wconf 87' lang='lat' dir='ltr'>iudicarint,</span> <span class='ocrx_word' id='word_1_28' title='bbox 938 394 1042 434; x_wconf 85' lang='lat' dir='ltr'>sieut</span> <span class='ocrx_word' id='word_1_29' title='bbox 1068 394 1260 434; x_wconf 85' lang='lat' dir='ltr'>traditum</span> <span class='ocrx_word' id='word_1_30' title='bbox 1286 408 1310 433; x_wconf 85' lang='lat' dir='ltr'>a</span> <span class='ocrx_word' id='word_1_31' title='bbox 1333 393 1530 447; x_wconf 81' lang='lat' dir='ltr'>proximis</span> <span class='ocrx_word' id='word_1_32' title='bbox 1555 410 1640 436; x_wconf 88' lang='lat' dir='ltr'>me-</span> 
     </span>
     <span class='ocr_line' id='line_1_10' title="bbox 285 454 1641 510; baseline -0.001 -12"><span class='ocrx_word' id='word_1_33' title='bbox 285 458 438 498; x_wconf 81' lang='lat' dir='ltr'>moriae</span> <span class='ocrx_word' id='word_1_34' title='bbox 469 465 700 510; x_wconf 89' lang='lat' dir='ltr'>temporum</span> <span class='ocrx_word' id='word_1_35' title='bbox 724 456 886 496; x_wconf 90' lang='lat' dir='ltr'>illorum</span> <span class='ocrx_word' id='word_1_36' title='bbox 913 455 1179 509; x_wconf 79' lang='lat' dir='ltr'>scriptoribus</span> <span class='ocrx_word' id='word_1_37' title='bbox 1204 454 1335 495; x_wconf 85' lang='lat' dir='ltr'>libens</span> <span class='ocrx_word' id='word_1_38' title='bbox 1361 454 1536 508; x_wconf 81' lang='lat' dir='ltr'>posteris</span> <span class='ocrx_word' id='word_1_39' title='bbox 1563 461 1641 496; x_wconf 84' lang='lat' dir='ltr'>tra-</span> 
     </span>
     <span class='ocr_line' id='line_1_11' title="bbox 286 517 1642 571; baseline -0.003 -11"><span class='ocrx_word' id='word_1_40' title='bbox 286 521 442 568; x_wconf 90' lang='lat' dir='ltr'>derem,</span> <span class='ocrx_word' id='word_1_41' title='bbox 491 519 547 558; x_wconf 89' lang='lat' dir='ltr'>ita</span> <span class='ocrx_word' id='word_1_42' title='bbox 588 533 702 558; x_wconf 86' lang='lat' dir='ltr'>meas</span> <span class='ocrx_word' id='word_1_43' title='bbox 746 517 958 571; x_wconf 84' lang='lat' dir='ltr'>opiniones</span> <span class='ocrx_word' id='word_1_44' title='bbox 1002 517 1269 557; x_wconf 84' lang='lat' dir='ltr'>coniectando</span> <span class='ocrx_word' id='word_1_45' title='bbox 1309 531 1396 556; x_wconf 89' lang='lat' dir='ltr'>rem</span> <span class='ocrx_word' id='word_1_46' title='bbox 1438 522 1642 557; x_wconf 81' lang='lat' dir='ltr'>vetustate</span> 
     </span>
     <span class='ocr_line' id='line_1_12' title="bbox 288 577 1642 632; baseline -0.002 -11"><span class='ocrx_word' id='word_1_47' title='bbox 288 581 474 622; x_wconf 88' lang='lat' dir='ltr'>obrutam</span> <span class='ocrx_word' id='word_1_48' title='bbox 511 595 593 620; x_wconf 90' lang='lat' dir='ltr'>non</span> <span class='ocrx_word' id='word_1_49' title='bbox 629 580 899 632; x_wconf 80' lang='lat' dir='ltr'>interponam.</span> <span class='ocrx_word' id='word_1_50' title='bbox 966 577 1014 618; x_wconf 91' lang='lat' dir='ltr'>P.</span> <span class='ocrx_word' id='word_1_51' title='bbox 1055 577 1272 618; x_wconf 84' lang='lat' dir='ltr'>Cornelius</span> <span class='ocrx_word' id='word_1_52' title='bbox 1316 592 1408 618; x_wconf 93' lang='lat' dir='ltr'>cum</span> <span class='ocrx_word' id='word_1_53' title='bbox 1450 578 1642 619; x_wconf 85' lang='lat' dir='ltr'>omnibus</span> 
     </span>
     <span class='ocr_line' id='line_1_13' title="bbox 288 640 1642 692; baseline -0.004 -8"><span class='ocrx_word' id='word_1_54' title='bbox 288 643 482 684; x_wconf 86' lang='lat' dir='ltr'>matronis</span> <span class='ocrx_word' id='word_1_55' title='bbox 518 641 682 683; x_wconf 84' lang='lat' dir='ltr'>Ostiam</span> <span class='ocrx_word' id='word_1_56' title='bbox 714 641 770 681; x_wconf 91' lang='lat' dir='ltr'>ire</span> <span class='ocrx_word' id='word_1_57' title='bbox 801 641 939 681; x_wconf 89' lang='lat' dir='ltr'>iussus</span> <span class='ocrx_word' id='word_1_58' title='bbox 971 640 1133 680; x_wconf 87' lang='lat' dir='ltr'>obviam</span> <span class='ocrx_word' id='word_1_59' title='bbox 1167 640 1286 688; x_wconf 90' lang='lat' dir='ltr'>deae,</span> <span class='ocrx_word' id='word_1_60' title='bbox 1323 640 1440 692; x_wconf 85' lang='lat' dir='ltr'>isque</span> <span class='ocrx_word' id='word_1_61' title='bbox 1472 655 1563 680; x_wconf 89' lang='lat' dir='ltr'>eam</span> <span class='ocrx_word' id='word_1_62' title='bbox 1592 640 1642 680; x_wconf 92' lang='lat' dir='ltr'>de</span> 
     </span>
     <span class='ocr_line' id='line_1_14' title="bbox 287 701 1643 758; baseline -0.003 -13"><span class='ocrx_word' id='word_1_63' title='bbox 287 719 391 746; x_wconf 86' lang='lat' dir='ltr'>nave</span> <span class='ocrx_word' id='word_1_64' title='bbox 422 704 605 758; x_wconf 85' lang='lat' dir='ltr'>accipere</span> <span class='ocrx_word' id='word_1_65' title='bbox 637 710 676 743; x_wconf 87' lang='lat' dir='ltr'>et</span> <span class='ocrx_word' id='word_1_66' title='bbox 705 703 748 743; x_wconf 90' lang='lat' dir='ltr'>in</span> <span class='ocrx_word' id='word_1_67' title='bbox 778 709 927 743; x_wconf 89' lang='lat' dir='ltr'>terram</span> <span class='ocrx_word' id='word_1_68' title='bbox 960 702 1106 742; x_wconf 85' lang='lat' dir='ltr'>elatam</span> <span class='ocrx_word' id='word_1_69' title='bbox 1138 702 1296 742; x_wconf 82' lang='lat' dir='ltr'>tradere</span> <span class='ocrx_word' id='word_1_70' title='bbox 1321 701 1532 742; x_wconf 83' lang='lat' dir='ltr'>ferendam</span> <span class='ocrx_word' id='word_1_71' title='bbox 1558 716 1643 741; x_wconf 88' lang='lat' dir='ltr'>ma-</span> 
     </span>
     <span class='ocr_line' id='line_1_15' title="bbox 289 763 1641 820; baseline -0.003 -13"><span class='ocrx_word' id='word_1_72' title='bbox 289 766 428 807; x_wconf 87' lang='lat' dir='ltr'>tronis.</span> <span class='ocrx_word' id='word_1_73' title='bbox 465 772 685 820; x_wconf 82' lang='lat' dir='ltr'>postquam</span> <span class='ocrx_word' id='word_1_74' title='bbox 709 764 826 805; x_wconf 84' lang='lat' dir='ltr'>navis</span> <span class='ocrx_word' id='word_1_75' title='bbox 853 765 905 805; x_wconf 87' lang='lat' dir='ltr'>ad</span> <span class='ocrx_word' id='word_1_76' title='bbox 931 764 1080 804; x_wconf 85' lang='lat' dir='ltr'>ostium</span> <span class='ocrx_word' id='word_1_77' title='bbox 1107 764 1238 804; x_wconf 87' lang='lat' dir='ltr'>amnis</span> <span class='ocrx_word' id='word_1_78' title='bbox 1253 763 1436 804; x_wconf 85' lang='lat' dir='ltr'>Tiberini</span> <span class='ocrx_word' id='word_1_79' title='bbox 1456 763 1641 811; x_wconf 84' lang='lat' dir='ltr'>accessit,</span> 
     </span>
     <span class='ocr_line' id='line_1_16' title="bbox 289 824 1642 876; baseline -0.003 -8"><span class='ocrx_word' id='word_1_80' title='bbox 289 829 392 869; x_wconf 89' lang='lat' dir='ltr'>sieut</span> <span class='ocrx_word' id='word_1_81' title='bbox 425 834 509 868; x_wconf 88' lang='lat' dir='ltr'>erat</span> <span class='ocrx_word' id='word_1_82' title='bbox 540 828 697 876; x_wconf 87' lang='lat' dir='ltr'>iussus,</span> <span class='ocrx_word' id='word_1_83' title='bbox 728 827 769 867; x_wconf 92' lang='lat' dir='ltr'>in</span> <span class='ocrx_word' id='word_1_84' title='bbox 804 827 936 867; x_wconf 85' lang='lat' dir='ltr'>salum</span> <span class='ocrx_word' id='word_1_85' title='bbox 962 841 1066 866; x_wconf 83' lang='lat' dir='ltr'>nave</span> <span class='ocrx_word' id='word_1_86' title='bbox 1092 833 1258 867; x_wconf 82' lang='lat' dir='ltr'>evectus</span> <span class='ocrx_word' id='word_1_87' title='bbox 1284 825 1335 866; x_wconf 86' lang='lat' dir='ltr'>ab</span> <span class='ocrx_word' id='word_1_88' title='bbox 1362 824 1642 866; x_wconf 87' lang='lat' dir='ltr'>sacerdotibus</span> 
     </span>
    </p>
   </div>
   <div class='ocr_carea' id='block_1_9' title="bbox 244 886 1643 943">
    <p class='ocr_par' dir='ltr' id='par_1_9' title="bbox 244 886 1643 943">
     <span class='ocr_line' id='line_1_17' title="bbox 244 886 1643 943; baseline -0.003 -13"><span class='ocrx_word' id='word_1_89' title='bbox 244 906 255 917; x_wconf 61' lang='lat' dir='ltr'>s</span> <span class='ocrx_word' id='word_1_90' title='bbox 288 890 407 930; x_wconf 86' lang='lat' dir='ltr'>deam</span> <span class='ocrx_word' id='word_1_91' title='bbox 444 889 600 943; x_wconf 86' lang='lat' dir='ltr'>accepit</span> <span class='ocrx_word' id='word_1_92' title='bbox 637 888 863 941; x_wconf 79' lang='lat' dir='ltr'>extulitque</span> <span class='ocrx_word' id='word_1_93' title='bbox 899 889 941 928; x_wconf 91' lang='lat' dir='ltr'>in</span> <span class='ocrx_word' id='word_1_94' title='bbox 977 895 1138 928; x_wconf 86' lang='lat' dir='ltr'>terram.</span> <span class='ocrx_word' id='word_1_95' title='bbox 1199 894 1409 928; x_wconf 89' lang='lat' dir='ltr'>matronae</span> <span class='ocrx_word' id='word_1_96' title='bbox 1444 886 1643 940; x_wconf 89' lang='lat' dir='ltr'>primores</span> 
     </span>
    </p>
   </div>
   <div class='ocr_carea' id='block_1_10' title="bbox 287 948 1649 2053">
    <p class='ocr_par' dir='ltr' id='par_1_10' title="bbox 287 948 1646 1559">
     <span class='ocr_line' id='line_1_18' title="bbox 288 948 1645 1003; baseline -0.004 -11"><span class='ocrx_word' id='word_1_97' title='bbox 288 952 482 1000; x_wconf 85' lang='lat' dir='ltr'>civitatis,</span> <span class='ocrx_word' id='word_1_98' title='bbox 519 952 624 991; x_wconf 88' lang='lat' dir='ltr'>inter</span> <span class='ocrx_word' id='word_1_99' title='bbox 655 965 757 1003; x_wconf 90' lang='lat' dir='ltr'>quas</span> <span class='ocrx_word' id='word_1_100' title='bbox 789 950 911 990; x_wconf 90' lang='lat' dir='ltr'>unius</span> <span class='ocrx_word' id='word_1_101' title='bbox 945 948 1144 990; x_wconf 84' lang='lat' dir='ltr'>Claudiae</span> <span class='ocrx_word' id='word_1_102' title='bbox 1177 948 1357 1001; x_wconf 86' lang='lat' dir='ltr'>Quintae</span> <span class='ocrx_word' id='word_1_103' title='bbox 1388 949 1551 1003; x_wconf 83' lang='lat' dir='ltr'>insigne</span> <span class='ocrx_word' id='word_1_104' title='bbox 1583 954 1645 988; x_wconf 86' lang='lat' dir='ltr'>est</span> 
     </span>
     <span class='ocr_line' id='line_1_19' title="bbox 287 1009 1645 1067; baseline -0.004 -13"><span class='ocrx_word' id='word_1_105' title='bbox 287 1028 456 1063; x_wconf 86' lang='lat' dir='ltr'>nomen,</span> <span class='ocrx_word' id='word_1_106' title='bbox 484 1028 697 1067; x_wconf 84' lang='lat' dir='ltr'>accepere3</span> <span class='ocrx_word' id='word_1_107' title='bbox 731 1012 795 1053; x_wconf 89' lang='lat' dir='ltr'>cui</span> <span class='ocrx_word' id='word_1_108' title='bbox 821 1011 965 1060; x_wconf 85' lang='lat' dir='ltr'>dubia,</span> <span class='ocrx_word' id='word_1_109' title='bbox 998 1018 1042 1051; x_wconf 91' lang='lat' dir='ltr'>ut</span> <span class='ocrx_word' id='word_1_110' title='bbox 1068 1011 1251 1060; x_wconf 83' lang='lat' dir='ltr'>traditur,</span> <span class='ocrx_word' id='word_1_111' title='bbox 1284 1017 1404 1051; x_wconf 87' lang='lat' dir='ltr'>antea</span> <span class='ocrx_word' id='word_1_112' title='bbox 1428 1010 1539 1050; x_wconf 90' lang='lat' dir='ltr'>fama</span> <span class='ocrx_word' id='word_1_113' title='bbox 1564 1009 1645 1049; x_wconf 87' lang='lat' dir='ltr'>ela-</span> 
     </span>
     <span class='ocr_line' id='line_1_20' title="bbox 288 1071 1644 1129; baseline -0.004 -13"><span class='ocrx_word' id='word_1_114' title='bbox 288 1077 435 1116; x_wconf 90' lang='lat' dir='ltr'>riorem</span> <span class='ocrx_word' id='word_1_115' title='bbox 479 1076 530 1116; x_wconf 89' lang='lat' dir='ltr'>ad</span> <span class='ocrx_word' id='word_1_116' title='bbox 571 1082 758 1129; x_wconf 88' lang='lat' dir='ltr'>posteros</span> <span class='ocrx_word' id='word_1_117' title='bbox 795 1081 878 1115; x_wconf 90' lang='lat' dir='ltr'>tam</span> <span class='ocrx_word' id='word_1_118' title='bbox 914 1073 1106 1127; x_wconf 81' lang='lat' dir='ltr'>religioso</span> <span class='ocrx_word' id='word_1_119' title='bbox 1143 1073 1369 1113; x_wconf 89' lang='lat' dir='ltr'>ministerio</span> <span class='ocrx_word' id='word_1_120' title='bbox 1406 1071 1644 1126; x_wconf 76' lang='lat' dir='ltr'>pudicitiam</span> 
     </span>
     <span class='ocr_line' id='line_1_21' title="bbox 288 1132 1642 1191; baseline -0.004 -13"><span class='ocrx_word' id='word_1_121' title='bbox 288 1138 397 1178; x_wconf 86' lang='lat' dir='ltr'>fecit.</span> <span class='ocrx_word' id='word_1_122' title='bbox 464 1152 535 1177; x_wconf 89' lang='lat' dir='ltr'>eae</span> <span class='ocrx_word' id='word_1_123' title='bbox 577 1152 650 1191; x_wconf 89' lang='lat' dir='ltr'>per</span> <span class='ocrx_word' id='word_1_124' title='bbox 691 1151 857 1185; x_wconf 87' lang='lat' dir='ltr'>manus,</span> <span class='ocrx_word' id='word_1_125' title='bbox 907 1135 1173 1175; x_wconf 82' lang='lat' dir='ltr'>succedentes</span> <span class='ocrx_word' id='word_1_126' title='bbox 1217 1134 1365 1174; x_wconf 90' lang='lat' dir='ltr'>deinde</span> <span class='ocrx_word' id='word_1_127' title='bbox 1401 1133 1504 1173; x_wconf 86' lang='lat' dir='ltr'>aliae</span> <span class='ocrx_word' id='word_1_128' title='bbox 1540 1132 1642 1181; x_wconf 88' lang='lat' dir='ltr'>aliis,</span> 
     </span>
     <span class='ocr_line' id='line_1_22' title="bbox 289 1194 1641 1248; baseline -0.004 -9"><span class='ocrx_word' id='word_1_129' title='bbox 289 1199 400 1240; x_wconf 84' lang='lat' dir='ltr'>omni</span> <span class='ocrx_word' id='word_1_130' title='bbox 426 1199 589 1240; x_wconf 74' lang='lat' dir='ltr'>obviam</span> <span class='ocrx_word' id='word_1_131' title='bbox 616 1198 749 1238; x_wconf 86' lang='lat' dir='ltr'>effusa</span> <span class='ocrx_word' id='word_1_132' title='bbox 774 1197 955 1245; x_wconf 80' lang='lat' dir='ltr'>civitate,</span> <span class='ocrx_word' id='word_1_133' title='bbox 983 1196 1170 1236; x_wconf 89' lang='lat' dir='ltr'>turibulis</span> <span class='ocrx_word' id='word_1_134' title='bbox 1197 1202 1291 1236; x_wconf 86' lang='lat' dir='ltr'>ante</span> <span class='ocrx_word' id='word_1_135' title='bbox 1316 1195 1459 1235; x_wconf 87' lang='lat' dir='ltr'>ianuas</span> <span class='ocrx_word' id='word_1_136' title='bbox 1484 1194 1641 1248; x_wconf 87' lang='lat' dir='ltr'>positis,</span> 
     </span>
     <span class='ocr_line' id='line_1_23' title="bbox 289 1255 1645 1315; baseline -0.005 -14"><span class='ocrx_word' id='word_1_137' title='bbox 289 1275 371 1313; x_wconf 86' lang='lat' dir='ltr'>qua</span> <span class='ocrx_word' id='word_1_138' title='bbox 411 1259 738 1315; x_wconf 86' lang='lat' dir='ltr'>praeferebatur,</span> <span class='ocrx_word' id='word_1_139' title='bbox 783 1266 904 1312; x_wconf 88' lang='lat' dir='ltr'>atque</span> <span class='ocrx_word' id='word_1_140' title='bbox 941 1272 1115 1298; x_wconf 87' lang='lat' dir='ltr'>accenso</span> <span class='ocrx_word' id='word_1_141' title='bbox 1151 1263 1257 1305; x_wconf 88' lang='lat' dir='ltr'>ture,</span> <span class='ocrx_word' id='word_1_142' title='bbox 1301 1255 1563 1310; x_wconf 83' lang='lat' dir='ltr'>precantibus</span> <span class='ocrx_word' id='word_1_143' title='bbox 1601 1262 1645 1294; x_wconf 89' lang='lat' dir='ltr'>ut</span> 
     </span>
     <span class='ocr_line' id='line_1_24' title="bbox 290 1317 1646 1376; baseline -0.004 -13"><span class='ocrx_word' id='word_1_144' title='bbox 290 1322 431 1363; x_wconf 79' lang='lat' dir='ltr'>volens</span> <span class='ocrx_word' id='word_1_145' title='bbox 456 1322 714 1376; x_wconf 88' lang='lat' dir='ltr'>propitiaque</span> <span class='ocrx_word' id='word_1_146' title='bbox 739 1321 882 1361; x_wconf 89' lang='lat' dir='ltr'>urbem</span> <span class='ocrx_word' id='word_1_147' title='bbox 907 1320 1085 1361; x_wconf 83' lang='lat' dir='ltr'>Romam</span> <span class='ocrx_word' id='word_1_148' title='bbox 1109 1320 1247 1368; x_wconf 82' lang='lat' dir='ltr'>iniret,</span> <span class='ocrx_word' id='word_1_149' title='bbox 1274 1319 1315 1359; x_wconf 89' lang='lat' dir='ltr'>in</span> <span class='ocrx_word' id='word_1_150' title='bbox 1341 1319 1484 1359; x_wconf 87' lang='lat' dir='ltr'>aedem</span> <span class='ocrx_word' id='word_1_151' title='bbox 1502 1317 1646 1358; x_wconf 88' lang='lat' dir='ltr'>Victo-</span> 
     </span>
     <span class='ocr_line' id='line_1_25' title="bbox 288 1379 1643 1437; baseline -0.005 -12"><span class='ocrx_word' id='word_1_152' title='bbox 288 1385 389 1433; x_wconf 84' lang='lat' dir='ltr'>riae,</span> <span class='ocrx_word' id='word_1_153' title='bbox 425 1399 530 1437; x_wconf 89' lang='lat' dir='ltr'>quae</span> <span class='ocrx_word' id='word_1_154' title='bbox 561 1391 623 1424; x_wconf 86' lang='lat' dir='ltr'>est</span> <span class='ocrx_word' id='word_1_155' title='bbox 654 1384 697 1423; x_wconf 90' lang='lat' dir='ltr'>in</span> <span class='ocrx_word' id='word_1_156' title='bbox 727 1383 905 1431; x_wconf 88' lang='lat' dir='ltr'>Palatio,</span> <span class='ocrx_word' id='word_1_157' title='bbox 937 1381 1139 1436; x_wconf 87' lang='lat' dir='ltr'>pertulere</span> <span class='ocrx_word' id='word_1_158' title='bbox 1172 1381 1291 1421; x_wconf 89' lang='lat' dir='ltr'>deam</span> <span class='ocrx_word' id='word_1_159' title='bbox 1321 1395 1381 1434; x_wconf 91' lang='lat' dir='ltr'>pr.</span> <span class='ocrx_word' id='word_1_160' title='bbox 1408 1380 1500 1420; x_wconf 86' lang='lat' dir='ltr'>idus</span> <span class='ocrx_word' id='word_1_161' title='bbox 1526 1379 1643 1432; x_wconf 88' lang='lat' dir='ltr'>Apr.,</span> 
     </span>
     <span class='ocr_line' id='line_1_26' title="bbox 290 1441 1643 1499; baseline -0.006 -12"><span class='ocrx_word' id='word_1_162' title='bbox 290 1446 406 1499; x_wconf 86' lang='lat' dir='ltr'>isque</span> <span class='ocrx_word' id='word_1_163' title='bbox 433 1447 519 1487; x_wconf 86' lang='lat' dir='ltr'>dies</span> <span class='ocrx_word' id='word_1_164' title='bbox 545 1446 676 1486; x_wconf 88' lang='lat' dir='ltr'>festus</span> <span class='ocrx_word' id='word_1_165' title='bbox 702 1445 791 1485; x_wconf 90' lang='lat' dir='ltr'>fuit.</span> <span class='ocrx_word' id='word_1_166' title='bbox 852 1443 1028 1498; x_wconf 88' lang='lat' dir='ltr'>populus</span> <span class='ocrx_word' id='word_1_167' title='bbox 1061 1442 1254 1495; x_wconf 83' lang='lat' dir='ltr'>frequens</span> <span class='ocrx_word' id='word_1_168' title='bbox 1281 1442 1389 1481; x_wconf 90' lang='lat' dir='ltr'>dona</span> <span class='ocrx_word' id='word_1_169' title='bbox 1414 1441 1515 1481; x_wconf 90' lang='lat' dir='ltr'>deae</span> <span class='ocrx_word' id='word_1_170' title='bbox 1540 1441 1643 1488; x_wconf 87' lang='lat' dir='ltr'>tulit,</span> 
     </span>
     <span class='ocr_line' id='line_1_27' title="bbox 289 1502 1498 1559; baseline -0.004 -12"><span class='ocrx_word' id='word_1_171' title='bbox 289 1507 664 1559; x_wconf 83' lang='lat' dir='ltr'>lectisterniumque</span> <span class='ocrx_word' id='word_1_172' title='bbox 692 1512 731 1545; x_wconf 91' lang='lat' dir='ltr'>et</span> <span class='ocrx_word' id='word_1_173' title='bbox 756 1505 841 1545; x_wconf 89' lang='lat' dir='ltr'>ludi</span> <span class='ocrx_word' id='word_1_174' title='bbox 866 1504 998 1552; x_wconf 90' lang='lat' dir='ltr'>fuere,</span> <span class='ocrx_word' id='word_1_175' title='bbox 1026 1503 1257 1557; x_wconf 77' lang='lat' dir='ltr'>Megalesia</span> <span class='ocrx_word' id='word_1_176' title='bbox 1283 1502 1498 1556; x_wconf 82' lang='lat' dir='ltr'>appellata.</span> 
     </span>
    </p>

    <p class='ocr_par' dir='ltr' id='par_1_11' title="bbox 290 1563 1649 2053">
     <span class='ocr_line' id='line_1_28' title="bbox 374 1563 1648 1620; baseline -0.005 -11"><span class='ocrx_word' id='word_1_177' title='bbox 374 1568 475 1609; x_wconf 73' lang='lat' dir='ltr'>XV.</span> <span class='ocrx_word' id='word_1_178' title='bbox 538 1568 646 1608; x_wconf 85' lang='lat' dir='ltr'>Cum</span> <span class='ocrx_word' id='word_1_179' title='bbox 683 1567 732 1607; x_wconf 89' lang='lat' dir='ltr'>de</span> <span class='ocrx_word' id='word_1_180' title='bbox 766 1566 1051 1620; x_wconf 85' lang='lat' dir='ltr'>supplemento</span> <span class='ocrx_word' id='word_1_181' title='bbox 1082 1565 1308 1619; x_wconf 81' lang='lat' dir='ltr'>legionum,</span> <span class='ocrx_word' id='word_1_182' title='bbox 1347 1578 1451 1617; x_wconf 87' lang='lat' dir='ltr'>quae</span> <span class='ocrx_word' id='word_1_183' title='bbox 1483 1563 1526 1603; x_wconf 87' lang='lat' dir='ltr'>in</span> <span class='ocrx_word' id='word_1_184' title='bbox 1556 1578 1648 1617; x_wconf 90' lang='lat' dir='ltr'>pro-</span> 
     </span>
     <span class='ocr_line' id='line_1_29' title="bbox 290 1626 1647 1683; baseline -0.004 -14"><span class='ocrx_word' id='word_1_185' title='bbox 290 1630 434 1670; x_wconf 75' lang='lat' dir='ltr'>vinciis</span> <span class='ocrx_word' id='word_1_186' title='bbox 461 1636 592 1677; x_wconf 88' lang='lat' dir='ltr'>erant,</span> <span class='ocrx_word' id='word_1_187' title='bbox 620 1636 820 1683; x_wconf 81' lang='lat' dir='ltr'>ageretur,</span> <span class='ocrx_word' id='word_1_188' title='bbox 854 1635 1018 1681; x_wconf 87' lang='lat' dir='ltr'>tempus</span> <span class='ocrx_word' id='word_1_189' title='bbox 1045 1641 1136 1667; x_wconf 87' lang='lat' dir='ltr'>esse</span> <span class='ocrx_word' id='word_1_190' title='bbox 1162 1642 1185 1666; x_wconf 90' lang='lat' dir='ltr'>a</span> <span class='ocrx_word' id='word_1_191' title='bbox 1210 1626 1459 1679; x_wconf 88' lang='lat' dir='ltr'>quibusdam</span> <span class='ocrx_word' id='word_1_192' title='bbox 1486 1630 1647 1665; x_wconf 87' lang='lat' dir='ltr'>senato-</span> 
     </span>
     <span class='ocr_line' id='line_1_30' title="bbox 291 1686 1648 1742; baseline -0.004 -11"><span class='ocrx_word' id='word_1_193' title='bbox 291 1691 402 1732; x_wconf 88' lang='lat' dir='ltr'>ribus</span> <span class='ocrx_word' id='word_1_194' title='bbox 431 1690 660 1731; x_wconf 88' lang='lat' dir='ltr'>subiectum</span> <span class='ocrx_word' id='word_1_195' title='bbox 687 1697 766 1738; x_wconf 89' lang='lat' dir='ltr'>est,</span> <span class='ocrx_word' id='word_1_196' title='bbox 794 1704 898 1742; x_wconf 91' lang='lat' dir='ltr'>quae</span> <span class='ocrx_word' id='word_1_197' title='bbox 924 1689 1060 1729; x_wconf 90' lang='lat' dir='ltr'>dubiis</span> <span class='ocrx_word' id='word_1_198' title='bbox 1086 1689 1128 1728; x_wconf 90' lang='lat' dir='ltr'>in</span> <span class='ocrx_word' id='word_1_199' title='bbox 1152 1688 1275 1729; x_wconf 90' lang='lat' dir='ltr'>rebus</span> <span class='ocrx_word' id='word_1_200' title='bbox 1301 1694 1522 1740; x_wconf 84' lang='lat' dir='ltr'>utcumque</span> <span class='ocrx_word' id='word_1_201' title='bbox 1548 1686 1648 1726; x_wconf 90' lang='lat' dir='ltr'>tole-</span> 
     </span>
     <span class='ocr_line' id='line_1_31' title="bbox 290 1750 1648 1806; baseline -0.004 -13"><span class='ocrx_word' id='word_1_202' title='bbox 290 1761 377 1793; x_wconf 85' lang='lat' dir='ltr'>rata</span> <span class='ocrx_word' id='word_1_203' title='bbox 400 1759 555 1801; x_wconf 87' lang='lat' dir='ltr'>essent,</span> <span class='ocrx_word' id='word_1_204' title='bbox 583 1767 628 1792; x_wconf 80' lang='lat' dir='ltr'>ea</span> <span class='ocrx_word' id='word_1_205' title='bbox 649 1752 814 1806; x_wconf 89' lang='lat' dir='ltr'>dempto</span> <span class='ocrx_word' id='word_1_206' title='bbox 835 1752 916 1791; x_wconf 86' lang='lat' dir='ltr'>iam</span> <span class='ocrx_word' id='word_1_207' title='bbox 938 1751 1102 1791; x_wconf 87' lang='lat' dir='ltr'>tandem</span> <span class='ocrx_word' id='word_1_208' title='bbox 1123 1751 1244 1790; x_wconf 78' lang='lat' dir='ltr'>deum</span> <span class='ocrx_word' id='word_1_209' title='bbox 1265 1750 1516 1804; x_wconf 79' lang='lat' dir='ltr'>benignitate</span> <span class='ocrx_word' id='word_1_210' title='bbox 1536 1755 1648 1788; x_wconf 90' lang='lat' dir='ltr'>metu</span> 
     </span>
     <span class='ocr_line' id='line_1_32' title="bbox 292 1810 1649 1868; baseline -0.004 -14"><span class='ocrx_word' id='word_1_211' title='bbox 292 1830 373 1855; x_wconf 90' lang='lat' dir='ltr'>non</span> <span class='ocrx_word' id='word_1_212' title='bbox 404 1814 509 1854; x_wconf 87' lang='lat' dir='ltr'>ultra</span> <span class='ocrx_word' id='word_1_213' title='bbox 539 1815 636 1868; x_wconf 87' lang='lat' dir='ltr'>pati.</span> <span class='ocrx_word' id='word_1_214' title='bbox 698 1814 842 1854; x_wconf 88' lang='lat' dir='ltr'>erectis</span> <span class='ocrx_word' id='word_1_215' title='bbox 869 1812 1151 1867; x_wconf 85' lang='lat' dir='ltr'>expectatione</span> <span class='ocrx_word' id='word_1_216' title='bbox 1176 1811 1361 1866; x_wconf 87' lang='lat' dir='ltr'>patribus</span> <span class='ocrx_word' id='word_1_217' title='bbox 1389 1810 1649 1851; x_wconf 86' lang='lat' dir='ltr'>subiecerunt</span> 
     </span>
     <span class='ocr_line' id='line_1_33' title="bbox 291 1872 1648 1928; baseline -0.004 -11"><span class='ocrx_word' id='word_1_218' title='bbox 291 1876 470 1917; x_wconf 88' lang='lat' dir='ltr'>colonias</span> <span class='ocrx_word' id='word_1_219' title='bbox 496 1876 670 1916; x_wconf 87' lang='lat' dir='ltr'>Latinas</span> <span class='ocrx_word' id='word_1_220' title='bbox 703 1876 938 1924; x_wconf 80' lang='lat' dir='ltr'>duodecim,</span> <span class='ocrx_word' id='word_1_221' title='bbox 977 1890 1081 1928; x_wconf 89' lang='lat' dir='ltr'>quae</span> <span class='ocrx_word' id='word_1_222' title='bbox 1115 1874 1167 1926; x_wconf 94' lang='lat' dir='ltr'>Q.</span> <span class='ocrx_word' id='word_1_223' title='bbox 1193 1873 1325 1914; x_wconf 88' lang='lat' dir='ltr'>Fabio</span> <span class='ocrx_word' id='word_1_224' title='bbox 1357 1880 1396 1913; x_wconf 89' lang='lat' dir='ltr'>et</span> <span class='ocrx_word' id='word_1_225' title='bbox 1422 1873 1474 1924; x_wconf 91' lang='lat' dir='ltr'>Q.</span> <span class='ocrx_word' id='word_1_226' title='bbox 1501 1872 1648 1912; x_wconf 80' lang='lat' dir='ltr'>Fulvio</span> 
     </span>
     <span class='ocr_line' id='line_1_34' title="bbox 292 1934 1648 1985; baseline -0.004 -6"><span class='ocrx_word' id='word_1_227' title='bbox 292 1938 529 1979; x_wconf 85' lang='lat' dir='ltr'>consulibus</span> <span class='ocrx_word' id='word_1_228' title='bbox 556 1938 796 1979; x_wconf 84' lang='lat' dir='ltr'>abnuissent</span> <span class='ocrx_word' id='word_1_229' title='bbox 823 1938 971 1978; x_wconf 87' lang='lat' dir='ltr'>milites</span> <span class='ocrx_word' id='word_1_230' title='bbox 998 1938 1113 1985; x_wconf 86' lang='lat' dir='ltr'>dare,</span> <span class='ocrx_word' id='word_1_231' title='bbox 1140 1951 1209 1977; x_wconf 90' lang='lat' dir='ltr'>eas</span> <span class='ocrx_word' id='word_1_232' title='bbox 1236 1951 1388 1977; x_wconf 86' lang='lat' dir='ltr'>annum</span> <span class='ocrx_word' id='word_1_233' title='bbox 1413 1935 1493 1975; x_wconf 88' lang='lat' dir='ltr'>iam</span> <span class='ocrx_word' id='word_1_234' title='bbox 1520 1934 1648 1974; x_wconf 82' lang='lat' dir='ltr'>ferme</span> 
     </span>
     <span class='ocr_line' id='line_1_35' title="bbox 293 1996 1649 2053; baseline -0.004 -13"><span class='ocrx_word' id='word_1_235' title='bbox 293 2007 455 2040; x_wconf 79' lang='lat' dir='ltr'>sextum</span> <span class='ocrx_word' id='word_1_236' title='bbox 474 2001 729 2041; x_wconf 70' lang='lat' dir='ltr'>vacationem</span> <span class='ocrx_word' id='word_1_237' title='bbox 750 2000 916 2040; x_wconf 83' lang='lat' dir='ltr'>militiae</span> <span class='ocrx_word' id='word_1_238' title='bbox 937 2000 1055 2053; x_wconf 83' lang='lat' dir='ltr'>quasi</span> <span class='ocrx_word' id='word_1_239' title='bbox 1075 1999 1239 2039; x_wconf 87' lang='lat' dir='ltr'>honoris</span> <span class='ocrx_word' id='word_1_240' title='bbox 1260 2005 1299 2038; x_wconf 89' lang='lat' dir='ltr'>et</span> <span class='ocrx_word' id='word_1_241' title='bbox 1317 1996 1504 2038; x_wconf 89' lang='lat' dir='ltr'>beneficii</span> <span class='ocrx_word' id='word_1_242' title='bbox 1524 2010 1649 2036; x_wconf 86' lang='lat' dir='ltr'>causa</span> 
     </span>
    </p>
   </div>
   <div class='ocr_carea' id='block_1_11' title="bbox 247 2057 1647 2113">
    <p class='ocr_par' dir='ltr' id='par_1_12' title="bbox 247 2057 1647 2113">
     <span class='ocr_line' id='line_1_36' title="bbox 247 2057 1647 2113; baseline -0.004 -10"><span class='ocrx_word' id='word_1_243' title='bbox 247 2076 265 2104; x_wconf 76' lang='lat'>3</span> <span class='ocrx_word' id='word_1_244' title='bbox 292 2062 461 2111; x_wconf 87' lang='lat' dir='ltr'>habere,</span> <span class='ocrx_word' id='word_1_245' title='bbox 500 2078 592 2103; x_wconf 88' lang='lat' dir='ltr'>cum</span> <span class='ocrx_word' id='word_1_246' title='bbox 624 2063 785 2103; x_wconf 85' lang='lat' dir='ltr'>interim</span> <span class='ocrx_word' id='word_1_247' title='bbox 817 2061 914 2102; x_wconf 90' lang='lat' dir='ltr'>boni</span> <span class='ocrx_word' id='word_1_248' title='bbox 944 2061 1290 2113; x_wconf 88' lang='lat' dir='ltr'>oboedientesque</span> <span class='ocrx_word' id='word_1_249' title='bbox 1322 2059 1421 2099; x_wconf 85' lang='lat' dir='ltr'>socii</span> <span class='ocrx_word' id='word_1_250' title='bbox 1457 2072 1530 2112; x_wconf 89' lang='lat' dir='ltr'>pro</span> <span class='ocrx_word' id='word_1_251' title='bbox 1567 2057 1647 2097; x_wconf 89' lang='lat' dir='ltr'>fide</span> 
     </span>
    </p>
   </div>
   <div class='ocr_carea' id='block_1_12' title="bbox 253 2632 270 2660">
    <p class='ocr_par' dir='ltr' id='par_1_13' title="bbox 253 2632 270 2660">
     <span class='ocr_line' id='line_1_37' title="bbox 253 2632 270 2660; baseline 0 0"><span class='ocrx_word' id='word_1_252' title='bbox 253 2632 270 2660; x_wconf 81' lang='lat'>6</span> 
     </span>
    </p>
   </div>
   <div class='ocr_carea' id='block_1_13' title="bbox 292 2119 1653 2734">
    <p class='ocr_par' dir='ltr' id='par_1_14' title="bbox 292 2119 1653 2734">
     <span class='ocr_line' id='line_1_38' title="bbox 292 2119 1648 2179; baseline -0.004 -15"><span class='ocrx_word' id='word_1_253' title='bbox 292 2132 413 2177; x_wconf 88' lang='lat' dir='ltr'>atque</span> <span class='ocrx_word' id='word_1_254' title='bbox 447 2125 646 2177; x_wconf 86' lang='lat' dir='ltr'>obsequio</span> <span class='ocrx_word' id='word_1_255' title='bbox 677 2125 719 2165; x_wconf 91' lang='lat' dir='ltr'>in</span> <span class='ocrx_word' id='word_1_256' title='bbox 750 2124 949 2179; x_wconf 89' lang='lat' dir='ltr'>populum</span> <span class='ocrx_word' id='word_1_257' title='bbox 973 2123 1208 2164; x_wconf 85' lang='lat' dir='ltr'>Romanum</span> <span class='ocrx_word' id='word_1_258' title='bbox 1234 2120 1436 2162; x_wconf 85' lang='lat' dir='ltr'>continuis</span> <span class='ocrx_word' id='word_1_259' title='bbox 1465 2119 1648 2160; x_wconf 89' lang='lat' dir='ltr'>omnium</span> 
     </span>
     <span class='ocr_line' id='line_1_39' title="bbox 294 2183 1648 2227; baseline -0.004 0"><span class='ocrx_word' id='word_1_260' title='bbox 294 2201 492 2227; x_wconf 85' lang='lat' dir='ltr'>annorum</span> <span class='ocrx_word' id='word_1_261' title='bbox 519 2186 736 2227; x_wconf 85' lang='lat' dir='ltr'>dilectibus</span> <span class='ocrx_word' id='word_1_262' title='bbox 762 2186 952 2226; x_wconf 78' lang='lat' dir='ltr'>exhausti</span> <span class='ocrx_word' id='word_1_263' title='bbox 978 2191 1127 2226; x_wconf 88' lang='lat' dir='ltr'>essent.</span> <span class='ocrx_word' id='word_1_264' title='bbox 1165 2183 1242 2225; x_wconf 89' lang='lat' dir='ltr'>sub</span> <span class='ocrx_word' id='word_1_265' title='bbox 1267 2183 1373 2224; x_wconf 84' lang='lat' dir='ltr'>hano</span> <span class='ocrx_word' id='word_1_266' title='bbox 1398 2197 1542 2223; x_wconf 75' lang='lat' dir='ltr'>vocem</span> <span class='ocrx_word' id='word_1_267' title='bbox 1568 2196 1648 2222; x_wconf 88' lang='lat' dir='ltr'>non</span> 
     </span>
     <span class='ocr_line' id='line_1_40' title="bbox 293 2244 1651 2303; baseline -0.004 -15"><span class='ocrx_word' id='word_1_268' title='bbox 293 2249 490 2289; x_wconf 84' lang='lat' dir='ltr'>memoria</span> <span class='ocrx_word' id='word_1_269' title='bbox 520 2249 652 2303; x_wconf 80' lang='lat' dir='ltr'>magis</span> <span class='ocrx_word' id='word_1_270' title='bbox 685 2248 869 2302; x_wconf 87' lang='lat' dir='ltr'>patribus</span> <span class='ocrx_word' id='word_1_271' title='bbox 901 2254 1096 2288; x_wconf 82' lang='lat' dir='ltr'>renovata</span> <span class='ocrx_word' id='word_1_272' title='bbox 1120 2246 1177 2286; x_wconf 87' lang='lat' dir='ltr'>rei</span> <span class='ocrx_word' id='word_1_273' title='bbox 1203 2260 1329 2300; x_wconf 88' lang='lat' dir='ltr'>prope</span> <span class='ocrx_word' id='word_1_274' title='bbox 1354 2245 1437 2285; x_wconf 89' lang='lat' dir='ltr'>iam</span> <span class='ocrx_word' id='word_1_275' title='bbox 1462 2244 1651 2285; x_wconf 84' lang='lat' dir='ltr'>oblitera-</span> 
     </span>
     <span class='ocr_line' id='line_1_41' title="bbox 293 2306 1653 2363; baseline -0.004 -13"><span class='ocrx_word' id='word_1_276' title='bbox 293 2318 356 2350; x_wconf 87' lang='lat' dir='ltr'>tae</span> <span class='ocrx_word' id='word_1_277' title='bbox 389 2325 512 2363; x_wconf 90' lang='lat' dir='ltr'>quam</span> <span class='ocrx_word' id='word_1_278' title='bbox 543 2311 602 2350; x_wconf 86' lang='lat' dir='ltr'>ira</span> <span class='ocrx_word' id='word_1_279' title='bbox 632 2311 788 2350; x_wconf 84' lang='lat' dir='ltr'>irritata</span> <span class='ocrx_word' id='word_1_280' title='bbox 819 2316 892 2351; x_wconf 91' lang='lat' dir='ltr'>est.</span> <span class='ocrx_word' id='word_1_281' title='bbox 954 2309 1091 2361; x_wconf 88' lang='lat' dir='ltr'>itaque</span> <span class='ocrx_word' id='word_1_282' title='bbox 1117 2307 1217 2347; x_wconf 80' lang='lat' dir='ltr'>nihil</span> <span class='ocrx_word' id='word_1_283' title='bbox 1241 2307 1354 2361; x_wconf 90' lang='lat' dir='ltr'>prius</span> <span class='ocrx_word' id='word_1_284' title='bbox 1380 2306 1532 2347; x_wconf 89' lang='lat' dir='ltr'>referre</span> <span class='ocrx_word' id='word_1_285' title='bbox 1557 2319 1653 2345; x_wconf 92' lang='lat' dir='ltr'>con-</span> 
     </span>
     <span class='ocr_line' id='line_1_42' title="bbox 294 2368 1650 2426; baseline -0.003 -15"><span class='ocrx_word' id='word_1_286' title='bbox 294 2373 402 2413; x_wconf 85' lang='lat' dir='ltr'>sules</span> <span class='ocrx_word' id='word_1_287' title='bbox 429 2373 542 2426; x_wconf 85' lang='lat' dir='ltr'>passi</span> <span class='ocrx_word' id='word_1_288' title='bbox 567 2373 853 2420; x_wconf 73' lang='lat' dir='ltr'>decreverunt,</span> <span class='ocrx_word' id='word_1_289' title='bbox 880 2378 923 2410; x_wconf 89' lang='lat' dir='ltr'>ut</span> <span class='ocrx_word' id='word_1_290' title='bbox 944 2370 1134 2411; x_wconf 86' lang='lat' dir='ltr'>eonsules</span> <span class='ocrx_word' id='word_1_291' title='bbox 1156 2369 1419 2423; x_wconf 83' lang='lat' dir='ltr'>magistratus</span> <span class='ocrx_word' id='word_1_292' title='bbox 1440 2368 1650 2420; x_wconf 89' lang='lat' dir='ltr'>denosque</span> 
     </span>
     <span class='ocr_line' id='line_1_43' title="bbox 294 2428 1652 2488; baseline -0.004 -15"><span class='ocrx_word' id='word_1_293' title='bbox 294 2434 497 2488; x_wconf 87' lang='lat' dir='ltr'>principes</span> <span class='ocrx_word' id='word_1_294' title='bbox 522 2434 698 2488; x_wconf 88' lang='lat' dir='ltr'>Nepete,</span> <span class='ocrx_word' id='word_1_295' title='bbox 728 2432 886 2481; x_wconf 84' lang='lat' dir='ltr'>Sutrio,</span> <span class='ocrx_word' id='word_1_296' title='bbox 913 2431 1073 2480; x_wconf 89' lang='lat' dir='ltr'>Ardea,</span> <span class='ocrx_word' id='word_1_297' title='bbox 1101 2430 1292 2479; x_wconf 83' lang='lat' dir='ltr'>Calibus,</span> <span class='ocrx_word' id='word_1_298' title='bbox 1319 2429 1448 2478; x_wconf 85' lang='lat' dir='ltr'>Alba,</span> <span class='ocrx_word' id='word_1_299' title='bbox 1477 2428 1652 2470; x_wconf 88' lang='lat' dir='ltr'>Carseo-</span> 
     </span>
     <span class='ocr_line' id='line_1_44' title="bbox 295 2491 1651 2544; baseline -0.003 -10"><span class='ocrx_word' id='word_1_300' title='bbox 295 2495 363 2543; x_wconf 88' lang='lat' dir='ltr'>lis,</span> <span class='ocrx_word' id='word_1_301' title='bbox 393 2495 520 2544; x_wconf 84' lang='lat' dir='ltr'>Cora,</span> <span class='ocrx_word' id='word_1_302' title='bbox 557 2495 733 2544; x_wconf 84' lang='lat' dir='ltr'>Suessa,</span> <span class='ocrx_word' id='word_1_303' title='bbox 768 2494 900 2543; x_wconf 84' lang='lat' dir='ltr'>Setia,</span> <span class='ocrx_word' id='word_1_304' title='bbox 935 2493 1134 2542; x_wconf 88' lang='lat' dir='ltr'>Cerceiis,</span> <span class='ocrx_word' id='word_1_305' title='bbox 1161 2492 1332 2540; x_wconf 86' lang='lat' dir='ltr'>Narnia,</span> <span class='ocrx_word' id='word_1_306' title='bbox 1358 2491 1595 2531; x_wconf 86' lang='lat' dir='ltr'>Interamna</span> <span class='ocrx_word' id='word_1_307' title='bbox 1618 2515 1651 2518; x_wconf 97' lang='lat'><strong>—</strong></span> 
     </span>
     <span class='ocr_line' id='line_1_45' title="bbox 296 2552 1651 2610; baseline -0.003 -15"><span class='ocrx_word' id='word_1_308' title='bbox 296 2556 371 2596; x_wconf 87' lang='lat' dir='ltr'>hae</span> <span class='ocrx_word' id='word_1_309' title='bbox 396 2572 573 2610; x_wconf 87' lang='lat' dir='ltr'>namque</span> <span class='ocrx_word' id='word_1_310' title='bbox 599 2557 782 2599; x_wconf 82' lang='lat' dir='ltr'>coloniae</span> <span class='ocrx_word' id='word_1_311' title='bbox 807 2557 850 2597; x_wconf 90' lang='lat' dir='ltr'>in</span> <span class='ocrx_word' id='word_1_312' title='bbox 869 2571 918 2597; x_wconf 83' lang='lat' dir='ltr'>ea</span> <span class='ocrx_word' id='word_1_313' title='bbox 937 2571 1063 2597; x_wconf 80' lang='lat' dir='ltr'>eausa</span> <span class='ocrx_word' id='word_1_314' title='bbox 1082 2561 1239 2596; x_wconf 91' lang='lat' dir='ltr'>erant—</span> <span class='ocrx_word' id='word_1_315' title='bbox 1253 2554 1431 2594; x_wconf 83' lang='lat' dir='ltr'>Romam</span> <span class='ocrx_word' id='word_1_316' title='bbox 1452 2552 1651 2600; x_wconf 84' lang='lat' dir='ltr'>excirem3</span> 
     </span>
     <span class='ocr_line' id='line_1_46' title="bbox 297 2612 1652 2672; baseline -0.004 -15"><span class='ocrx_word' id='word_1_317' title='bbox 297 2618 345 2657; x_wconf 88' lang='lat' dir='ltr'>iis</span> <span class='ocrx_word' id='word_1_318' title='bbox 371 2619 635 2672; x_wconf 83' lang='lat' dir='ltr'>imperarent,</span> <span class='ocrx_word' id='word_1_319' title='bbox 668 2625 868 2672; x_wconf 84' lang='lat' dir='ltr'>quantum</span> <span class='ocrx_word' id='word_1_320' title='bbox 893 2631 1080 2671; x_wconf 89' lang='lat' dir='ltr'>quaeque</span> <span class='ocrx_word' id='word_1_321' title='bbox 1107 2631 1249 2657; x_wconf 88' lang='lat' dir='ltr'>earum</span> <span class='ocrx_word' id='word_1_322' title='bbox 1274 2615 1523 2656; x_wconf 88' lang='lat' dir='ltr'>coloniarum</span> <span class='ocrx_word' id='word_1_323' title='bbox 1549 2612 1652 2652; x_wconf 88' lang='lat' dir='ltr'>mili-</span> 
     </span>
     <span class='ocr_line' id='line_1_47' title="bbox 297 2674 1651 2734; baseline -0.005 -15"><span class='ocrx_word' id='word_1_324' title='bbox 297 2686 383 2719; x_wconf 91' lang='lat' dir='ltr'>tum</span> <span class='ocrx_word' id='word_1_325' title='bbox 414 2680 650 2733; x_wconf 85' lang='lat' dir='ltr'>plurumum</span> <span class='ocrx_word' id='word_1_326' title='bbox 681 2680 863 2721; x_wconf 84' lang='lat' dir='ltr'>dedisset</span> <span class='ocrx_word' id='word_1_327' title='bbox 893 2679 1046 2734; x_wconf 89' lang='lat' dir='ltr'>populo</span> <span class='ocrx_word' id='word_1_328' title='bbox 1075 2678 1281 2726; x_wconf 83' lang='lat' dir='ltr'>Romano,</span> <span class='ocrx_word' id='word_1_329' title='bbox 1321 2691 1372 2716; x_wconf 87' lang='lat' dir='ltr'>ex</span> <span class='ocrx_word' id='word_1_330' title='bbox 1402 2690 1483 2728; x_wconf 93' lang='lat' dir='ltr'>quo</span> <span class='ocrx_word' id='word_1_331' title='bbox 1513 2674 1651 2714; x_wconf 86' lang='lat' dir='ltr'>hostes</span> 
     </span>
    </p>
   </div>
  </div>
 </body>
</html>
