1815 3184
465 242 621 277 LIBER
643 243 831 288 XXVIII,
855 243 887 276 2.
905 242 937 277 3.
966 244 1015 287 [a.
1030 241 1068 277 c.
1081 242 1164 286 207]
1408 233 1492 276 385

146 347 378 403 effugerunt
387 364 398 398 3
423 348 591 396 Hanno,
618 346 720 389 alter
737 347 971 402 imperator,
997 360 1092 388 cum
1110 346 1184 397 eis,
1210 346 1279 401 qui
1291 346 1490 402 postremi

144 411 226 452 iam
250 411 467 467 profligato
491 410 647 466 proelio
673 410 942 460 advenerant,
967 409 1087 451 vivus
1113 409 1285 465 capitur.
1337 409 1490 465 Mago-

144 489 240 527 nem
275 474 503 528 fugientem
533 472 737 526 equitatus
768 473 898 514 ferme
928 473 1061 514 omnis
1093 480 1134 513 et
1163 472 1275 526 quod
1305 478 1491 513 veterum

143 536 329 590 peditum
354 543 441 576 erat
465 535 595 576 secuti
619 535 778 576 decimo
804 535 869 575 die
893 534 936 575 in
962 533 1213 576 Gaditanam
1235 533 1490 590 provinciam

144 598 197 638 ad
220 597 530 639 Hasdrubalem
553 604 847 652 pervenerunt,
875 595 1092 646 Celtiberi,
1122 611 1256 638 novus
1280 596 1417 646 miles,
1447 596 1490 636 in

142 660 352 715 proximas
378 660 526 715 dilapsi
551 660 677 700 silvas
702 659 797 700 inde
823 660 967 700 domos
993 659 1257 714 diffugerunt.
1418 715 1422 719 Ι

226 722 542 777 Peropportuna
577 721 748 762 victoria
782 735 1043 774 nequaquam
1079 728 1238 761 tantum
1273 720 1357 761 iam
1390 734 1488 762 con-

141 783 285 824 flatum
309 784 481 833 bellum,
515 791 669 837 quanta
692 783 819 824 futuri
842 783 1015 824 materia
1038 783 1154 833 belli,
1185 783 1220 824 si
1244 782 1428 824 licuisset
1450 785 1486 824 is

143 845 446 888 Celtiberorum
482 853 605 900 gente
641 845 775 886 excita
810 852 852 886 et
887 846 989 886 alios
1027 845 1079 886 ad
1115 861 1229 886 arma
1269 845 1488 887 sollicitare

140 908 335 962 populos,
362 922 562 962 oppressa
586 914 685 947 erat.
721 906 860 959 itaque
880 907 1125 948 conlaudato
1144 907 1322 962 benigne
1345 906 1487 949 Silano

143 969 283 1024 Scipio
309 984 425 1024 spem
451 968 701 1017 debellandi,
729 968 763 1008 si
787 968 888 1008 nihil
913 983 1005 1009 eam
1028 968 1118 1023 ipse
1144 969 1374 1010 cunctando
1399 984 1487 1011 mo-

139 1039 252 1071 ratus
284 1039 412 1079 esset,
448 1037 642 1078 nanctus,
681 1030 733 1070 ad
761 1029 804 1069 id
835 1030 945 1082 quod
973 1030 1174 1070 relicuum
1201 1030 1300 1071 belli
1329 1038 1417 1070 erat
1445 1031 1487 1071 in

138 1092 325 1133 ultimam
348 1091 598 1146 Hispaniam
623 1091 822 1132 adversus
848 1092 1158 1133 Hasdrubalem
1181 1091 1330 1147 pergit.
1377 1092 1487 1133 Poe-

138 1168 215 1194 nus
241 1168 335 1194 cum
360 1162 495 1193 castra
519 1162 606 1194 tum
631 1153 736 1193 forte
763 1153 815 1193 ad
840 1153 1045 1194 sociorum
1071 1154 1229 1195 animos
1254 1154 1297 1194 in
1314 1154 1488 1195 Baetica

138 1215 406 1256 continendos
431 1215 473 1255 in
497 1215 579 1256 fide
604 1214 793 1264 haberet,
820 1214 950 1270 signis
973 1223 1144 1270 repente
1170 1215 1342 1257 sublatis
1362 1216 1487 1271 fugae

136 1278 268 1333 magis
295 1292 418 1331 quam
442 1278 597 1319 itineris
623 1278 746 1319 modo
771 1278 935 1333 penitus
962 1279 1014 1319 ad
1040 1279 1258 1320 Oceanum
1288 1286 1328 1320 et,
1354 1278 1486 1320 Gadis

136 1340 260 1381 ducit.
298 1347 491 1390 ceterum,
519 1341 655 1394 quoad
674 1340 944 1382 continuisset
963 1342 1201 1391 exercitum,
1226 1341 1486 1397 propositum

135 1402 244 1443 bello
271 1417 314 1443 se
339 1403 427 1444 fore
450 1410 584 1452 ratus,
611 1410 831 1457 antequam
856 1403 961 1445 freto
983 1403 1114 1445 Gadis
1135 1403 1342 1453 traiceret,
1369 1419 1486 1445 exer-

137 1464 262 1504 citum
292 1479 456 1505 omnem
484 1465 642 1520 passim
671 1465 713 1506 in
744 1466 930 1507 civitates
964 1466 1120 1517 divisit,
1151 1474 1197 1508 ut
1221 1474 1262 1507 et
1285 1466 1412 1508 muris
1439 1481 1483 1508 se

135 1526 215 1581 ipsi
240 1533 280 1566 et
304 1526 427 1567 armis
453 1542 592 1567 muros
618 1534 858 1569 tutarentur.

218 1588 300 1628 HI.
350 1587 510 1643 Scipio,
535 1589 606 1630 ubi
631 1589 921 1631 animadvertit
945 1590 1192 1645 dissipatum
1215 1591 1374 1646 passim
1398 1591 1485 1632 bel-

135 1649 221 1690 lum
252 1658 292 1691 et
316 1650 577 1692 circumferre
603 1651 655 1692 ad
681 1651 864 1706 singulas
891 1653 1014 1693 urbes
1041 1668 1155 1694 arma
1180 1653 1326 1693 diutini
1349 1653 1484 1708 magis

136 1727 260 1765 quam
289 1713 430 1767 magni
460 1728 552 1753 esse
584 1713 738 1768 operis,
775 1722 884 1755 retro
914 1715 1036 1755 vertit
1064 1715 1154 1756 iter.
1212 1730 1264 1756 ne
1294 1715 1483 1757 hostibus

135 1781 273 1815 tamen
304 1789 395 1816 eam
424 1775 672 1828 relinqueret
701 1776 931 1831 regionem,
964 1777 1017 1817 L.
1045 1776 1285 1832 Scipionem
1314 1778 1484 1818 fratrem

135 1851 229 1877 cum
264 1837 407 1878 decem
442 1837 607 1878 milibus
644 1839 829 1893 peditum
864 1839 975 1880 mille
1012 1839 1215 1892 equitum,
1264 1840 1317 1881 ad
1352 1855 1483 1895 oppu-

133 1898 342 1953 gnandam
378 1899 734 1954 opulentissimam
769 1900 812 1941 in
846 1900 896 1941 iis
927 1900 1029 1941 locis
1060 1901 1206 1942 urbem
1229 1927 1264 1932 —
1288 1901 1481 1956 Orongin

132 1961 295 2001 barbari
322 1961 586 2016 appellabant
609 1987 643 1992 —
666 1962 801 2003 mittit.
864 1963 942 2004 sita
971 1963 1014 2004 in
1037 1963 1304 2004 BIaesessum
1328 1964 1479 2005 finibus

133 2031 213 2072 est,
246 2023 461 2079 Hispanae
486 2024 640 2079 gentis,
673 2040 771 2080 ager
797 2025 990 2080 frugifer,
1023 2034 1240 2081 argentum
1265 2026 1389 2067 etiam
1419 2026 1482 2066 in-

133 2084 246 2125 colae
277 2085 450 2127 fodiunt.
510 2101 559 2127 ea
590 2102 662 2127 arx
693 2088 827 2128 fuerat
850 2088 1108 2128 Hasdrubali
1138 2088 1191 2129 ad
1215 2088 1481 2129 excursiones

132 2146 241 2187 circa
280 2148 601 2189 mediterraneos
642 2149 818 2204 populos
862 2149 1087 2191 faciendas.
1149 2149 1290 2205 Scipio
1333 2150 1478 2191 castris

130 2223 259 2263 prope
300 2210 445 2250 urbem
485 2210 631 2265 positis
673 2211 916 2266 priusquam
958 2212 1286 2253 circumvallaret
1320 2213 1479 2262 urbem,

130 2270 242 2310 misit
267 2270 319 2311 ad
342 2280 482 2326 portas
508 2273 577 2325 qui
601 2287 653 2313 ex
676 2273 907 2328 propinquo
929 2274 1106 2328 alloquio
1127 2274 1285 2315 animos
1305 2282 1480 2329 tempta-

129 2339 221 2372 rent
246 2333 565 2387 suaderentque,
590 2343 635 2374 ut
654 2335 875 2376 amicitiam
898 2336 1035 2391 potius
1062 2351 1186 2390 quam
1211 2336 1295 2377 vim
1319 2336 1479 2391 experi-

128 2401 269 2434 rentur
282 2395 576 2437 Romanorum.
619 2396 689 2437 ubi
712 2397 813 2438 nihil
838 2398 974 2452 pacati
997 2399 1337 2453 respondebatur,
1364 2399 1479 2440 fossa

129 2456 363 2511 duplicique
394 2459 502 2500 vallo
535 2458 787 2501 circumdata
810 2461 911 2501 urbe
935 2460 978 2500 in
1003 2461 1075 2502 tris
1101 2461 1229 2516 partis
1255 2460 1479 2506 exercitum

129 2518 292 2569 dividit,
318 2529 363 2560 ut
386 2535 469 2561 una
493 2536 656 2576 semper
679 2537 776 2577 pars
802 2521 950 2575 quietis
974 2522 1138 2563 interim
1163 2523 1322 2564 duabus
1348 2538 1478 2578 oppu-

127 2588 286 2635 gnaret.
334 2582 467 2637 prima
483 2598 579 2638 pars
602 2598 695 2624 cum
716 2584 861 2625 adorta
878 2599 1119 2640 oppugnare
1139 2591 1220 2634 est,
1241 2596 1358 2626 atrox
1378 2600 1476 2626 sane

128 2651 169 2683 et
199 2658 351 2699 anceps
376 2645 577 2700 proelium
603 2646 699 2688 fuit:
730 2662 814 2688 non
839 2647 995 2697 subire,
1026 2661 1110 2688 non
1134 2647 1267 2688 scalas
1292 2647 1400 2688 ferre
1424 2647 1477 2688 ad

127 2719 266 2747 muros
290 2721 390 2761 prae
414 2707 688 2750 incidentibus
715 2708 806 2750 telis
832 2708 952 2750 facile
971 2715 1077 2759 erat3
1103 2709 1226 2751 etiam
1246 2708 1316 2763 qui
1334 2723 1475 2751 erexe-

194 2773 259 2801 Livi
278 2774 332 2800 vol.
348 2772 382 2801 11.
1206 2775 1251 2809 25

1515 423 1555 454 12

1513 735 1554 765 13

1515 921 1556 951 14

1514 1107 1554 1137 15

1513 1355 1552 1385 16

1512 1605 1525 1634 1

1509 1727 1528 1756 2

1506 1977 1525 2006 3

1505 2164 1526 2193 4

1503 2412 1522 2442 5

1502 2599 1521 2628 6

1501 2723 1518 2752 7
