1815 3184
329 257 411 298 194
615 261 768 296 LIBER
793 261 962 305 xxnn,
987 261 1041 294 29.
1060 260 1114 294 30.
1143 262 1190 303 [a.
1205 271 1238 294 u.
1255 261 1380 305 c.54()]

325 382 464 409 secum
495 364 660 406 foedere
695 364 849 406 bellum
877 364 1088 405 Romanos
1120 378 1214 404 cum
1242 364 1293 404 iis
1324 370 1513 418 gesturos
1544 381 1677 420 neque

325 443 415 469 sese
441 427 653 468 defuturos
680 427 717 467 ei
742 426 866 475 bello,
904 425 961 466 ita
990 432 1035 466 ut
1064 426 1106 466 in
1130 431 1376 479 potestatem
1400 426 1555 466 redacti
1579 442 1677 468 suae

323 504 464 530 rursus
491 488 662 529 dicionis
689 494 843 537 essent,
871 487 976 528 sicut
999 502 1081 541 pax
1106 487 1377 528 convenisset.

281 567 295 595 1
406 550 563 591 XXX.
623 549 846 591 Marcellus
889 564 984 590 cum
1025 549 1136 589 omni
1172 549 1353 590 exercitu
1393 549 1602 603 profectus
1636 550 1678 590 in

321 612 575 659 Leontinos,
624 610 764 665 Appio
800 625 963 664 quoque
1006 610 1159 660 accito,
1208 616 1253 651 ut
1284 610 1411 651 altera
1451 617 1566 665 parte
1608 612 1678 651 ad-

322 674 577 728 grederetur,
616 679 728 713 tanto
765 673 909 713 ardore
946 671 1121 712 militum
1157 679 1220 713 est
1255 685 1355 713 usus
1393 672 1444 712 ab
1480 672 1540 714 ira
1575 672 1679 713 inter

323 735 584 775 condiciones
614 735 728 789 pacis
760 734 998 774 interfectae
1030 734 1237 782 stationis,
1280 741 1325 774 ut
1355 734 1486 788 primo
1522 734 1678 788 impetu

281 809 299 839 2
323 797 467 838 urbem
499 804 794 851 expugnarent.
854 796 1132 850 Hippocrates
1169 804 1291 849 atque
1320 796 1530 850 Epicydes
1567 803 1679 850 post-

323 873 446 912 quam
472 859 562 912 capi
587 873 725 898 muros
751 858 1003 912 refringique
1028 864 1166 912 portas
1191 858 1347 906 videre,
1374 858 1415 897 in
1434 872 1569 898 arcem
1589 872 1679 899 sese

323 934 415 960 cum
452 920 595 973 paucis
631 934 840 974 recepere,
889 920 983 960 indc
1021 919 1124 959 clam
1160 926 1279 960 nocte
1315 918 1554 960 Herbesum
1588 933 1680 973 per-

280 994 298 1023 3
322 981 498 1036 fugiunt.
540 980 813 1036 Syracusanis
840 989 931 1022 octo
956 981 1113 1021 milium
1133 988 1382 1022 armatorum
1407 981 1570 1035 agmine
1588 995 1680 1035 pro-

323 1043 442 1083 sectis
480 1043 601 1084 domo
639 1046 689 1084 ad
719 1043 866 1098 Mylan
897 1044 1050 1084 flumen
1078 1044 1246 1085 nuntius
1283 1044 1474 1092 occurrit,
1518 1051 1678 1098 captam

278 1119 295 1147 4
324 1104 468 1145 urbem
495 1120 603 1153 esse,
634 1113 767 1146 cetera
791 1106 896 1146 falsa
922 1106 1049 1145 mixta
1073 1106 1180 1146 veris
1206 1106 1361 1146 ferens:
1394 1105 1562 1146 caedem
1586 1120 1679 1159 pro-

323 1167 523 1206 miscuam
560 1166 735 1207 militum
770 1174 891 1220 atque
928 1167 1226 1220 oppidanorum
1267 1166 1418 1207 factam
1453 1181 1529 1207 nec
1565 1167 1678 1219 quic-

322 1242 446 1280 quam
470 1227 672 1281 puberum
698 1228 882 1268 arbitrari
908 1242 1136 1282 superesse,
1163 1226 1363 1282 direptam
1387 1227 1544 1277 urbem,
1570 1227 1678 1269 bona

279 1304 298 1332 5
322 1288 587 1343 locupletium
624 1289 784 1330 donata.
845 1290 897 1330 ad
932 1289 1119 1329 nuntium
1157 1296 1241 1330 tam
1277 1296 1457 1330 atrocem
1499 1290 1676 1330 constitit

323 1365 490 1404 agmen,
518 1350 811 1403 concitatisque
837 1350 1026 1391 omnibus
1054 1351 1179 1391 duces
1204 1375 1235 1378 —
1262 1358 1375 1391 erant
1400 1361 1537 1391 autem
1560 1349 1677 1392 Sosis

280 1427 298 1455 6
325 1427 371 1452 ac
397 1411 650 1452 Dinomenes
675 1437 708 1440 —
733 1412 831 1465 quid
856 1419 1024 1466 agerent
1049 1411 1346 1452 consultabant.
1397 1412 1560 1452 terroris
1587 1427 1678 1466 spe-

323 1474 426 1514 ciem
451 1473 549 1513 haut
579 1488 728 1513 vanam
758 1473 972 1513 mendacio
1002 1471 1274 1526 praebuerant
1304 1471 1507 1513 verberati
1537 1487 1585 1513 ac
1615 1487 1678 1514 se-

279 1549 295 1577 7
323 1535 408 1574 curi
433 1534 619 1588 percussi
644 1534 882 1588 transfugac
908 1534 961 1573 ad
985 1533 1066 1573 duo
1092 1533 1205 1574 milia
1228 1533 1460 1583 hominum3
1498 1540 1676 1574 ceterum

322 1597 622 1637 Leontinorum
677 1597 933 1649 militumque
987 1595 1160 1636 aliorum
1207 1611 1328 1637 nemo
1375 1603 1469 1651 post
1517 1603 1678 1651 captam

320 1659 463 1699 urbem
483 1659 657 1699 violatus
677 1659 827 1707 fuerat,
855 1673 1009 1712 suaque
1036 1658 1172 1699 onmia
1191 1658 1268 1707 eis,
1294 1659 1373 1700 nisi
1393 1673 1497 1712 quae
1522 1659 1677 1713 primus

277 1732 295 1762 S
322 1720 519 1761 tumultus
547 1727 690 1774 captae
716 1719 827 1761 urbis
854 1719 1129 1769 absumscrat,
1155 1719 1485 1761 restituebantur.
1534 1734 1609 1761 nec
1634 1728 1678 1761 ut

320 1782 549 1823 Leontinos
586 1782 707 1831 irent,
745 1782 928 1836 proditos
965 1782 1018 1823 ad
1048 1782 1216 1822 caedem
1247 1782 1543 1823 commilitones
1580 1796 1678 1835 que-

320 1851 479 1894 rentes,
529 1844 700 1899 pcrpelli
740 1852 909 1898 potuere
950 1859 1025 1884 nco
1067 1851 1111 1884 ut
1153 1844 1296 1884 eodem
1338 1844 1429 1885 loco
1466 1845 1677 1885 certiorem

277 1917 294 1946 9
321 1907 509 1947 nuntium
551 1914 847 1960 exspectarent.
919 1921 1013 1947 cum
1054 1907 1107 1947 ad
1147 1906 1419 1947 defectionem
1461 1906 1676 1947 inclinatos

321 1963 478 2004 animos
505 1970 715 2003 cernerent
740 1969 966 2017 praetores,
1005 1970 1066 2003 set
1097 1977 1191 2003 eum
1216 1969 1373 2003 motum
1397 1962 1497 2003 haut
1521 1963 1678 2003 diutur-

320 2040 420 2064 num
456 2024 562 2073 fore,
601 2025 635 2065 si
672 2025 796 2065 duces
834 2024 1036 2065 amentiae
1076 2024 1226 2065 sublati
1262 2032 1417 2074 essent,
1455 2024 1676 2065 exercitum

256 2103 296 2131 10
321 2086 475 2127 ducunt
505 2085 741 2141 Megaram,
783 2087 863 2140 ipsi
894 2101 988 2127 cum
1022 2086 1164 2140 paucis
1201 2085 1407 2139 equitibus
1438 2085 1676 2127 Herbesum

321 2148 634 2202 proficiscuntur
664 2162 735 2202 spe
766 2148 914 2188 territis
946 2147 1135 2188 omnibus
1166 2162 1239 2201 per
1267 2147 1539 2202 proditionem
1564 2146 1676 2188 urbis

259 2226 293 2254 11
321 2210 554 2263 potiundae.
615 2210 727 2262 quod
756 2209 828 2250 ubi
858 2210 1010 2250 frustra
1041 2209 1099 2250 eis
1125 2209 1202 2249 fuit
1226 2209 1451 2264 inceptum,
1488 2209 1529 2249 vi
1553 2223 1677 2264 agen-

321 2271 419 2311 dum
443 2271 520 2312 rati
543 2280 707 2326 postero
733 2271 798 2312 (lie
812 2271 996 2326 Megaris
1018 2278 1151 2312 castra
1172 2279 1355 2321 movent,
1381 2278 1425 2311 ut
1439 2270 1676 2313 Herbesum

257 2348 295 2377 12
323 2332 512 2374 omnibus
549 2333 677 2387 copiis
715 2340 1012 2388 oppugnarent.
1073 2333 1350 2388 Hippocrates
1387 2340 1427 2374 et
1450 2333 1674 2387 Epicydes,

322 2409 403 2435 non
430 2402 512 2435 tam
538 2401 671 2435 tutum
688 2395 823 2449 prima
842 2395 976 2449 specie
996 2410 1119 2448 quam
1138 2410 1265 2435 unum
1287 2410 1358 2449 spe
1383 2395 1564 2448 undique
1584 2393 1677 2435 abs—

323 2456 406 2496 cisa
426 2456 641 2497 consilium
662 2470 752 2497 esse
772 2456 866 2505 rati,
893 2464 938 2497 ut
958 2472 1000 2497 se
1020 2456 1217 2497 militibus
1238 2457 1517 2511 permitterent
1542 2462 1581 2497 et
1605 2456 1677 2496 ad-

324 2517 449 2557 suetis
475 2533 626 2572 magna
651 2532 702 2558 ex
726 2524 841 2572 parte
873 2518 951 2558 sibi
981 2525 1020 2558 et
1050 2525 1138 2558 tum
1167 2518 1279 2558 fama
1309 2518 1446 2559 caedis
1478 2517 1676 2558 commili-

258 2594 297 2623 13
323 2584 464 2618 tonum
495 2579 699 2627 accensis,
737 2578 901 2619 obviam
932 2579 1087 2633 agmini
1116 2579 1355 2633 procedunt.
1414 2579 1546 2634 prima
1570 2578 1674 2619 forte

325 2639 442 2692 signa
479 2647 764 2680 sexcentorum
803 2639 1064 2681 Cretensium
1100 2647 1230 2690 erant,
1280 2641 1350 2694 qui
1391 2647 1490 2694 aput
1524 2639 1674 2680 Hiero-

324 2714 493 2751 nymum
513 2707 745 2741 meruerant
771 2701 847 2741 sub
873 2701 931 2741 eis
957 2708 996 2741 et
1009 2701 1256 2742 Hannibalis
1281 2701 1524 2742 beneficium
1549 2698 1673 2739 habe-
