1815 3184
449 241 601 277 LissER
626 241 795 286 XXIIII,
820 241 874 275 47.
888 240 943 275 48.
972 243 1020 284 [a.
1036 240 1074 275 e.
1088 240 1170 284 213]
1408 230 1488 271 211

134 346 244 387 mille
274 345 479 395 homines,
516 345 616 385 nihil
646 351 856 399 praeterea
885 358 978 385 cum
1009 343 1176 385 consule
1205 343 1332 397 pacti,
1369 357 1493 396 quam

134 414 180 448 ut
211 408 298 448 sine
328 407 472 448 fraude
496 406 703 447 Punicum
734 406 986 447 emitteretur
1015 404 1282 459 praesidium,
1321 404 1374 444 ad
1398 418 1494 444 con-

136 469 267 510 sulem
292 468 585 509 transtulerunt
610 468 739 522 signa.
779 465 1190 521 Carthaginiensibus
1216 472 1356 520 portae
1381 472 1495 519 pate-

135 531 268 571 factae
294 531 514 583 emissique
545 545 638 571 cum
668 530 748 570 fide
779 529 1005 570 incolumes
1037 529 1089 569 ad
1113 527 1392 568 Hannibalem
1419 525 1496 568 Sa-

134 592 287 646 lapiam
327 598 538 633 venerunt.
609 591 715 645 Arpi
758 591 845 631 sine
887 591 1002 631 clade
1044 590 1167 630 ullius
1209 596 1496 643 praeterquam

136 654 256 695 unius
288 655 435 695 veteris
466 654 702 709 proditoris,
739 653 835 694 novi
865 652 1082 707 perfugae,
1119 651 1295 693 restituti
1331 651 1383 692 ad
1413 651 1497 692 Ro-

136 730 292 756 manos.
352 715 553 770 Hispanis
591 714 770 768 duplicia
805 714 959 755 cibaria
996 713 1084 754 dari
1119 713 1249 762 iussa,
1292 727 1496 767 operaque

137 790 276 817 eorum
301 777 397 818 forti
422 792 470 817 ac
494 777 605 817 fideli
628 790 826 830 persaepe
851 790 915 815 res
942 775 1107 829 publica
1131 790 1208 814 usa
1232 781 1307 815 est.

224 838 332 879 Cum
364 839 506 879 consul
537 839 638 879 alter
667 839 707 878 in
739 837 911 891 Apulia,
949 837 1051 877 alter
1079 837 1122 876 in
1153 836 1338 877 Lucanis
1375 843 1495 886 esset,

138 901 295 953 equites
329 907 493 941 centum
529 900 746 940 duodecim
782 898 939 939 nobiles
973 897 1176 951 Campani
1211 912 1283 951 per
1319 898 1498 952 speciem

137 962 360 1015 praedandi
385 976 435 1001 ex
453 961 633 1001 hostium
658 975 757 1015 agro
781 959 985 1013 permissu
1010 959 1326 1013 magistratuum
1350 959 1401 1000 ab
1418 959 1499 1000 Ca-

137 1037 221 1077 pua
256 1022 428 1076 profeeti
464 1022 516 1062 ad
551 1028 685 1062 eastra
715 1020 921 1069 Romana,
959 1034 1064 1072 quae
1101 1035 1224 1073 super
1255 1019 1499 1061 Suessulam

137 1091 268 1132 erant,
295 1089 510 1131 venerunt,
538 1082 702 1123 stationi
726 1082 900 1121 militum
921 1081 991 1134 qui
1010 1088 1148 1121 essent
1166 1081 1375 1121 dixerunt:
1404 1095 1500 1121 con-

135 1144 248 1197 loqui
274 1150 363 1184 sese
389 1158 482 1183 cum
506 1150 694 1197 praetore
724 1142 842 1183 velle.
904 1141 982 1183 Cn.
1008 1142 1181 1183 Fulvius
1213 1142 1357 1182 castris
1382 1157 1500 1196 prae-

136 1211 238 1253 erat;
282 1204 348 1244 cui
373 1204 443 1245 ubi
473 1204 705 1245 nuntiatum
737 1210 817 1253 est,
855 1203 999 1245 decem
1024 1218 1075 1244 ex
1106 1217 1154 1243 eo
1178 1217 1349 1244 numero
1375 1203 1498 1243 iussis

136 1265 360 1307 inermibus
391 1266 539 1306 deduci
569 1266 621 1306 ad
653 1281 716 1315 se,
758 1265 830 1307 ubi
865 1279 971 1318 quae
1002 1265 1257 1319 postularent
1287 1265 1444 1305 audivit
1467 1289 1501 1293 —

136 1327 237 1367 nihil
262 1333 397 1368 autem
423 1327 533 1368 aliud
557 1327 770 1382 petebant,
808 1342 932 1380 quam
963 1333 1007 1367 ut
1033 1326 1180 1380 Capua
1204 1334 1368 1380 recepta
1392 1325 1501 1367 bona

138 1388 217 1429 sibi
241 1388 610 1442 1·estituei·e11tu1·†,
642 1389 684 1429 iu
708 1389 831 1429 fidem
857 1403 998 1430 omnes
1024 1388 1193 1442 accepti.
1231 1394 1272 1429 et
1295 1388 1347 1429 ab
1373 1387 1499 1428 altero

138 1456 323 1504 praetore
362 1449 608 1504 Sempronio
645 1451 852 1491 Tuditano
895 1450 1093 1504 oppidum
1134 1449 1330 1490 Atrinum
1373 1464 1500 1504 expu-

139 1518 322 1566 gnatum.
382 1512 557 1566 amplius
590 1520 747 1566 septem
779 1512 890 1552 milia
919 1512 1131 1553 hominum
1168 1518 1288 1566 capta
1319 1517 1358 1552 et
1394 1511 1498 1551 aeris

140 1574 379 1628 argentique
405 1574 555 1628 signati
579 1574 846 1627 aliquantum.

224 1636 382 1677 Romae
413 1636 581 1677 foedum
611 1637 846 1677 incendium
882 1651 955 1690 per
990 1636 1092 1676 duas
1129 1641 1271 1676 noctes
1308 1648 1356 1675 ac
1391 1634 1499 1674 diem

140 1713 268 1738 unum
294 1698 440 1747 tenuit3
478 1698 565 1739 solo
590 1705 763 1751 aequata
788 1698 925 1738 omnia
954 1697 1058 1737 inter
1092 1696 1242 1737 salinas
1269 1709 1316 1736 ac
1340 1701 1499 1749 portam

142 1759 447 1801 Carmentalem
494 1774 588 1801 cum
634 1759 923 1813 Aequimaelio
976 1758 1225 1813 Iugarioque
1272 1757 1375 1797 vico.
1458 1757 1500 1796 in

141 1821 303 1875 templis
328 1821 535 1862 Fortunae
566 1836 613 1862 ac
643 1822 784 1862 matris
811 1821 998 1861 Matutae
1023 1826 1063 1860 et
1095 1817 1236 1874 [Spei]
1263 1825 1378 1860 extra
1406 1833 1501 1873 por-

141 1889 225 1923 tam
250 1882 329 1923 late
354 1890 528 1937 vagatus
554 1883 661 1938 ignis
689 1898 805 1924 saera
828 1882 1083 1937 profanaque
1108 1881 1237 1921 multa
1261 1880 1475 1921 absumsit.

224 1943 542 1986 XXXXVIH.
602 1945 764 1986 Eodem
789 1958 896 1985 anno
922 1943 970 1984 P.
998 1950 1037 1984 et
1062 1942 1139 1984 Cn.
1168 1941 1368 1991 Cornelii,
1407 1956 1499 1982 cum

140 2006 183 2046 in
207 2005 413 2060 Hispania
436 2021 501 2047 res
526 2021 746 2061 prosperae
772 2012 911 2047 essent
935 2005 1167 2058 multosque
1193 2010 1232 2045 et
1258 2010 1413 2044 veteres
1438 2017 1501 2043 re-

142 2067 322 2121 ciperent
357 2068 490 2109 socios
526 2075 565 2109 et
600 2083 729 2109 novos
766 2068 992 2115 adicerent,
1035 2067 1078 2107 in
1112 2065 1302 2106 Africam
1337 2078 1500 2118 quoque

143 2142 258 2182 spem
284 2129 563 2170 extenderunt.
625 2128 800 2184 Syphax
825 2136 910 2170 erat
939 2143 1011 2169 rex
1035 2127 1325 2175 Numidarum,
1364 2125 1500 2166 subito

144 2190 555 2245 Carthaginiensibus
580 2191 712 2232 hostis
738 2191 891 2232 factus:
929 2191 982 2231 ad
1012 2204 1106 2230 eum
1137 2188 1393 2230 centuriones
1419 2193 1500 2227 tres

142 2252 298 2306 legatos
334 2252 551 2302 miserunt,
600 2253 672 2306 qui
708 2268 802 2294 eum
839 2268 887 2293 eo
924 2252 1146 2293 amicitiam
1183 2250 1501 2302 societatemque

142 2314 323 2354 facerent
358 2320 398 2354 et
431 2314 737 2368 pollicerentur,
787 2314 822 2355 si
856 2320 1137 2368 perseveraret
1176 2325 1351 2366 urguere
1393 2310 1501 2351 bello

144 2374 524 2430 Carthaginienses,
556 2383 715 2431 gratam
741 2391 832 2417 eam
856 2390 942 2416 rem
967 2375 1055 2416 fore
1082 2374 1241 2416 senatui
1265 2372 1500 2427 populoque

142 2437 349 2487 Romano,
387 2444 426 2479 et
450 2439 684 2488 adnisuros,
716 2445 761 2479 ut
783 2439 826 2478 in
851 2444 1033 2492 tempore
1059 2443 1099 2477 et
1122 2436 1227 2478 bene
1252 2435 1501 2476 cumulatam

142 2500 317 2554 gratiam
340 2500 530 2542 referant.
591 2507 709 2557 grata
733 2515 781 2541 ea
804 2500 954 2555 legatio
979 2499 1155 2541 barbaro
1177 2498 1274 2548 suit,
1311 2497 1501 2538 conlocu-

142 2569 289 2615 tusque
320 2577 414 2604 cum
446 2564 591 2618 legatis
622 2564 673 2605 de
703 2563 858 2604 ratione
889 2562 984 2603 belli
1013 2561 1205 2617 gerundi,
1244 2566 1288 2600 ut
1317 2565 1499 2600 veterum

142 2624 318 2664 militum
342 2625 467 2667 verba
486 2625 658 2675 audivit,
685 2638 809 2678 quam
827 2624 1046 2665 multarum
1066 2637 1202 2664 rerum
1219 2621 1308 2675 ipse
1332 2621 1499 2675 ignarus

142 2693 268 2736 esset,
307 2702 357 2728 ex
388 2687 676 2742 conparatione
706 2692 790 2727 tam
821 2685 1029 2726 ordinatae
1055 2684 1294 2738 disciplinae
1319 2682 1499 2722 animum

1196 2747 1274 2781 14*

1524 601 1563 630 10

1524 726 1560 754 11

1529 1155 1565 1184 13

1528 1402 1567 1431 14

1528 1649 1567 1677 15

1528 1772 1566 1801 16
