1815 3184
475 237 628 273 LIBER
652 237 839 281 xxviii,
865 237 919 273 37.
937 236 991 271 38.
1020 236 1216 280 [a.e.206]
1438 227 1522 269 425

171 342 456 397 magistratus,
494 356 588 382 cum
619 347 835 394 quaestore
867 340 1003 380 elicuit
1032 340 1313 393 laceratosque
1344 340 1524 381 verberi-

172 404 248 445 bus
275 404 386 444 cruci
411 403 535 457 adfigi
559 403 696 452 iussit3
722 403 815 443 inde
840 402 1013 443 navibus
1040 403 1091 443 ad
1110 403 1326 457 Pityusam
1345 403 1523 444 insulam

172 473 336 506 centum
361 465 472 505 milia
497 465 625 505 ferme
651 480 674 504 a
699 466 920 505 continenti
939 489 972 493 —
989 464 1121 505 Poeni
1146 471 1231 505 tum
1258 480 1347 505 eam
1372 465 1524 506 incole—

171 526 270 567 bant
299 551 332 555 —
363 526 531 567 traiecit.
591 526 727 578 itaque
765 526 908 567 classis
946 526 1054 567 bona
1090 541 1183 567 cum
1218 541 1318 580 pace
1356 534 1523 582 accepta

172 595 233 629 est
257 602 332 629 nec
358 595 609 629 commeatus
635 588 756 628 modo
783 588 957 642 benigne
976 588 1167 642 praebiti,
1196 589 1268 629 sed
1293 589 1334 629 in
1361 590 1524 644 supple-

171 656 353 690 mentum
386 650 508 690 classi
540 650 730 690 iuventus
768 664 961 703 armaque
998 650 1105 690 data.
1165 665 1338 703 quorum
1374 651 1523 692 fiducia

170 713 337 753 Poenus
363 713 405 752 in
429 713 614 753 Baliares
640 713 795 753 insulas
820 738 853 742 -
877 713 1173 767 quinquaginta
1197 714 1291 754 inde
1316 714 1428 754 milia
1452 714 1524 755 ab-

172 783 267 815 sunt
290 799 324 803 —
349 775 533 815 tramisit.
583 775 686 815 duae
713 781 807 814 sunt
826 774 1011 815 Baliares
1036 775 1212 816 insulae:
1244 776 1373 816 maior
1398 776 1522 817 altera

171 842 292 889 atque
318 837 549 890 opulentior
573 836 695 877 armis
715 837 893 889 virisque
915 843 954 877 et
972 843 1134 890 portum
1156 837 1295 886 habet,
1325 837 1393 878 ubi
1413 853 1523 879 com-

172 899 291 938 mode
317 898 624 939 hibernaturum
652 913 695 938 se
713 922 746 926 —
764 904 803 938 et
827 899 908 938 iam
935 905 1162 939 extremum
1188 900 1373 940 autumni
1393 906 1523 940 crat-—

171 959 374 1000 credebat.
435 965 613 1000 ceterum
640 959 749 999 haud
775 973 912 1007 secus,
939 974 1062 1012 quam
1088 960 1123 1000 si
1146 960 1323 1001 Romani
1348 976 1437 1001 eam
1462 961 1523 1001 in-

172 1021 302 1060 sulam
328 1020 568 1068 incolerent,
596 1020 796 1060 hostiliter
820 1020 942 1061 classi
967 1035 1182 1062 occursum
1208 1028 1281 1062 est.
1319 1022 1457 1063 fundis
1478 1030 1523 1062 ut

168 1097 277 1122 nunc
301 1082 541 1135 plurimum,
574 1082 629 1121 ita
654 1088 739 1121 tum
766 1082 852 1121 solo
878 1096 926 1122 eo
951 1082 1030 1122 telo
1056 1083 1285 1132 utebantur,
1311 1098 1385 1123 nec
1412 1085 1523 1136 quis-

168 1157 291 1196 quam
322 1143 487 1182 alterius
518 1143 652 1196 gentis
685 1158 789 1183 unus
822 1149 978 1183 tantum
1011 1158 1059 1184 ea
1083 1151 1168 1184 arte
1193 1152 1389 1197 quantum
1416 1146 1521 1186 inter

168 1204 268 1244 alios
295 1218 436 1244 omnes
463 1204 648 1244 Baliares
675 1204 890 1244 excellunt.
950 1204 1088 1257 itaque
1113 1212 1226 1246 tanta
1252 1206 1312 1246 vis
1337 1206 1520 1260 lapidum

168 1264 435 1306 creberrimae
466 1265 676 1320 grandinis
705 1266 827 1306 modo
852 1266 893 1306 in
918 1267 1259 1320 propinquantem
1284 1268 1365 1308 iam
1392 1274 1521 1309 terrae

168 1326 342 1367 classem
368 1327 500 1367 effusa
525 1336 604 1376 est,
638 1334 681 1368 ut
706 1328 854 1368 intrare
879 1335 1040 1382 portum
1067 1343 1149 1369 non
1174 1329 1264 1369 ausi
1294 1336 1522 1370 averterent

166 1388 209 1428 in
233 1388 360 1428 altum
385 1404 523 1429 naves.
578 1389 620 1429 in
645 1390 844 1430 minorem
869 1390 963 1430 inde
988 1390 1214 1431 Baliarium
1238 1391 1415 1432 insulam
1440 1399 1520 1432 tra-

166 1450 366 1498 iecerunt,
398 1449 572 1490 fertilem
599 1466 715 1505 agro,
743 1452 858 1501 viris,
892 1452 1014 1493 armis
1039 1452 1151 1493 haud
1175 1467 1303 1506 acque
1329 1454 1518 1494 validam.

167 1511 304 1563 itaque
335 1512 492 1565 egressi
521 1513 696 1554 navibus
729 1528 851 1567 super
881 1520 1044 1567 portum
1074 1514 1163 1554 loco
1195 1515 1350 1555 munito
1385 1515 1520 1556 locant
1546 1534 1550 1544 ⁴

167 1579 300 1612 castra
331 1587 378 1613 ac
404 1573 489 1612 sine
516 1575 734 1614 certamine
758 1574 859 1615 urbe
886 1589 1067 1629 agroque
1091 1576 1225 1629 potiti,
1260 1576 1420 1617 duobus
1446 1577 1521 1617 mi-

167 1633 273 1673 libus
301 1633 560 1674 auxiliarium
584 1635 678 1675 inde
705 1636 944 1690 conscriptis
971 1637 1190 1690 missisque
1211 1636 1518 1693 Carthaginem,

167 1695 219 1734 ad
255 1694 554 1736 hibernandum
590 1712 717 1737 naves
755 1697 1050 1739 subduxerunt.
1110 1706 1205 1753 post
1235 1699 1430 1754 Magonis
1468 1700 1519 1741 ab

167 1758 308 1798 oceani
334 1773 404 1798 ora
429 1758 656 1799 discessum
685 1758 880 1800 Gaditani
903 1760 1102 1801 Romanis
1129 1762 1342 1802 deduntur.

250 1819 520 1860 XXXVIII.
592 1821 710 1861 Haec
747 1822 787 1861 in
824 1822 1028 1876 Hispania
1064 1823 1111 1863 P.
1152 1822 1356 1878 Scipionis
1394 1824 1519 1865 ductu

167 1881 432 1935 auspicioque
458 1889 587 1937 gesta.
637 1884 724 1937 ipse
744 1885 796 1924 L.
818 1885 999 1925 Lentulo
1026 1892 1064 1925 et
1088 1886 1141 1926 L.
1162 1885 1321 1927 Manlio
1340 1885 1519 1926 Acidino

166 1944 376 1996 provincia
407 1945 555 1985 tradita
586 1945 726 1985 decem
758 1946 932 1987 navibus
958 1946 1136 1988 Romam
1161 1948 1280 1988 rediit
1305 1954 1344 1988 et
1375 1954 1519 1988 senatu

167 2011 280 2045 extra
306 2005 448 2046 urbem
475 2007 575 2047 dato-
595 2007 636 2046 in
662 2008 761 2047 aede
786 2008 1002 2057 Bellonae,
1029 2023 1131 2062 quas
1156 2024 1221 2050 res
1246 2010 1288 2050 in
1313 2010 1519 2064 Hispania

165 2066 382 2120 gessisset,
420 2068 631 2117 disseruit,
674 2069 860 2121 quotiens
899 2070 1027 2124 signis
1064 2071 1234 2112 conlatis
1271 2071 1518 2119 dimicasset,

166 2135 265 2181 quot
296 2129 446 2182 oppida
477 2145 528 2170 ex
559 2130 746 2171 hostibus
778 2131 818 2171 vi
850 2133 1043 2186 cepisset,
1078 2147 1180 2186 quas
1212 2140 1356 2188 gentes
1388 2133 1430 2173 in
1461 2133 1520 2173 di-

166 2189 324 2230 cionem
360 2191 502 2244 populi
533 2192 711 2232 Romani
741 2193 985 2247 redegisset:
1022 2195 1219 2235 adversus
1251 2200 1443 2247 quattuor
1475 2209 1517 2235 se

165 2251 441 2304 imperatores,
469 2259 660 2305 quattuor
678 2254 852 2295 victores
874 2255 1075 2296 exercitus
1095 2256 1138 2296 in
1157 2256 1403 2310 Hispaniam
1423 2256 1517 2305 isse,

165 2313 370 2353 neminem
398 2313 783 2369 Carthaginiensem
808 2317 849 2356 in
873 2317 923 2357 iis
949 2317 1064 2358 terris
1089 2318 1316 2371 reliquisse.
1367 2317 1418 2358 ob
1443 2317 1517 2358 has

164 2389 229 2414 res
261 2382 400 2428 gestas
432 2377 563 2430 magis
597 2384 794 2431 temptata
819 2385 879 2418 est
905 2379 1099 2433 triumphi
1125 2395 1218 2433 spes
1245 2394 1368 2433 quam
1392 2379 1519 2433 petita

164 2437 433 2490 pertinaciter,
461 2439 556 2490 quia
580 2440 784 2480 neminem
810 2441 862 2481 ad
887 2455 977 2481 eam
1002 2442 1110 2482 diem
1130 2442 1422 2496 triumphasse,
1448 2442 1517 2494 qui

165 2499 252 2538 sine
289 2499 534 2553 magistratu
568 2515 634 2541 res
670 2502 888 2557 gessisset,
927 2503 1153 2544 constabat.
1215 2512 1359 2544 senatu
1390 2503 1517 2543 misso

164 2559 307 2600 urbem
338 2568 399 2601 est
430 2561 641 2615 ingressus
673 2564 912 2617 argentique
942 2579 1040 2618 prae
1066 2579 1109 2606 se
1134 2565 1176 2605 in
1201 2565 1403 2606 aerarium
1428 2564 1518 2604 tulit

163 2621 305 2662 decem
338 2630 530 2676 quattuor
560 2624 671 2666 milia
700 2626 838 2680 pondo
869 2632 1050 2668 trecenta
1074 2627 1345 2682 quadraginta
1370 2627 1451 2667 duo
1476 2633 1516 2667 et

165 2683 314 2738 signati
338 2686 498 2740 argenti
522 2702 720 2741 magnum
745 2696 972 2728 numerum.

1547 417 1566 445 3

1547 540 1567 569 4

1549 788 1567 816 5

1548 1220 1564 1248 *1

1548 1715 1587 1743 10

1545 1962 1563 1989 N.

1545 2206 1563 2235 02
