1815 3184
555 228 710 262 LIBER
735 228 902 272 xxvn,
929 228 959 261 2.
981 228 1011 262 3.
1040 230 1089 271 [a.
1104 226 1142 262 e.
1157 227 1239 271 210]
1489 217 1571 258 325

304 331 362 372 II.
422 330 646 372 Marcellus
689 331 788 371 nihil
830 331 1052 372 admodum
1094 338 1206 372 tanta
1247 330 1362 372 clade
1409 330 1570 371 territus
1599 343 1614 372 1

220 393 362 433 litteris
388 393 565 433 Romam
596 393 648 432 ad
679 399 866 433 senatum
897 393 946 432 de
978 393 1082 433 duee
1113 399 1152 432 et
1177 392 1358 433 exercitu
1388 392 1440 433 ad
1464 391 1574 431 Her-

220 455 394 495 doneam
429 454 581 495 amisso
620 454 782 494 scribit:
831 461 1011 495 ceterum
1047 454 1222 494 eundem
1259 469 1326 502 se,
1375 454 1445 507 qui
1480 459 1573 508 post
1598 466 1616 496 2

221 516 484 557 Cannensem
519 531 702 570 pugnam
738 515 917 556 ferocem
952 516 1121 556 victoria
1156 512 1435 556 Hannibalem
1477 530 1575 556 con-

220 578 415 626 tudisset,
466 578 523 618 ire
554 578 750 618 adversus
783 592 900 625 eum,
937 577 1104 618 brevem
1134 577 1193 617 illi
1222 577 1443 626 laetitiam,
1492 591 1574 630 qua

220 639 391 688 exultet,
429 639 646 679 facturum.
696 646 735 679 et
760 639 917 679 Romae
947 639 1113 691 quidem
1144 653 1237 679 cum
1267 639 1400 679 luctus
1427 638 1572 692 ingens
1599 652 1617 681 3

220 715 271 740 ex
306 700 544 754 praeterito,
593 707 679 740 tum
716 700 836 740 timor
870 700 913 740 in
948 700 1132 740 futurum
1169 707 1265 740 erat.
1339 700 1481 740 consul
1522 714 1573 740 ex
1599 713 1617 742 4

222 760 391 802 Samnio
417 762 458 801 in
483 762 678 802 Lucanos
705 768 985 816 transgressus
1012 762 1063 801 ad
1081 761 1388 802 Numistronem
1412 761 1452 801 in
1478 776 1575 801 con-

219 830 362 877 spectu
376 822 623 863 Hannibalis
648 822 738 862 loco
763 822 904 876 plano,
931 837 1024 862 cum
1044 822 1210 864 Poenus
1236 823 1381 863 collem
1406 829 1572 871 teneret,

217 885 354 938 posuit
390 891 534 924 castra.
595 883 750 923 addidit
788 890 829 924 et
864 883 984 923 aliam
1021 883 1184 924 fidentis
1223 885 1420 938 speciem,
1464 884 1574 937 quod
1599 899 1618 927 5

216 946 326 1000 prior
350 946 392 985 in
417 946 547 985 aciem
572 945 730 994 eduxit3
757 959 832 985 nec
857 945 1099 985 detractavit
1123 945 1353 994 Hannibal,
1386 953 1431 986 ut
1456 947 1574 1000 signa

216 1007 344 1059 portis
381 1006 516 1046 efferri
552 1006 665 1045 vidit.
736 1006 793 1046 ita
834 1012 971 1046 tamen
1007 1007 1136 1047 aciem
1178 1007 1479 1055 instruxerunt,
1530 1014 1574 1047 ut

215 1067 381 1107 Poenus
413 1067 602 1107 dextrum
633 1081 759 1106 cornu
790 1066 831 1106 in
862 1067 1007 1107 collem
1039 1068 1231 1122 erigeret,
1268 1068 1446 1108 Romani
1477 1068 1574 1108 sini-

215 1135 345 1168 strum
376 1128 428 1168 ad
459 1128 655 1180 oppidum
693 1127 956 1181 adplicarent.
1029 1128 1080 1169 ab
1111 1129 1212 1169 hora
1242 1129 1361 1169 tertia
1397 1144 1490 1169 cum
1521 1129 1573 1169 ad
1600 1144 1617 1173 6

214 1195 378 1229 noctem
402 1203 584 1242 pugnam
611 1189 891 1229 extendissent
921 1189 1139 1242 fessaeque
1169 1191 1393 1245 pugnando
1418 1191 1573 1244 primae

217 1250 325 1290 acies
352 1257 487 1291 essent
512 1274 546 1278 —
576 1249 627 1290 ab
653 1250 850 1291 Romanis
876 1251 1007 1304 prima
1033 1251 1141 1306 legio
1167 1262 1206 1292 et
1231 1252 1375 1292 dextra
1400 1252 1481 1301 ala,
1520 1252 1571 1293 ab

214 1311 452 1352 Hannibale
478 1311 657 1365 Hispani
683 1311 832 1352 milites
859 1319 897 1352 ct
927 1312 1108 1354 funditor
1132 1313 1327 1363 Baliaris,
1366 1313 1573 1367 elephanti

214 1388 377 1426 quoque
409 1373 629 1414 commisso
660 1373 743 1413 iam
775 1374 993 1416 certamine
1024 1374 1065 1414 in
1096 1375 1297 1429 proelium
1323 1376 1464 1425 acti-,
1502 1376 1572 1416 diu

213 1450 354 1489 pugna
372 1441 515 1475 neutro
534 1434 729 1475 inclinata
749 1436 869 1476 stetit.
907 1436 1062 1490 primae
1082 1437 1234 1491 legioni
1254 1437 1383 1487 tertia,
1404 1438 1570 1478 dextrae
1598 1453 1615 1481 7

214 1497 302 1537 alae
329 1496 491 1537 sinistra
517 1496 659 1546 subiit,
687 1504 726 1537 et
750 1497 860 1551 apud
884 1497 1014 1538 hostis
1035 1498 1184 1553 integri
1203 1514 1226 1539 a
1245 1498 1367 1540 fessis
1387 1514 1571 1556 pugnam

214 1573 420 1613 accepere.
481 1574 635 1600 novum
660 1566 782 1612 atque
807 1567 924 1600 atrox
948 1560 1149 1614 proelium
1175 1575 1226 1601 ex
1251 1568 1335 1601 tam
1367 1562 1484 1615 segni
1508 1576 1571 1602 re-
1597 1576 1615 1605 8

213 1631 334 1675 pente
372 1621 523 1662 exarsit
558 1621 790 1662 recentibus
828 1622 976 1662 animis
1014 1623 1353 1676 corporibusque,
1393 1630 1453 1664 set
1489 1639 1572 1663 nox

213 1684 367 1723 incerta
398 1682 567 1722 victoria
603 1683 765 1722 diremit
801 1683 1037 1737 pugnantis.
1096 1691 1261 1738 postero
1298 1685 1363 1725 die
1394 1685 1572 1725 Romani
1598 1700 1616 1729 9

214 1744 265 1785 ab
303 1744 387 1784 sole
419 1750 506 1784 orto
543 1744 585 1784 in
620 1744 794 1784 multum
831 1745 912 1785 diei
944 1752 1090 1786 stetere
1121 1746 1163 1785 in
1194 1746 1298 1786 acie:
1347 1746 1419 1787 ubi
1449 1761 1571 1787 nemo

213 1806 393 1846 hostium
436 1806 633 1846 adversus
675 1806 849 1859 prodiit,
899 1806 1030 1860 spolia
1068 1822 1143 1861 per
1184 1808 1311 1848 otium
1353 1808 1490 1863 legere
1532 1815 1572 1849 et

213 1874 431 1921 congestos
463 1868 506 1907 in
541 1882 669 1907 unum
705 1867 841 1908 locum
873 1882 1105 1909 cremavere
1138 1884 1247 1911 suos.
1308 1878 1426 1910 nocte
1463 1871 1571 1911 inse·
1600 1885 1638 1914 10

213 1930 354 1982 quenti
379 1929 591 1970 Hannibal
624 1930 784 1970 silentio
816 1930 942 1970 movit
974 1938 1124 1981 castra,
1162 1932 1204 1972 in
1228 1931 1426 1987 Apuliam
1458 1933 1569 1973 abiit.

212 1990 456 2039 Marcellus,
494 1991 565 2031 ubi
594 1991 666 2031 lux
697 1992 840 2046 fugam
872 1991 1052 2032 hostium
1085 1993 1261 2047 aperuit,
1300 1995 1449 2035 sauciis
1476 2010 1569 2035 cum

212 2053 416 2105 praesidio
442 2053 604 2093 modico
628 2052 894 2093 Numistrone
925 2053 1075 2095 relictis
1100 2055 1416 2109 praepositoque
1441 2056 1490 2096 iis
1515 2057 1569 2097 L.

212 2113 338 2154 Furio
364 2114 621 2168 Purpurione
647 2114 809 2155 tribuno
835 2115 1028 2164 militum,
1058 2117 1242 2171 vestigiis
1267 2117 1414 2158 institit
1440 2118 1569 2170 sequi.

214 2175 266 2214 ad
291 2174 519 2215 Venusiam
544 2176 717 2230 adeptus
744 2191 839 2216 eum
864 2183 937 2217 est.
986 2177 1043 2217 ibi
1067 2192 1140 2232 per
1165 2178 1251 2218 dies
1278 2178 1449 2231 aliquot,
1477 2193 1570 2220 cum
1599 2195 1634 2222 11

214 2235 265 2275 ab
299 2237 541 2278 stationibus
574 2245 901 2291 procursaretur,
939 2239 1068 2279 mixta
1098 2240 1280 2293 equitum
1305 2240 1570 2294 peditumque

214 2298 465 2339 tumultuosa
489 2299 622 2353 magis
647 2299 803 2353 proelia
830 2299 973 2354 [quam
998 2316 1170 2356 magna,
1209 2308 1247 2342 et
1272 2302 1401 2342 ferme
1432 2303 1570 2343 omnia

232 2360 411 2400 {omanis
438 2362 618 2401 secunda
642 2362 819 2402 fuerunt.
879 2363 973 2403 inde
998 2378 1071 2417 per
1095 2364 1292 2418 Apuliam
1318 2364 1429 2405 ducti
1455 2378 1569 2405 exer-
1598 2379 1635 2408 12

213 2422 317 2461 citus
345 2423 432 2463 sine
458 2423 540 2464 ullo
559 2425 823 2465 memorando
845 2425 1083 2474 certamine,
1111 2440 1204 2467 cu1n
1218 2426 1429 2467 Hannibal
1449 2434 1568 2467 noete

213 2484 332 2538 signa
367 2492 567 2534 moveret,
604 2486 741 2527 locum
777 2486 936 2528 insidiis
973 2502 1192 2540 quaerens,
1230 2487 1453 2529 Marcellus
1489 2488 1569 2529 nisi

213 2552 322 2586 certa
346 2546 437 2587 luce
463 2554 502 2587 et
528 2548 737 2602 explorato
763 2555 855 2589 ante
882 2564 963 2589 non
989 2557 1238 2602 sequeretur.

294 2608 376 2650 HI.
438 2608 607 2664 Capuae
642 2611 804 2651 interim
834 2612 1009 2654 Flaccus
1047 2612 1145 2652 dum
1181 2612 1299 2653 bonis
1336 2613 1605 2668 principum]

213 2670 459 2721 vendendis,
509 2687 609 2727 agro
652 2672 721 2726 qui
763 2673 995 2728 publicatus
1038 2682 1122 2715 erat
1163 2675 1336 2716 locando
1361 2699 1393 2703 ψ-
1416 2675 1566 2716 locavit
