1815 3184
512 237 666 273 LIBER
689 238 837 283 XXVI,
862 238 917 272 30.
936 237 990 271 31.
1019 239 1067 280 [a.
1084 236 1122 270 C.
1137 237 1219 280 210]
1467 226 1550 267 299

192 349 331 398 pertus
356 342 576 397 potuisset,
604 348 791 383 auctores
812 340 1050 381 traditarum
1068 338 1369 394 Syracusarum
1387 338 1550 380 fabrum

193 405 392 445 aerarium
421 402 560 446 Sosim
591 410 631 444 et
654 403 886 444 Moericum
917 402 1154 456 Hispanum
1192 416 1314 455 quam
1345 401 1549 455 principes

195 465 550 520 Syracusanorum
571 465 735 514 habere,
756 464 903 506 totiens
922 464 965 504 id
984 464 1234 516 nequiquam
1252 463 1358 504 ultro
1379 462 1552 504 offeren-

193 528 257 577 tis,
279 534 558 582 praeoptasse,
580 542 662 581 quo
683 526 837 568 scilicet
851 526 1018 566 iustiore
1039 526 1089 566 de
1109 540 1234 566 causa
1247 525 1550 566 vetustissimos

194 589 328 630 socios
354 589 495 643 populi
514 589 691 629 Romani
717 588 936 629 trucidaret
961 602 1008 628 ac
1033 587 1238 642 diriperet.
1289 587 1322 628 si
1347 602 1429 628 non
1448 586 1551 627 Hie-

191 666 390 706 ronymus
428 651 480 691 ad
510 650 790 691 Hannibalem
827 649 1064 698 defecisset,
1103 649 1175 690 sed
1210 649 1388 703 populus
1427 647 1552 702 Syra-

195 727 374 753 cusanus
401 719 440 753 et
466 720 645 760 senatus,
673 712 707 752 si
731 718 871 766 portas
897 711 1097 752 Marcello
1114 709 1366 765 Syracusani
1388 710 1552 765 publice

194 783 231 815 et
257 789 339 815 non
363 775 570 829 oppressis
606 773 878 828 Syracusanis
910 773 1072 828 tyranni
1104 788 1243 813 60111111
1274 773 1552 827 Hippocrates

194 848 233 877 et
247 836 456 891 Epicydes
477 837 739 885 clausissent,
761 836 795 877 si
810 836 1214 890 Carthaginiensium
1234 835 1380 876 animis
1399 835 1551 876 bellum

194 913 287 939 cum
324 898 476 953 populo
502 899 690 939 Romano
727 898 973 952 gessissent,
1011 897 1110 950 quid
1147 898 1252 938 ultra
1287 912 1410 950 quam
1441 897 1551 950 quod

193 961 353 1010 fecerit,
391 961 469 1001 nisi
502 968 545 1001 ut
575 961 728 1001 deleret
755 959 1004 1014 SyracusaS,
1042 959 1177 1000 facere
1207 959 1408 1000 hostiliter
1438 959 1553 1000 Mar-

194 1023 342 1063 cellum
373 1022 583 1076 potuisse?
631 1028 738 1062 certe
770 1028 931 1075 praeter
961 1021 1122 1061 moenia
1153 1027 1192 1061 et
1222 1027 1328 1061 tecta
1353 1020 1554 1061 exhausta

193 1084 304 1124 urbis
331 1098 378 1124 ac
402 1084 577 1124 refracta
608 1098 655 1123 ac
688 1083 861 1137 spoliata
891 1082 1014 1122 deum
1045 1081 1233 1130 delubra,
1271 1082 1334 1122 dis
1360 1082 1460 1136 ipsis
1487 1097 1551 1122 or-

192 1146 477 1198 namentisque
503 1160 642 1185 eorum
669 1144 834 1193 ablatis,
862 1144 962 1184 nihil
986 1144 1174 1184 relictum
1203 1142 1421 1198 Syracusis
1448 1158 1551 1184 esse.

192 1207 301 1248 bona
325 1221 489 1260 quoque
514 1207 651 1247 multis
678 1207 889 1260 adempta,
916 1206 972 1246 ita
998 1213 1112 1246 utne
1133 1205 1244 1246 nudo
1263 1206 1430 1259 quidem
1450 1206 1550 1255 solo,

190 1269 372 1323 reliquiis
410 1269 593 1323 direptae
630 1269 838 1318 fortunae,
877 1268 985 1309 alere
1023 1282 1115 1308 sese
1151 1282 1199 1308 ac
1236 1283 1332 1309 suos
1370 1274 1551 1322 possent.

192 1346 306 1372 orare
328 1346 370 1372 se
389 1338 525 1385 patres
552 1331 824 1386 conscriptos,
852 1338 912 1380 ut,
941 1331 976 1371 si
994 1337 1199 1384 nequeant
1225 1331 1380 1380 omnia,
1409 1330 1554 1371 saltem

193 1408 297 1446 quae
335 1400 597 1447 compareant
634 1393 911 1448 cognoscique
948 1392 1127 1447 possint,
1176 1392 1335 1433 restitui
1377 1392 1552 1433 dominis

193 1454 373 1495 iubeant.
424 1454 520 1495 talia
545 1462 793 1508 conquestos
820 1469 913 1495 cum
935 1454 1132 1495 excedere
1159 1469 1210 1495 ex
1235 1454 1406 1508 templo,
1432 1461 1478 1494 ut
1502 1454 1552 1494 de

194 1515 409 1570 postulatis
446 1530 587 1556 eorum
624 1524 760 1571 patres
798 1516 957 1557 consuli
993 1522 1178 1571 possent,
1221 1516 1434 1557 Laevinus
1471 1515 1556 1556 ius-

196 1578 334 1626 sisset,
363 1578 601 1627 ‘maneant,’
628 1579 759 1632 inquit
782 1578 1026 1628 Marcellus,
1062 1583 1124 1619 ‘ut
1149 1593 1287 1619 coram
1311 1579 1360 1619 iis
1386 1593 1555 1633 respon-

195 1640 332 1688 deam,
359 1640 524 1693 quando
550 1654 598 1681 ea
623 1640 862 1681 condicione
886 1654 960 1694 pro
986 1640 1122 1689 vobis,
1154 1648 1291 1694 patres
1318 1640 1551 1694 conscripti,

195 1701 302 1742 bella
342 1702 523 1756 gerimus
533 1733 543 1751 ,
592 1709 637 1742 ut
675 1702 803 1743 victos
847 1702 970 1743 armis
1013 1709 1272 1743 accusatores
1310 1701 1549 1743 habeamus.

195 1764 300 1803 duae
325 1771 469 1817 captae
495 1764 571 1804 hoc
597 1779 704 1804 anno
730 1763 865 1813 urbes,
895 1763 1041 1819 Capua
1060 1763 1255 1804 Fulvium
1279 1778 1413 1813 1611111,
1439 1763 1555 1804 Mar-

195 1825 342 1865 cellum
371 1824 603 1879 Syracusae
628 1826 837 1867 habeant'.

278 1887 459 1928 XXXI.
519 1888 717 1929 Reductis
743 1889 784 1929 in
810 1888 963 1929 curiam
988 1887 1134 1942 legatis
1162 1895 1249 1928 tum
1274 1888 1418 1929 consul
1451 1891 1553 1929 ‘non

195 1950 298 1991 adeo
323 1950 566 1992 maiestatis’
596 1951 728 2005 inquit
760 1951 919 2005 ‘populi
950 1950 1128 1991 Romani
1158 1951 1399 2005 imperiique
1429 1950 1552 1992 huius

196 2012 346 2053 oblitus
373 2028 483 2062 sum,
509 2020 646 2067 patres
674 2013 912 2067 conscripti,
939 2020 1001 2062 ut,
1029 2012 1063 2053 si
1088 2012 1138 2053 de
1163 2028 1255 2054 11160
1281 2012 1448 2053 6111111116
1468 2028 1554 2053 am-

196 2074 421 2128 bigeretur,
459 2076 602 2116 consul
640 2076 823 2116 dicturus
861 2090 1026 2115 causam
1064 2074 1353 2116 accusantibus
1381 2073 1553 2116 Graecis

196 2135 355 2176 fuerim.
406 2137 477 2177 sed
502 2152 583 2177 non
609 2137 707 2190 quid
733 2152 809 2191 ego
829 2136 996 2177 fecerim
1020 2136 1060 2176 in
1082 2137 1411 2189 disquisitionem
1431 2137 1553 2185 venit,

196 2213 319 2250 quam
345 2198 443 2250 quid
467 2198 534 2239 isti
558 2200 643 2254 pati
668 2199 894 2240 debuerint.
949 2199 1019 2251 qui
1045 2198 1080 2239 si
1104 2214 1186 2239 non
1210 2198 1376 2239 fuerunt
1400 2198 1553 2248 hostes,

196 2259 296 2299 nihil
332 2260 522 2309 interest,
571 2276 681 2301 nunc
716 2276 769 2302 an
804 2261 898 2302 vivo
934 2260 1116 2301 Hierone
1157 2259 1387 2315 Syracusas
1430 2260 1555 2301 viola-

196 2321 336 2361 verim.
376 2321 438 2362 sin
463 2330 599 2363 autem
625 2323 885 2363 desciverunt
906 2321 948 2377 [a
967 2323 1118 2377 populo
1137 2322 1338 2372 Romano,
1366 2322 1553 2364 hostibus

197 2382 460 2438 aperuerunt]
488 2390 645 2438 portas,
683 2385 842 2439 legatos
869 2392 1030 2425 nostros
1055 2384 1163 2425 ferro
1189 2391 1311 2438 atque
1337 2384 1459 2425 armis
1485 2399 1556 2439 pe-

197 2446 364 2494 tierunt,
403 2446 547 2487 urbem
572 2462 618 2487 ac
645 2447 806 2488 moenia
831 2447 1065 2488 clauserunt
1090 2447 1353 2500 exercituque
1380 2446 1554 2488 Cartha-

196 2507 445 2562 giniensium
482 2509 681 2550 adversus
719 2524 794 2550 nos
832 2509 950 2549 tutati
987 2516 1100 2558 sunt,
1151 2509 1242 2562 quis
1278 2524 1425 2563 passos
1462 2524 1554 2550 esse

195 2571 377 2620 hostilia,
406 2586 499 2612 cum
526 2572 714 2622 fecerint,
746 2572 1006 2627 indignatur?
1053 2572 1249 2613 tradentis
1275 2571 1420 2613 urbem
1444 2572 1555 2626 prin-

195 2633 306 2687 cipes
335 2632 689 2688 Syracusanorum
716 2641 927 2675 aversatus
954 2650 1064 2675 sum:
1093 2633 1231 2675 Sosim
1258 2641 1297 2675 et
1321 2633 1552 2675 Moericum

194 2693 450 2750 Hispanum,
471 2696 621 2750 quibus
643 2704 797 2738 tantam
818 2697 1026 2738 crederem
1049 2695 1194 2752 [rem],
1214 2696 1393 2751 potiores
1413 2696 1551 2737 habui.

1582 1220 1621 1248 10

1583 1469 1619 1497 ll

1582 1592 1621 1621 12

1580 2151 1598 2179 [Ο

1581 2336 1597 2350 Ο

1581 2350 1599 2364 ι)

1579 2585 1599 2615 4
