1815 3184
321 230 405 271 412
610 234 764 269 LIBER
787 210 974 278 xxvm,
1001 235 1124 269 ease.
1153 237 1202 278 [a.
1216 246 1250 268 u.
1266 246 1294 269 c.
1308 235 1391 278 548]

319 356 368 381 ea
397 340 598 379 relaturos
631 338 683 377 ad
707 338 999 392 imperatorem
1027 336 1354 391 respondebant:
1390 337 1534 377 laetari
1564 337 1675 390 quod

317 401 419 441 nihil
444 399 600 440 tristius
626 413 704 439 nec
722 399 992 439 insanabilius
1013 406 1143 448 esset,
1169 406 1210 439 et
1226 398 1276 439 P.
1294 397 1533 452 Scipionem
1553 399 1676 439 desim

320 461 573 516 benignitate
600 469 640 501 et
664 475 752 501 rem
776 461 986 515 publicam
1010 475 1103 501 esse
1127 460 1284 515 gratiae
1308 461 1564 506 referendae.

275 537 295 567 8
407 523 647 578 Scipionem
682 523 802 563 bellis
836 523 1072 571 adsuetum,
1111 523 1164 562 ad
1196 522 1444 563 seditionum
1474 521 1676 577 procellas

317 586 482 634 rudem,
511 585 732 626 sollicitum
757 585 938 625 habebat
960 599 1047 633 res,
1073 599 1124 625 ne
1151 592 1221 624 aut
1240 584 1444 625 exercitus
1464 584 1677 639 peccando

275 663 292 691 9
321 656 391 688 aut
419 647 510 701 ipse
543 647 751 702 puniendo
782 647 953 688 modum
982 647 1212 687 excederet.
1272 646 1315 686 in
1343 639 1597 701 praesentia,
1633 652 1680 686 ut

320 709 544 764 coepisset,
582 709 728 749 leniter
754 709 821 763 agi
845 708 999 763 placuit
1025 717 1066 749 et
1090 709 1228 749 missis
1256 708 1364 748 eirea
1390 707 1677 763 stipendiarias

319 771 505 811 civitates
544 771 805 811 exactoribus
848 770 1027 825 stipendi
1064 785 1181 824 spem
1216 770 1492 825 propinquam
1528 769 1678 810 facere.

253 847 294 876 10
319 832 499 873 edietum
531 832 705 872 subinde
739 831 1046 886 [pro]positum,
1094 842 1140 872 ut
1171 832 1224 872 ad
1260 831 1512 885 stipendium
1535 838 1680 886 peten-

320 894 418 933 dum
455 893 722 935 convenirent
749 892 1066 948 Carthaginem,
1106 908 1179 933 scu
1219 893 1393 948 carptim
1428 901 1567 948 partes
1606 906 1680 932 seu

254 970 292 998 11
319 956 503 997 universi
545 956 727 996 mallent.
811 956 1075 1008 tranquillam
1118 955 1363 996 seditionem
1400 970 1474 1009 per
1511 969 1556 995 se
1591 954 1680 994 lan-

319 1026 590 1072 guescentem
637 1017 854 1072 repentina
902 1018 1019 1070 quies
1067 1017 1357 1057 rebellantium
1392 1017 1679 1071 Hispanorum

320 1080 430 1120 fecit.
490 1079 698 1120 redierant
722 1079 832 1119 enim
856 1079 898 1119 in
927 1079 1021 1119 finis
1048 1079 1202 1119 omisso
1233 1079 1399 1132 incepto
1425 1077 1678 1118 BIandonius

255 1155 294 1184 12
321 1149 362 1182 et
385 1141 595 1189 Indibilis,
621 1148 845 1195 postquam
870 1140 1009 1180 vivere
1036 1139 1275 1194 Scipionem
1301 1140 1469 1180 allatum
1495 1146 1576 1187 est,
1601 1152 1679 1178 nec

320 1202 403 1242 iam
428 1211 515 1242 erat
542 1210 611 1242 aut
637 1202 737 1242 civis
765 1211 835 1242 aut
860 1210 1073 1251 externus,
1112 1216 1206 1241 cum
1238 1216 1318 1254 quo
1351 1201 1532 1241 furorem
1559 1215 1679 1241 suum

256 1279 295 1309 13
322 1263 620 1304 consociarent.
683 1263 821 1304 omnia
858 1263 1248 1317 circumspectantes
1282 1263 1453 1303 consilia
1484 1262 1585 1301 nihil
1615 1276 1680 1302 re-

320 1325 422 1378 liqui
458 1324 666 1365 habebant
701 1333 864 1379 praeter
894 1340 977 1365 non
1008 1324 1259 1365 tutissimum
1290 1340 1313 1364 a
1344 1324 1463 1364 malis
1496 1323 1677 1364 consiliis

320 1396 550 1441 receptum,
588 1398 633 1426 ut
663 1387 922 1440 imperatoris
956 1387 1021 1426 vel
1051 1387 1185 1426 iustae
1215 1386 1300 1426 irae
1326 1386 1391 1426 vel
1421 1401 1505 1426 non
1531 1386 1678 1440 despe-

320 1449 474 1488 randae
501 1448 741 1488 clementiae
769 1462 860 1488 sese
881 1448 1203 1488 committerent:
1231 1447 1355 1487 etiam
1374 1447 1563 1487 hostibus
1585 1461 1679 1487 eum

257 1525 298 1554 14
321 1510 552 1564 ignovisse,
579 1525 672 1550 cum
698 1510 846 1562 quibus
873 1511 980 1550 ferro
1009 1510 1264 1558 dimicasset3
1292 1524 1410 1549 suam
1436 1508 1679 1549 seditionem

322 1572 411 1612 sine
448 1572 636 1620 vulnere,
676 1572 764 1612 sine
802 1572 1005 1626 sanguine
1040 1571 1190 1620 fuisse,
1228 1585 1304 1611 nec
1333 1570 1468 1624 ipsam
1500 1578 1680 1611 atrocem

321 1648 398 1674 nec
424 1634 551 1674 atroci
579 1649 715 1688 poena.
740 1634 927 1688 dignam,
952 1658 1009 1662 --
1033 1644 1078 1674 ut
1108 1633 1276 1688 ingenia
1301 1633 1482 1673 humana
1508 1640 1604 1673 sunt
1628 1632 1680 1672 ad

256 1711 295 1740 15
323 1711 441 1737 suain
466 1696 612 1749 cuique
638 1696 858 1736 levandam
890 1696 1053 1750 culpam
1083 1695 1209 1736 nimio
1234 1696 1328 1750 plus
1361 1695 1552 1736 facunda.
1611 1694 1681 1734 illa

322 1758 522 1799 dubitatio
550 1766 648 1807 erat,
677 1758 919 1812 singulaene
946 1758 1136 1799 cohortes
1163 1774 1215 1798 an
1238 1757 1424 1798 universi
1450 1757 1502 1796 ad
1527 1756 1682 1811 stipen-

321 1819 434 1859 dium
464 1820 691 1874 petendum
722 1820 840 1861 irent.
901 1820 1114 1860 inclinavit
1145 1819 1368 1868 sententia,
1407 1818 1518 1871 quod
1553 1817 1679 1858 tutius

321 1883 570 1931 censebant,
597 1883 817 1923 universos
843 1882 915 1923 ire.

279 1959 294 1986 1
405 1943 581 1986 XXVI.
642 1944 726 1984 Per
754 1945 923 1985 eosdem
949 1944 1056 1993 dies,
1090 1944 1237 1997 quibus
1263 1943 1367 1983 haec
1391 1943 1449 1982 illi
1474 1942 1681 1983 consulta-

277 2019 295 2049 2
321 2006 438 2055 bant,
467 2006 684 2047 consilium
710 2007 760 2047 de
785 2010 820 2047 is
843 2006 1089 2061 Carthagini
1114 2014 1218 2055 erat,
1248 2006 1562 2058 certabaturque
1588 2019 1681 2044 sen-

323 2068 480 2117 tentiis,
506 2076 646 2108 utrum
669 2069 712 2109 in
733 2078 921 2110 auctores
942 2076 1103 2109 tantum
1123 2068 1335 2109 seditionis
1356 2092 1390 2096 —
1409 2074 1525 2108 erant
1544 2073 1682 2107 autem

320 2129 350 2169 ii
373 2144 545 2171 numero
572 2131 684 2170 haud
708 2131 801 2185 plus
828 2146 952 2184 quam
973 2131 1154 2184 quinque
1181 2138 1222 2170 et
1246 2130 1415 2185 triginta
1437 2154 1472 2159 —
1497 2128 1681 2169 animad-

321 2199 549 2232 verteretur
592 2208 644 2233 an
685 2193 866 2248 plurium
909 2193 1111 2248 supplicio
1154 2192 1403 2232 vindicanda
1444 2199 1529 2232 tam
1570 2189 1681 2231 foedi

279 2268 297 2297 3
323 2254 503 2308 exempli
539 2255 716 2296 defectio
753 2255 887 2310 magis
926 2270 1050 2308 quam
1088 2255 1234 2295 seditio
1272 2262 1395 2294 esset.
1455 2253 1554 2293 vicit
1590 2266 1682 2293 sen-

324 2315 452 2355 tentia
480 2316 630 2365 lenior,
666 2324 711 2357 ut
741 2317 852 2357 unde
889 2317 1011 2371 culpa
1042 2325 1131 2357 orta
1161 2324 1291 2365 esset,
1328 2315 1385 2355 ibi
1414 2329 1550 2370 poena
1586 2328 1683 2354 con-

279 2391 299 2419 4
325 2376 506 2418 sisteret:
534 2378 587 2418 ad
610 2379 916 2419 multitudinem
947 2379 1262 2433 castigationem
1294 2377 1393 2418 satis
1420 2392 1525 2417 esse.
1587 2389 1683 2415 con-

325 2438 415 2479 silio
447 2439 638 2489 dimisso,
675 2449 721 2481 ut
745 2441 787 2480 id
813 2450 951 2481 actum
980 2441 1207 2490 videretur,
1249 2439 1456 2494 expeditio
1482 2438 1681 2478 adversus

322 2500 600 2542 Blandonium
626 2503 931 2556 Indibilemque
957 2503 1132 2543 edicitur
1157 2502 1374 2551 exercitui,
1412 2500 1481 2553 qui
1507 2498 1682 2540 Cartha-

323 2562 419 2615 gine
457 2572 568 2613 erat,
618 2572 659 2604 et
702 2565 857 2606 cibaria
900 2565 1059 2605 dierum
1097 2564 1253 2617 aliquot
1295 2577 1441 2618 parare
1477 2562 1680 2601 iubentur.
1737 2611 1740 2614 ι

279 2638 297 2666 5
324 2623 496 2665 tribunis
535 2634 712 2680 septem,
751 2627 822 2680 qui
858 2635 899 2668 et
935 2636 1057 2668 antea
1094 2626 1325 2667 Sucronem
1361 2625 1413 2664 ad
1447 2622 1681 2664 leniendam

324 2685 568 2728 seditionem
592 2688 742 2738 ierant,
781 2689 948 2730 obviam
973 2688 1170 2730 exercitui
1194 2687 1333 2728 missis
1360 2685 1485 2739 quina
1514 2681 1680 2723 nomina
