<?xml version="1.0" encoding="UTF-8"?>
<!DOCTYPE html PUBLIC "-//W3C//DTD XHTML 1.0 Transitional//EN"
    "http://www.w3.org/TR/xhtml1/DTD/xhtml1-transitional.dtd">
<html xmlns="http://www.w3.org/1999/xhtml" xml:lang="en" lang="en">
 <head>
  <title>
</title>
<meta http-equiv="Content-Type" content="text/html;charset=utf-8" />
  <meta name='ocr-system' content='tesseract 3.04.00' />
  <meta name='ocr-capabilities' content='ocr_page ocr_carea ocr_par ocr_line ocrx_word'/>
</head>
<body>
  <div class='ocr_page' id='page_1' title='image "./aburbeconditalib02livyuoft_0450.png"; bbox 0 0 1815 3184; ppageno 0'>
   <div class='ocr_carea' id='block_1_1' title="bbox 270 735 288 763">
    <p class='ocr_par' dir='ltr' id='par_1_1' title="bbox 270 735 288 763">
     <span class='ocr_line' id='line_1_1' title="bbox 270 735 288 763; textangle 90"><span class='ocrx_word' id='word_1_1' title='bbox 270 735 288 763; x_wconf 73' lang='lat'>10</span> 
     </span>
    </p>
   </div>
   <div class='ocr_carea' id='block_1_2' title="bbox 244 2152 283 2179">
    <p class='ocr_par' dir='ltr' id='par_1_2' title="bbox 244 2152 283 2179">
     <span class='ocr_line' id='line_1_2' title="bbox 244 2152 283 2179; baseline 0.051 -4"><span class='ocrx_word' id='word_1_2' title='bbox 244 2152 283 2179; x_wconf 68' lang='lat'>10</span> 
     </span>
    </p>
   </div>
   <div class='ocr_carea' id='block_1_3' title="bbox 244 2398 280 2426">
    <p class='ocr_par' dir='ltr' id='par_1_3' title="bbox 244 2398 280 2426">
     <span class='ocr_line' id='line_1_3' title="bbox 244 2398 280 2426; baseline 0.028 -1"><span class='ocrx_word' id='word_1_3' title='bbox 244 2398 280 2426; x_wconf 91' lang='grc'>11</span> 
     </span>
    </p>
   </div>
   <div class='ocr_carea' id='block_1_4' title="bbox 245 2581 284 2609">
    <p class='ocr_par' dir='ltr' id='par_1_4' title="bbox 245 2581 284 2609">
     <span class='ocr_line' id='line_1_4' title="bbox 245 2581 284 2609; baseline 0 0"><span class='ocrx_word' id='word_1_4' title='bbox 245 2581 284 2609; x_wconf 77' lang='grc'>12</span> 
     </span>
    </p>
   </div>
   <div class='ocr_carea' id='block_1_5' title="bbox 319 231 1377 297">
    <p class='ocr_par' dir='ltr' id='par_1_5' title="bbox 319 231 1377 297">
     <span class='ocr_line' id='line_1_5' title="bbox 319 231 1377 297; baseline 0.002 -13"><span class='ocrx_word' id='word_1_5' title='bbox 319 244 401 284; x_wconf 87' lang='grc'>346</span> <span class='ocrx_word' id='word_1_6' title='bbox 611 251 765 284; x_wconf 84' lang='lat' dir='ltr'>LIBER</span> <span class='ocrx_word' id='word_1_7' title='bbox 789 231 955 294; x_wconf 76' lang='lat' dir='ltr'>xxvn,</span> <span class='ocrx_word' id='word_1_8' title='bbox 983 251 1111 286; x_wconf 82' lang='lat'>17.18.</span> <span class='ocrx_word' id='word_1_9' title='bbox 1138 254 1235 294; x_wconf 82' lang='lat' dir='ltr'>[a.u.</span> <span class='ocrx_word' id='word_1_10' title='bbox 1251 253 1377 297; x_wconf 81' lang='lat' dir='ltr'>e.545]</span> 
     </span>
    </p>
   </div>
   <div class='ocr_carea' id='block_1_6' title="bbox 307 352 1665 2742">
    <p class='ocr_par' dir='ltr' id='par_1_6' title="bbox 315 352 1665 577">
     <span class='ocr_line' id='line_1_6' title="bbox 318 352 1663 411; baseline 0.003 -17"><span class='ocrx_word' id='word_1_11' title='bbox 318 369 364 394; x_wconf 88' lang='lat' dir='ltr'>eo</span> <span class='ocrx_word' id='word_1_12' title='bbox 390 354 454 393; x_wconf 92' lang='lat' dir='ltr'>die</span> <span class='ocrx_word' id='word_1_13' title='bbox 478 354 520 392; x_wconf 88' lang='lat' dir='ltr'>in</span> <span class='ocrx_word' id='word_1_14' title='bbox 544 353 766 406; x_wconf 78' lang='lat' dir='ltr'><strong>hospitium</strong></span> <span class='ocrx_word' id='word_1_15' title='bbox 791 352 979 401; x_wconf 85' lang='lat' dir='ltr'>abducti,</span> <span class='ocrx_word' id='word_1_16' title='bbox 1016 360 1178 406; x_wconf 87' lang='lat' dir='ltr'>postero</span> <span class='ocrx_word' id='word_1_17' title='bbox 1210 353 1275 394; x_wconf 86' lang='lat' dir='ltr'>die</span> <span class='ocrx_word' id='word_1_18' title='bbox 1305 354 1469 395; x_wconf 86' lang='lat' dir='ltr'>foedere</span> <span class='ocrx_word' id='word_1_19' title='bbox 1499 364 1663 411; x_wconf 85' lang='lat' dir='ltr'>accepta</span> 
     </span>
     <span class='ocr_line' id='line_1_7' title="bbox 316 414 1663 468; baseline 0.004 -15"><span class='ocrx_word' id='word_1_20' title='bbox 316 416 417 454; x_wconf 90' lang='lat' dir='ltr'>fides</span> <span class='ocrx_word' id='word_1_21' title='bbox 456 414 706 466; x_wconf 86' lang='lat' dir='ltr'>demissique</span> <span class='ocrx_word' id='word_1_22' title='bbox 743 414 795 454; x_wconf 88' lang='lat' dir='ltr'>ad</span> <span class='ocrx_word' id='word_1_23' title='bbox 831 415 968 468; x_wconf 89' lang='lat' dir='ltr'>copias</span> <span class='ocrx_word' id='word_1_24' title='bbox 1006 415 1280 456; x_wconf 87' lang='lat' dir='ltr'>adducendas.</span> <span class='ocrx_word' id='word_1_25' title='bbox 1351 417 1483 456; x_wconf 79' lang='lat' dir='ltr'>isdem</span> <span class='ocrx_word' id='word_1_26' title='bbox 1518 418 1663 458; x_wconf 85' lang='lat' dir='ltr'>deinde</span> 
     </span>
     <span class='ocr_line' id='line_1_8' title="bbox 316 475 1665 532; baseline 0.003 -17"><span class='ocrx_word' id='word_1_27' title='bbox 316 476 458 516; x_wconf 87' lang='lat' dir='ltr'>eastris</span> <span class='ocrx_word' id='word_1_28' title='bbox 496 475 734 525; x_wconf 77' lang='lat' dir='ltr'><strong>tendebant,</strong></span> <span class='ocrx_word' id='word_1_29' title='bbox 773 476 902 516; x_wconf 89' lang='lat' dir='ltr'>donec</span> <span class='ocrx_word' id='word_1_30' title='bbox 939 476 1111 517; x_wconf 89' lang='lat' dir='ltr'>ducibus</span> <span class='ocrx_word' id='word_1_31' title='bbox 1147 479 1182 517; x_wconf 79' lang='lat' dir='ltr'>is</span> <span class='ocrx_word' id='word_1_32' title='bbox 1219 478 1271 517; x_wconf 88' lang='lat' dir='ltr'>ad</span> <span class='ocrx_word' id='word_1_33' title='bbox 1306 477 1465 518; x_wconf 80' lang='lat' dir='ltr'>hostem</span> <span class='ocrx_word' id='word_1_34' title='bbox 1494 493 1665 532; x_wconf 88' lang='lat' dir='ltr'>perven-</span> 
     </span>
     <span class='ocr_line' id='line_1_9' title="bbox 315 544 500 577; baseline 0.011 -2"><span class='ocrx_word' id='word_1_35' title='bbox 315 544 401 576; x_wconf 85' lang='lat' dir='ltr'>tum</span> <span class='ocrx_word' id='word_1_36' title='bbox 427 544 500 577; x_wconf 90' lang='lat' dir='ltr'>est.</span> 
     </span>
    </p>

    <p class='ocr_par' dir='ltr' id='par_1_7' title="bbox 307 597 1665 2742">
     <span class='ocr_line' id='line_1_10' title="bbox 400 597 1665 653; baseline 0.002 -15"><span class='ocrx_word' id='word_1_37' title='bbox 400 598 569 639; x_wconf 79' lang='lat' dir='ltr'>XVIII.</span> <span class='ocrx_word' id='word_1_38' title='bbox 630 599 849 639; x_wconf 77' lang='lat' dir='ltr'>Proximus</span> <span class='ocrx_word' id='word_1_39' title='bbox 883 597 1284 653; x_wconf 76' lang='lat' dir='ltr'>Carthaginiensium</span> <span class='ocrx_word' id='word_1_40' title='bbox 1322 600 1522 640; x_wconf 83' lang='lat' dir='ltr'>exercitus</span> <span class='ocrx_word' id='word_1_41' title='bbox 1553 600 1665 640; x_wconf 89' lang='lat' dir='ltr'>Has-</span> 
     </span>
     <span class='ocr_line' id='line_1_11' title="bbox 315 659 1663 715; baseline 0.001 -16"><span class='ocrx_word' id='word_1_42' title='bbox 315 659 494 700; x_wconf 84' lang='lat' dir='ltr'>drubalis</span> <span class='ocrx_word' id='word_1_43' title='bbox 519 675 644 713; x_wconf 82' lang='lat' dir='ltr'>prope</span> <span class='ocrx_word' id='word_1_44' title='bbox 671 660 813 701; x_wconf 89' lang='lat' dir='ltr'>urbem</span> <span class='ocrx_word' id='word_1_45' title='bbox 826 660 1050 700; x_wconf 83' lang='lat' dir='ltr'>Baeculam</span> <span class='ocrx_word' id='word_1_46' title='bbox 1076 668 1171 701; x_wconf 87' lang='lat' dir='ltr'>erat.</span> <span class='ocrx_word' id='word_1_47' title='bbox 1215 676 1288 715; x_wconf 89' lang='lat' dir='ltr'>pro</span> <span class='ocrx_word' id='word_1_48' title='bbox 1315 661 1456 702; x_wconf 87' lang='lat' dir='ltr'>castris</span> <span class='ocrx_word' id='word_1_49' title='bbox 1482 662 1663 714; x_wconf 89' lang='lat' dir='ltr'>equitum</span> 
     </span>
     <span class='ocr_line' id='line_1_12' title="bbox 316 721 1665 776; baseline 0.001 -16"><span class='ocrx_word' id='word_1_50' title='bbox 316 721 508 761; x_wconf 86' lang='lat' dir='ltr'>stationes</span> <span class='ocrx_word' id='word_1_51' title='bbox 534 721 752 762; x_wconf 85' lang='lat' dir='ltr'>habebant.</span> <span class='ocrx_word' id='word_1_52' title='bbox 812 721 853 761; x_wconf 89' lang='lat' dir='ltr'>in</span> <span class='ocrx_word' id='word_1_53' title='bbox 885 736 952 762; x_wconf 93' lang='lat' dir='ltr'>eas</span> <span class='ocrx_word' id='word_1_54' title='bbox 984 722 1126 762; x_wconf 68' lang='lat' dir='ltr'>velites</span> <span class='ocrx_word' id='word_1_55' title='bbox 1159 722 1495 776; x_wconf 77' lang='lat' dir='ltr'>antesignanique</span> <span class='ocrx_word' id='word_1_56' title='bbox 1527 729 1565 763; x_wconf 91' lang='lat' dir='ltr'>et</span> <span class='ocrx_word' id='word_1_57' title='bbox 1595 723 1665 775; x_wconf 85' lang='lat' dir='ltr'>qui</span> 
     </span>
     <span class='ocr_line' id='line_1_13' title="bbox 312 782 1664 837; baseline 0.001 -16"><span class='ocrx_word' id='word_1_58' title='bbox 312 782 434 835; x_wconf 90' lang='lat' dir='ltr'>primi</span> <span class='ocrx_word' id='word_1_59' title='bbox 470 783 644 836; x_wconf 87' lang='lat' dir='ltr'>agminis</span> <span class='ocrx_word' id='word_1_60' title='bbox 684 789 814 831; x_wconf 87' lang='lat' dir='ltr'>erant,</span> <span class='ocrx_word' id='word_1_61' title='bbox 853 783 1106 823; x_wconf 82' lang='lat' dir='ltr'>advenientis</span> <span class='ocrx_word' id='word_1_62' title='bbox 1144 798 1194 823; x_wconf 84' lang='lat' dir='ltr'>ex</span> <span class='ocrx_word' id='word_1_63' title='bbox 1230 784 1390 832; x_wconf 89' lang='lat' dir='ltr'>itinere,</span> <span class='ocrx_word' id='word_1_64' title='bbox 1428 784 1664 837; x_wconf 80' lang='lat' dir='ltr'>priusquam</span> 
     </span>
     <span class='ocr_line' id='line_1_14' title="bbox 313 844 1664 899; baseline 0.001 -16"><span class='ocrx_word' id='word_1_65' title='bbox 313 844 456 884; x_wconf 84' lang='lat' dir='ltr'>eastris</span> <span class='ocrx_word' id='word_1_66' title='bbox 487 844 621 884; x_wconf 89' lang='lat' dir='ltr'>locum</span> <span class='ocrx_word' id='word_1_67' title='bbox 654 851 861 898; x_wconf 77' lang='lat' dir='ltr'>caperent,</span> <span class='ocrx_word' id='word_1_68' title='bbox 901 845 1002 885; x_wconf 88' lang='lat' dir='ltr'>adeo</span> <span class='ocrx_word' id='word_1_69' title='bbox 1034 845 1298 898; x_wconf 80' lang='lat' dir='ltr'>contemptim</span> <span class='ocrx_word' id='word_1_70' title='bbox 1329 846 1525 899; x_wconf 84' lang='lat' dir='ltr'>impetum</span> <span class='ocrx_word' id='word_1_71' title='bbox 1556 845 1664 885; x_wconf 87' lang='lat' dir='ltr'>fece-</span> 
     </span>
     <span class='ocr_line' id='line_1_15' title="bbox 312 906 1664 960; baseline 0.001 -16"><span class='ocrx_word' id='word_1_72' title='bbox 312 911 423 953; x_wconf 88' lang='lat' dir='ltr'>runt,</span> <span class='ocrx_word' id='word_1_73' title='bbox 463 913 507 945; x_wconf 89' lang='lat' dir='ltr'>ut</span> <span class='ocrx_word' id='word_1_74' title='bbox 543 906 662 945; x_wconf 87' lang='lat' dir='ltr'>facilc</span> <span class='ocrx_word' id='word_1_75' title='bbox 698 913 928 959; x_wconf 80' lang='lat' dir='ltr'>appareret,</span> <span class='ocrx_word' id='word_1_76' title='bbox 966 906 1065 958; x_wconf 85' lang='lat' dir='ltr'>quid</span> <span class='ocrx_word' id='word_1_77' title='bbox 1100 906 1260 959; x_wconf 90' lang='lat' dir='ltr'>utrique</span> <span class='ocrx_word' id='word_1_78' title='bbox 1296 907 1402 960; x_wconf 91' lang='lat' dir='ltr'>parti</span> <span class='ocrx_word' id='word_1_79' title='bbox 1436 907 1664 947; x_wconf 90' lang='lat' dir='ltr'>animorum</span> 
     </span>
     <span class='ocr_line' id='line_1_16' title="bbox 315 967 1665 1022; baseline 0 -15"><span class='ocrx_word' id='word_1_80' title='bbox 315 974 434 1007; x_wconf 88' lang='lat' dir='ltr'>esset.</span> <span class='ocrx_word' id='word_1_81' title='bbox 483 967 525 1007; x_wconf 91' lang='lat' dir='ltr'>in</span> <span class='ocrx_word' id='word_1_82' title='bbox 550 974 683 1007; x_wconf 85' lang='lat' dir='ltr'>eastra</span> <span class='ocrx_word' id='word_1_83' title='bbox 708 969 865 1022; x_wconf 84' lang='lat' dir='ltr'>trepida.</span> <span class='ocrx_word' id='word_1_84' title='bbox 890 968 990 1022; x_wconf 86' lang='lat' dir='ltr'>fuga</span> <span class='ocrx_word' id='word_1_85' title='bbox 1014 968 1201 1021; x_wconf 90' lang='lat' dir='ltr'>conpulsi</span> <span class='ocrx_word' id='word_1_86' title='bbox 1226 969 1381 1021; x_wconf 84' lang='lat' dir='ltr'>equites</span> <span class='ocrx_word' id='word_1_87' title='bbox 1409 975 1503 1008; x_wconf 89' lang='lat' dir='ltr'>sunt</span> <span class='ocrx_word' id='word_1_88' title='bbox 1529 969 1665 1022; x_wconf 88' lang='lat' dir='ltr'>signa-</span> 
     </span>
     <span class='ocr_line' id='line_1_17' title="bbox 314 1029 1664 1083; baseline 0.001 -15"><span class='ocrx_word' id='word_1_89' title='bbox 314 1043 392 1081; x_wconf 82' lang='lat' dir='ltr'>que</span> <span class='ocrx_word' id='word_1_90' title='bbox 417 1029 604 1069; x_wconf 84' lang='lat' dir='ltr'>Romana</span> <span class='ocrx_word' id='word_1_91' title='bbox 630 1030 756 1083; x_wconf 88' lang='lat' dir='ltr'>portis</span> <span class='ocrx_word' id='word_1_92' title='bbox 783 1045 908 1083; x_wconf 87' lang='lat' dir='ltr'>prope</span> <span class='ocrx_word' id='word_1_93' title='bbox 939 1030 1038 1083; x_wconf 88' lang='lat' dir='ltr'>ipsis</span> <span class='ocrx_word' id='word_1_94' title='bbox 1064 1030 1200 1070; x_wconf 90' lang='lat' dir='ltr'>inlata.</span> <span class='ocrx_word' id='word_1_95' title='bbox 1261 1038 1382 1082; x_wconf 88' lang='lat' dir='ltr'>atquc</span> <span class='ocrx_word' id='word_1_96' title='bbox 1407 1030 1475 1071; x_wconf 85' lang='lat' dir='ltr'>illo</span> <span class='ocrx_word' id='word_1_97' title='bbox 1501 1030 1664 1082; x_wconf 87' lang='lat' dir='ltr'>quidem</span> 
     </span>
     <span class='ocr_line' id='line_1_18' title="bbox 313 1090 1665 1132; baseline 0.001 -3"><span class='ocrx_word' id='word_1_98' title='bbox 313 1091 377 1130; x_wconf 90' lang='lat' dir='ltr'>die</span> <span class='ocrx_word' id='word_1_99' title='bbox 412 1090 583 1130; x_wconf 84' lang='lat' dir='ltr'>inritatis</span> <span class='ocrx_word' id='word_1_100' title='bbox 622 1098 779 1131; x_wconf 90' lang='lat' dir='ltr'>tantum</span> <span class='ocrx_word' id='word_1_101' title='bbox 816 1092 868 1131; x_wconf 86' lang='lat' dir='ltr'>ad</span> <span class='ocrx_word' id='word_1_102' title='bbox 904 1099 1109 1132; x_wconf 85' lang='lat' dir='ltr'>certamen</span> <span class='ocrx_word' id='word_1_103' title='bbox 1144 1092 1289 1132; x_wconf 86' lang='lat' dir='ltr'>animis</span> <span class='ocrx_word' id='word_1_104' title='bbox 1327 1097 1459 1131; x_wconf 86' lang='lat' dir='ltr'>castra</span> <span class='ocrx_word' id='word_1_105' title='bbox 1488 1091 1665 1131; x_wconf 81' lang='lat' dir='ltr'>Romani</span> 
     </span>
     <span class='ocr_line' id='line_1_19' title="bbox 313 1152 1664 1206; baseline 0.001 -16"><span class='ocrx_word' id='word_1_106' title='bbox 313 1159 549 1205; x_wconf 87' lang='lat' dir='ltr'>posuerunt.</span> <span class='ocrx_word' id='word_1_107' title='bbox 610 1160 728 1192; x_wconf 88' lang='lat' dir='ltr'>nocte</span> <span class='ocrx_word' id='word_1_108' title='bbox 759 1153 997 1193; x_wconf 84' lang='lat' dir='ltr'>Hasdrubal</span> <span class='ocrx_word' id='word_1_109' title='bbox 1034 1154 1074 1192; x_wconf 93' lang='lat' dir='ltr'>in</span> <span class='ocrx_word' id='word_1_110' title='bbox 1112 1153 1312 1193; x_wconf 91' lang='lat' dir='ltr'>tumulum</span> <span class='ocrx_word' id='word_1_111' title='bbox 1350 1153 1486 1206; x_wconf 89' lang='lat' dir='ltr'>copias</span> <span class='ocrx_word' id='word_1_112' title='bbox 1522 1152 1664 1205; x_wconf 82' lang='lat' dir='ltr'>recipit</span> 
     </span>
     <span class='ocr_line' id='line_1_20' title="bbox 311 1213 1663 1268; baseline 0.001 -16"><span class='ocrx_word' id='word_1_113' title='bbox 311 1213 434 1267; x_wconf 88' lang='lat' dir='ltr'>plano</span> <span class='ocrx_word' id='word_1_114' title='bbox 460 1228 604 1267; x_wconf 91' lang='lat' dir='ltr'>campo</span> <span class='ocrx_word' id='word_1_115' title='bbox 630 1215 671 1254; x_wconf 89' lang='lat' dir='ltr'>in</span> <span class='ocrx_word' id='word_1_116' title='bbox 697 1229 857 1255; x_wconf 87' lang='lat' dir='ltr'>summo</span> <span class='ocrx_word' id='word_1_117' title='bbox 881 1222 1105 1268; x_wconf 84' lang='lat' dir='ltr'>patentem:</span> <span class='ocrx_word' id='word_1_118' title='bbox 1142 1215 1290 1254; x_wconf 66' lang='lat' dir='ltr'>fluvius</span> <span class='ocrx_word' id='word_1_119' title='bbox 1323 1214 1373 1255; x_wconf 90' lang='lat' dir='ltr'>ab</span> <span class='ocrx_word' id='word_1_120' title='bbox 1399 1222 1532 1268; x_wconf 88' lang='lat' dir='ltr'>tergo,</span> <span class='ocrx_word' id='word_1_121' title='bbox 1571 1221 1663 1254; x_wconf 87' lang='lat' dir='ltr'>ante</span> 
     </span>
     <span class='ocr_line' id='line_1_21' title="bbox 312 1275 1661 1330; baseline 0.001 -16"><span class='ocrx_word' id='word_1_122' title='bbox 312 1275 500 1327; x_wconf 90' lang='lat' dir='ltr'>circaque</span> <span class='ocrx_word' id='word_1_123' title='bbox 534 1276 642 1315; x_wconf 75' lang='lat' dir='ltr'>velut</span> <span class='ocrx_word' id='word_1_124' title='bbox 672 1276 758 1329; x_wconf 89' lang='lat' dir='ltr'>ripa</span> <span class='ocrx_word' id='word_1_125' title='bbox 788 1291 982 1329; x_wconf 87' lang='lat' dir='ltr'>praeceps</span> <span class='ocrx_word' id='word_1_126' title='bbox 1015 1292 1127 1316; x_wconf 86' lang='lat' dir='ltr'>oram</span> <span class='ocrx_word' id='word_1_127' title='bbox 1160 1277 1245 1316; x_wconf 91' lang='lat' dir='ltr'>eius</span> <span class='ocrx_word' id='word_1_128' title='bbox 1273 1291 1433 1316; x_wconf 88' lang='lat' dir='ltr'>omnem</span> <span class='ocrx_word' id='word_1_129' title='bbox 1461 1275 1661 1330; x_wconf 83' lang='lat' dir='ltr'>cingebat.</span> 
     </span>
     <span class='ocr_line' id='line_1_22' title="bbox 315 1336 1663 1391; baseline -0.001 -15"><span class='ocrx_word' id='word_1_130' title='bbox 315 1336 479 1376; x_wconf 86' lang='lat' dir='ltr'>suberat</span> <span class='ocrx_word' id='word_1_131' title='bbox 504 1344 543 1376; x_wconf 92' lang='lat' dir='ltr'>et</span> <span class='ocrx_word' id='word_1_132' title='bbox 568 1337 693 1377; x_wconf 87' lang='lat' dir='ltr'>altera</span> <span class='ocrx_word' id='word_1_133' title='bbox 717 1338 883 1377; x_wconf 85' lang='lat' dir='ltr'>inferior</span> <span class='ocrx_word' id='word_1_134' title='bbox 909 1338 1129 1377; x_wconf 85' lang='lat' dir='ltr'>summissa</span> <span class='ocrx_word' id='word_1_135' title='bbox 1148 1338 1314 1391; x_wconf 85' lang='lat' dir='ltr'>fastigio</span> <span class='ocrx_word' id='word_1_136' title='bbox 1340 1338 1546 1390; x_wconf 75' lang='lat' dir='ltr'>planities3</span> <span class='ocrx_word' id='word_1_137' title='bbox 1574 1352 1663 1377; x_wconf 88' lang='lat' dir='ltr'>eam</span> 
     </span>
     <span class='ocr_line' id='line_1_23' title="bbox 312 1397 1662 1451; baseline 0.001 -15"><span class='ocrx_word' id='word_1_138' title='bbox 312 1411 475 1449; x_wconf 90' lang='lat' dir='ltr'>quoquc</span> <span class='ocrx_word' id='word_1_139' title='bbox 501 1398 625 1438; x_wconf 85' lang='lat' dir='ltr'>altera</span> <span class='ocrx_word' id='word_1_140' title='bbox 650 1399 813 1451; x_wconf 88' lang='lat' dir='ltr'>crepido</span> <span class='ocrx_word' id='word_1_141' title='bbox 839 1399 947 1438; x_wconf 91' lang='lat' dir='ltr'>haud</span> <span class='ocrx_word' id='word_1_142' title='bbox 974 1399 1131 1438; x_wconf 76' lang='lat' dir='ltr'>facilior</span> <span class='ocrx_word' id='word_1_143' title='bbox 1156 1399 1197 1437; x_wconf 89' lang='lat' dir='ltr'>in</span> <span class='ocrx_word' id='word_1_144' title='bbox 1223 1413 1437 1438; x_wconf 88' lang='lat' dir='ltr'>ascensum</span> <span class='ocrx_word' id='word_1_145' title='bbox 1470 1397 1662 1438; x_wconf 84' lang='lat' dir='ltr'>ambibat.</span> 
     </span>
     <span class='ocr_line' id='line_1_24' title="bbox 312 1458 1664 1512; baseline 0.001 -15"><span class='ocrx_word' id='word_1_146' title='bbox 312 1458 354 1498; x_wconf 93' lang='lat' dir='ltr'>in</span> <span class='ocrx_word' id='word_1_147' title='bbox 378 1458 486 1498; x_wconf 89' lang='lat' dir='ltr'>hunc</span> <span class='ocrx_word' id='word_1_148' title='bbox 511 1459 742 1499; x_wconf 85' lang='lat' dir='ltr'>inferiorem</span> <span class='ocrx_word' id='word_1_149' title='bbox 769 1474 957 1512; x_wconf 86' lang='lat' dir='ltr'>campum</span> <span class='ocrx_word' id='word_1_150' title='bbox 984 1467 1146 1512; x_wconf 86' lang='lat' dir='ltr'>postero</span> <span class='ocrx_word' id='word_1_151' title='bbox 1172 1459 1236 1498; x_wconf 83' lang='lat' dir='ltr'>(lie</span> <span class='ocrx_word' id='word_1_152' title='bbox 1262 1458 1520 1507; x_wconf 82' lang='lat' dir='ltr'>Hasdrubal,</span> <span class='ocrx_word' id='word_1_153' title='bbox 1552 1466 1664 1512; x_wconf 90' lang='lat' dir='ltr'>post-</span> 
     </span>
     <span class='ocr_line' id='line_1_25' title="bbox 312 1521 1662 1573; baseline 0.001 -14"><span class='ocrx_word' id='word_1_154' title='bbox 312 1534 434 1571; x_wconf 88' lang='lat' dir='ltr'>quam</span> <span class='ocrx_word' id='word_1_155' title='bbox 472 1527 646 1560; x_wconf 89' lang='lat' dir='ltr'>stantcm</span> <span class='ocrx_word' id='word_1_156' title='bbox 683 1535 755 1573; x_wconf 91' lang='lat' dir='ltr'>pro</span> <span class='ocrx_word' id='word_1_157' title='bbox 794 1521 936 1560; x_wconf 85' lang='lat' dir='ltr'>eastris</span> <span class='ocrx_word' id='word_1_158' title='bbox 974 1521 1153 1560; x_wconf 85' lang='lat' dir='ltr'>hostium</span> <span class='ocrx_word' id='word_1_159' title='bbox 1190 1521 1318 1560; x_wconf 89' lang='lat' dir='ltr'>aciem</span> <span class='ocrx_word' id='word_1_160' title='bbox 1350 1521 1468 1569; x_wconf 63' lang='lat' dir='ltr'>vidit,</span> <span class='ocrx_word' id='word_1_161' title='bbox 1506 1521 1662 1573; x_wconf 84' lang='lat' dir='ltr'>equites</span> 
     </span>
     <span class='ocr_line' id='line_1_26' title="bbox 310 1581 1659 1634; baseline 0.001 -14"><span class='ocrx_word' id='word_1_162' title='bbox 310 1581 509 1621; x_wconf 75' lang='lat' dir='ltr'>Numidas</span> <span class='ocrx_word' id='word_1_163' title='bbox 541 1581 773 1634; x_wconf 76' lang='lat' dir='ltr'>leviumque</span> <span class='ocrx_word' id='word_1_164' title='bbox 811 1597 1016 1621; x_wconf 87' lang='lat' dir='ltr'>armorum</span> <span class='ocrx_word' id='word_1_165' title='bbox 1041 1582 1215 1621; x_wconf 84' lang='lat' dir='ltr'>Baliaris</span> <span class='ocrx_word' id='word_1_166' title='bbox 1253 1589 1291 1621; x_wconf 89' lang='lat' dir='ltr'>et</span> <span class='ocrx_word' id='word_1_167' title='bbox 1321 1581 1447 1622; x_wconf 75' lang='lat' dir='ltr'>Afros</span> <span class='ocrx_word' id='word_1_168' title='bbox 1485 1582 1659 1622; x_wconf 89' lang='lat' dir='ltr'>demisit.</span> 
     </span>
     <span class='ocr_line' id='line_1_27' title="bbox 314 1640 1663 1698; baseline 0.002 -17"><span class='ocrx_word' id='word_1_169' title='bbox 314 1640 452 1695; x_wconf 82' lang='lat' dir='ltr'>Scipio</span> <span class='ocrx_word' id='word_1_170' title='bbox 495 1643 791 1683; x_wconf 75' lang='lat' dir='ltr'>circumvectus</span> <span class='ocrx_word' id='word_1_171' title='bbox 835 1644 996 1683; x_wconf 82' lang='lat' dir='ltr'>ordines</span> <span class='ocrx_word' id='word_1_172' title='bbox 1041 1644 1239 1698; x_wconf 85' lang='lat' dir='ltr'>signaque</span> <span class='ocrx_word' id='word_1_173' title='bbox 1279 1643 1542 1692; x_wconf 86' lang='lat' dir='ltr'>ostendebat,</span> <span class='ocrx_word' id='word_1_174' title='bbox 1592 1644 1663 1684; x_wconf 92' lang='lat' dir='ltr'>ho-</span> 
     </span>
     <span class='ocr_line' id='line_1_28' title="bbox 312 1705 1661 1759; baseline 0.001 -16"><span class='ocrx_word' id='word_1_175' title='bbox 312 1710 415 1743; x_wconf 85' lang='lat' dir='ltr'>stem</span> <span class='ocrx_word' id='word_1_176' title='bbox 440 1705 732 1757; x_wconf 84' lang='lat' dir='ltr'>praedanmata</span> <span class='ocrx_word' id='word_1_177' title='bbox 759 1720 830 1759; x_wconf 82' lang='lat' dir='ltr'>spe</span> <span class='ocrx_word' id='word_1_178' title='bbox 857 1706 1077 1745; x_wconf 89' lang='lat' dir='ltr'>dimicandi</span> <span class='ocrx_word' id='word_1_179' title='bbox 1102 1720 1232 1758; x_wconf 88' lang='lat' dir='ltr'>aequo</span> <span class='ocrx_word' id='word_1_180' title='bbox 1259 1720 1403 1759; x_wconf 89' lang='lat' dir='ltr'>eampo</span> <span class='ocrx_word' id='word_1_181' title='bbox 1430 1712 1661 1759; x_wconf 87' lang='lat' dir='ltr'>captantem</span> 
     </span>
     <span class='ocr_line' id='line_1_29' title="bbox 310 1767 1661 1821; baseline 0.002 -16"><span class='ocrx_word' id='word_1_182' title='bbox 310 1767 489 1806; x_wconf 88' lang='lat' dir='ltr'>tumulos</span> <span class='ocrx_word' id='word_1_183' title='bbox 527 1767 605 1807; x_wconf 88' lang='lat' dir='ltr'>loci</span> <span class='ocrx_word' id='word_1_184' title='bbox 636 1768 803 1817; x_wconf 88' lang='lat' dir='ltr'>fiducia,</span> <span class='ocrx_word' id='word_1_185' title='bbox 841 1783 921 1808; x_wconf 88' lang='lat' dir='ltr'>non</span> <span class='ocrx_word' id='word_1_186' title='bbox 957 1768 1117 1808; x_wconf 61' lang='lat' dir='ltr'>virtutis</span> <span class='ocrx_word' id='word_1_187' title='bbox 1149 1783 1435 1821; x_wconf 87' lang='lat' dir='ltr'>armorumque</span> <span class='ocrx_word' id='word_1_188' title='bbox 1478 1774 1588 1808; x_wconf 87' lang='lat' dir='ltr'>stare</span> <span class='ocrx_word' id='word_1_189' title='bbox 1620 1768 1661 1807; x_wconf 90' lang='lat' dir='ltr'>in</span> 
     </span>
     <span class='ocr_line' id='line_1_30' title="bbox 310 1829 1660 1884; baseline 0.001 -17"><span class='ocrx_word' id='word_1_190' title='bbox 310 1836 550 1881; x_wconf 88' lang='lat' dir='ltr'>conspectu:</span> <span class='ocrx_word' id='word_1_191' title='bbox 578 1830 650 1869; x_wconf 90' lang='lat' dir='ltr'>scd</span> <span class='ocrx_word' id='word_1_192' title='bbox 675 1830 817 1869; x_wconf 82' lang='lat' dir='ltr'>altiora</span> <span class='ocrx_word' id='word_1_193' title='bbox 836 1830 996 1869; x_wconf 87' lang='lat' dir='ltr'>moenia</span> <span class='ocrx_word' id='word_1_194' title='bbox 1016 1829 1208 1870; x_wconf 88' lang='lat' dir='ltr'>habuisse</span> <span class='ocrx_word' id='word_1_195' title='bbox 1225 1829 1529 1884; x_wconf 88' lang='lat' dir='ltr'>Carthaginem,</span> <span class='ocrx_word' id='word_1_196' title='bbox 1557 1844 1660 1882; x_wconf 89' lang='lat' dir='ltr'>quae</span> 
     </span>
     <span class='ocr_line' id='line_1_31' title="bbox 310 1890 1659 1940; baseline 0.001 -12"><span class='ocrx_word' id='word_1_197' title='bbox 310 1890 628 1930; x_wconf 86' lang='lat' dir='ltr'>transcendisset</span> <span class='ocrx_word' id='word_1_198' title='bbox 664 1891 779 1931; x_wconf 87' lang='lat' dir='ltr'>miles</span> <span class='ocrx_word' id='word_1_199' title='bbox 805 1891 1037 1940; x_wconf 79' lang='lat' dir='ltr'>Romanus3</span> <span class='ocrx_word' id='word_1_200' title='bbox 1074 1906 1149 1931; x_wconf 90' lang='lat' dir='ltr'>nec</span> <span class='ocrx_word' id='word_1_201' title='bbox 1186 1891 1364 1931; x_wconf 88' lang='lat' dir='ltr'>tumulos</span> <span class='ocrx_word' id='word_1_202' title='bbox 1401 1905 1476 1930; x_wconf 92' lang='lat' dir='ltr'>nec</span> <span class='ocrx_word' id='word_1_203' title='bbox 1513 1905 1659 1938; x_wconf 87' lang='lat' dir='ltr'>arcem,</span> 
     </span>
     <span class='ocr_line' id='line_1_32' title="bbox 308 1951 1661 2004; baseline 0.001 -14"><span class='ocrx_word' id='word_1_204' title='bbox 308 1965 358 1990; x_wconf 89' lang='lat' dir='ltr'>ne</span> <span class='ocrx_word' id='word_1_205' title='bbox 383 1966 493 1991; x_wconf 87' lang='lat' dir='ltr'>mare</span> <span class='ocrx_word' id='word_1_206' title='bbox 520 1952 685 2004; x_wconf 87' lang='lat' dir='ltr'>quidem</span> <span class='ocrx_word' id='word_1_207' title='bbox 717 1953 839 1993; x_wconf 88' lang='lat' dir='ltr'>armis</span> <span class='ocrx_word' id='word_1_208' title='bbox 871 1953 1078 1993; x_wconf 86' lang='lat' dir='ltr'>obstitisse</span> <span class='ocrx_word' id='word_1_209' title='bbox 1111 1953 1207 1993; x_wconf 89' lang='lat' dir='ltr'>suis.</span> <span class='ocrx_word' id='word_1_210' title='bbox 1267 1953 1319 1993; x_wconf 91' lang='lat' dir='ltr'>ad</span> <span class='ocrx_word' id='word_1_211' title='bbox 1344 1953 1385 1992; x_wconf 87' lang='lat' dir='ltr'>id</span> <span class='ocrx_word' id='word_1_212' title='bbox 1415 1952 1501 1992; x_wconf 87' lang='lat' dir='ltr'>fore</span> <span class='ocrx_word' id='word_1_213' title='bbox 1527 1951 1661 1992; x_wconf 83' lang='lat' dir='ltr'>altitu-</span> 
     </span>
     <span class='ocr_line' id='line_1_33' title="bbox 309 2013 1661 2068; baseline 0.001 -16"><span class='ocrx_word' id='word_1_214' title='bbox 309 2013 444 2061; x_wconf 84' lang='lat' dir='ltr'>dines,</span> <span class='ocrx_word' id='word_1_215' title='bbox 484 2028 586 2065; x_wconf 88' lang='lat' dir='ltr'>quas</span> <span class='ocrx_word' id='word_1_216' title='bbox 619 2015 823 2068; x_wconf 86' lang='lat' dir='ltr'>cepissent</span> <span class='ocrx_word' id='word_1_217' title='bbox 848 2015 1006 2063; x_wconf 86' lang='lat' dir='ltr'>hostes,</span> <span class='ocrx_word' id='word_1_218' title='bbox 1042 2022 1088 2054; x_wconf 87' lang='lat' dir='ltr'>ut</span> <span class='ocrx_word' id='word_1_219' title='bbox 1111 2029 1184 2068; x_wconf 89' lang='lat' dir='ltr'>per</span> <span class='ocrx_word' id='word_1_220' title='bbox 1212 2014 1450 2068; x_wconf 88' lang='lat' dir='ltr'>praecipitia</span> <span class='ocrx_word' id='word_1_221' title='bbox 1482 2020 1519 2053; x_wconf 92' lang='lat' dir='ltr'>et</span> <span class='ocrx_word' id='word_1_222' title='bbox 1545 2028 1661 2067; x_wconf 89' lang='lat' dir='ltr'>prae-</span> 
     </span>
     <span class='ocr_line' id='line_1_34' title="bbox 308 2076 1661 2131; baseline 0.001 -17"><span class='ocrx_word' id='word_1_223' title='bbox 308 2082 427 2128; x_wconf 85' lang='lat' dir='ltr'>rupta</span> <span class='ocrx_word' id='word_1_224' title='bbox 452 2076 642 2117; x_wconf 86' lang='lat' dir='ltr'>salientes</span> <span class='ocrx_word' id='word_1_225' title='bbox 668 2077 869 2131; x_wconf 86' lang='lat' dir='ltr'>fugerent.</span> <span class='ocrx_word' id='word_1_226' title='bbox 919 2092 1008 2117; x_wconf 91' lang='lat' dir='ltr'>eam</span> <span class='ocrx_word' id='word_1_227' title='bbox 1034 2091 1195 2130; x_wconf 90' lang='lat' dir='ltr'>quoque</span> <span class='ocrx_word' id='word_1_228' title='bbox 1223 2092 1265 2118; x_wconf 91' lang='lat' dir='ltr'>se</span> <span class='ocrx_word' id='word_1_229' title='bbox 1290 2077 1368 2117; x_wconf 91' lang='lat' dir='ltr'>illis</span> <span class='ocrx_word' id='word_1_230' title='bbox 1388 2076 1531 2131; x_wconf 86' lang='lat' dir='ltr'>fugam</span> <span class='ocrx_word' id='word_1_231' title='bbox 1551 2076 1661 2115; x_wconf 90' lang='lat' dir='ltr'>clau-</span> 
     </span>
     <span class='ocr_line' id='line_1_35' title="bbox 311 2137 1658 2192; baseline 0 -16"><span class='ocrx_word' id='word_1_232' title='bbox 311 2151 464 2178; x_wconf 89' lang='lat' dir='ltr'>surum.</span> <span class='ocrx_word' id='word_1_233' title='bbox 526 2139 795 2192; x_wconf 82' lang='lat' dir='ltr'>cohortesque</span> <span class='ocrx_word' id='word_1_234' title='bbox 832 2140 934 2180; x_wconf 89' lang='lat' dir='ltr'>duas</span> <span class='ocrx_word' id='word_1_235' title='bbox 971 2139 1138 2179; x_wconf 86' lang='lat' dir='ltr'>alteram</span> <span class='ocrx_word' id='word_1_236' title='bbox 1180 2146 1315 2179; x_wconf 87' lang='lat' dir='ltr'>tencre</span> <span class='ocrx_word' id='word_1_237' title='bbox 1352 2138 1492 2178; x_wconf 89' lang='lat' dir='ltr'>fauces</span> <span class='ocrx_word' id='word_1_238' title='bbox 1529 2137 1658 2185; x_wconf 77' lang='lat' dir='ltr'>vallis,</span> 
     </span>
     <span class='ocr_line' id='line_1_36' title="bbox 307 2200 1659 2252; baseline 0.001 -14"><span class='ocrx_word' id='word_1_239' title='bbox 307 2213 380 2252; x_wconf 92' lang='lat' dir='ltr'>per</span> <span class='ocrx_word' id='word_1_240' title='bbox 404 2214 526 2251; x_wconf 91' lang='lat' dir='ltr'>quam</span> <span class='ocrx_word' id='word_1_241' title='bbox 552 2201 777 2241; x_wconf 89' lang='lat' dir='ltr'>deferretur</span> <span class='ocrx_word' id='word_1_242' title='bbox 801 2201 951 2250; x_wconf 87' lang='lat' dir='ltr'>amnis,</span> <span class='ocrx_word' id='word_1_243' title='bbox 983 2201 1113 2250; x_wconf 90' lang='lat' dir='ltr'>iubet,</span> <span class='ocrx_word' id='word_1_244' title='bbox 1145 2201 1314 2241; x_wconf 85' lang='lat' dir='ltr'>alteram</span> <span class='ocrx_word' id='word_1_245' title='bbox 1338 2200 1446 2240; x_wconf 66' lang='lat' dir='ltr'>viam</span> <span class='ocrx_word' id='word_1_246' title='bbox 1471 2200 1659 2248; x_wconf 88' lang='lat' dir='ltr'>insidere,</span> 
     </span>
     <span class='ocr_line' id='line_1_37' title="bbox 308 2261 1660 2317; baseline 0.001 -17"><span class='ocrx_word' id='word_1_247' title='bbox 308 2275 412 2313; x_wconf 90' lang='lat' dir='ltr'>quac</span> <span class='ocrx_word' id='word_1_248' title='bbox 449 2261 500 2302; x_wconf 88' lang='lat' dir='ltr'>ab</span> <span class='ocrx_word' id='word_1_249' title='bbox 537 2262 636 2303; x_wconf 86' lang='lat' dir='ltr'>urbe</span> <span class='ocrx_word' id='word_1_250' title='bbox 671 2278 744 2317; x_wconf 86' lang='lat' dir='ltr'>per</span> <span class='ocrx_word' id='word_1_251' title='bbox 780 2263 923 2303; x_wconf 89' lang='lat' dir='ltr'>tumuli</span> <span class='ocrx_word' id='word_1_252' title='bbox 956 2263 1121 2316; x_wconf 81' lang='lat' dir='ltr'>obliqua</span> <span class='ocrx_word' id='word_1_253' title='bbox 1150 2263 1191 2302; x_wconf 91' lang='lat' dir='ltr'>in</span> <span class='ocrx_word' id='word_1_254' title='bbox 1222 2277 1342 2317; x_wconf 86' lang='lat' dir='ltr'>agros</span> <span class='ocrx_word' id='word_1_255' title='bbox 1379 2263 1513 2302; x_wconf 88' lang='lat' dir='ltr'>ferret.</span> <span class='ocrx_word' id='word_1_256' title='bbox 1572 2262 1660 2315; x_wconf 91' lang='lat' dir='ltr'>ipse</span> 
     </span>
     <span class='ocr_line' id='line_1_38' title="bbox 309 2323 1660 2379; baseline -0.001 -16"><span class='ocrx_word' id='word_1_257' title='bbox 309 2324 539 2377; x_wconf 83' lang='lat' dir='ltr'>expeditos,</span> <span class='ocrx_word' id='word_1_258' title='bbox 583 2325 652 2378; x_wconf 91' lang='lat' dir='ltr'>qui</span> <span class='ocrx_word' id='word_1_259' title='bbox 687 2326 816 2378; x_wconf 90' lang='lat' dir='ltr'>pridie</span> <span class='ocrx_word' id='word_1_260' title='bbox 854 2326 1048 2366; x_wconf 88' lang='lat' dir='ltr'>stationes</span> <span class='ocrx_word' id='word_1_261' title='bbox 1086 2325 1265 2365; x_wconf 88' lang='lat' dir='ltr'>hostium</span> <span class='ocrx_word' id='word_1_262' title='bbox 1302 2325 1558 2379; x_wconf 87' lang='lat' dir='ltr'>pepulerant,</span> <span class='ocrx_word' id='word_1_263' title='bbox 1608 2323 1660 2363; x_wconf 87' lang='lat' dir='ltr'>ad</span> 
     </span>
     <span class='ocr_line' id='line_1_39' title="bbox 308 2384 1662 2441; baseline 0 -17"><span class='ocrx_word' id='word_1_264' title='bbox 308 2384 440 2425; x_wconf 75' lang='lat' dir='ltr'>levem</span> <span class='ocrx_word' id='word_1_265' title='bbox 476 2394 722 2426; x_wconf 86' lang='lat' dir='ltr'>armaturam</span> <span class='ocrx_word' id='word_1_266' title='bbox 759 2387 901 2427; x_wconf 88' lang='lat' dir='ltr'>intimo</span> <span class='ocrx_word' id='word_1_267' title='bbox 938 2394 1112 2427; x_wconf 87' lang='lat' dir='ltr'>stantem</span> <span class='ocrx_word' id='word_1_268' title='bbox 1149 2387 1364 2441; x_wconf 87' lang='lat' dir='ltr'>supercilio</span> <span class='ocrx_word' id='word_1_269' title='bbox 1401 2386 1523 2426; x_wconf 88' lang='lat' dir='ltr'>ducit.</span> <span class='ocrx_word' id='word_1_270' title='bbox 1589 2398 1662 2438; x_wconf 89' lang='lat' dir='ltr'>per</span> 
     </span>
     <span class='ocr_line' id='line_1_40' title="bbox 309 2448 1658 2502; baseline 0.001 -16"><span class='ocrx_word' id='word_1_271' title='bbox 309 2461 453 2500; x_wconf 86' lang='lat' dir='ltr'>aspera</span> <span class='ocrx_word' id='word_1_272' title='bbox 477 2448 627 2500; x_wconf 88' lang='lat' dir='ltr'>primo,</span> <span class='ocrx_word' id='word_1_273' title='bbox 653 2448 753 2488; x_wconf 87' lang='lat' dir='ltr'>nihil</span> <span class='ocrx_word' id='word_1_274' title='bbox 778 2448 889 2488; x_wconf 88' lang='lat' dir='ltr'>aliud</span> <span class='ocrx_word' id='word_1_275' title='bbox 908 2463 1031 2501; x_wconf 88' lang='lat' dir='ltr'>quam</span> <span class='ocrx_word' id='word_1_276' title='bbox 1050 2449 1117 2489; x_wconf 63' lang='lat' dir='ltr'>via</span> <span class='ocrx_word' id='word_1_277' title='bbox 1136 2449 1337 2502; x_wconf 87' lang='lat' dir='ltr'>impediti,</span> <span class='ocrx_word' id='word_1_278' title='bbox 1364 2448 1458 2488; x_wconf 91' lang='lat' dir='ltr'>iere.</span> <span class='ocrx_word' id='word_1_279' title='bbox 1498 2448 1658 2496; x_wconf 87' lang='lat' dir='ltr'>deinde,</span> 
     </span>
     <span class='ocr_line' id='line_1_41' title="bbox 309 2508 1658 2564; baseline 0.001 -17"><span class='ocrx_word' id='word_1_280' title='bbox 309 2514 352 2547; x_wconf 90' lang='lat' dir='ltr'>ut</span> <span class='ocrx_word' id='word_1_281' title='bbox 379 2508 454 2548; x_wconf 89' lang='lat' dir='ltr'>sub</span> <span class='ocrx_word' id='word_1_282' title='bbox 480 2509 605 2550; x_wconf 91' lang='lat' dir='ltr'>ictum</span> <span class='ocrx_word' id='word_1_283' title='bbox 630 2517 846 2560; x_wconf 75' lang='lat' dir='ltr'>venerunt,</span> <span class='ocrx_word' id='word_1_284' title='bbox 885 2511 1055 2551; x_wconf 89' lang='lat' dir='ltr'>telorum</span> <span class='ocrx_word' id='word_1_285' title='bbox 1086 2511 1217 2564; x_wconf 88' lang='lat' dir='ltr'>primo</span> <span class='ocrx_word' id='word_1_286' title='bbox 1248 2511 1379 2551; x_wconf 87' lang='lat' dir='ltr'>omnis</span> <span class='ocrx_word' id='word_1_287' title='bbox 1410 2510 1571 2564; x_wconf 81' lang='lat' dir='ltr'>generis</span> <span class='ocrx_word' id='word_1_288' title='bbox 1596 2509 1658 2549; x_wconf 90' lang='lat' dir='ltr'>vis</span> 
     </span>
     <span class='ocr_line' id='line_1_42' title="bbox 310 2568 1657 2626; baseline 0.001 -19"><span class='ocrx_word' id='word_1_289' title='bbox 310 2568 453 2622; x_wconf 88' lang='lat' dir='ltr'>ingens</span> <span class='ocrx_word' id='word_1_290' title='bbox 491 2571 623 2612; x_wconf 86' lang='lat' dir='ltr'>effusa</span> <span class='ocrx_word' id='word_1_291' title='bbox 657 2572 699 2611; x_wconf 87' lang='lat' dir='ltr'>in</span> <span class='ocrx_word' id='word_1_292' title='bbox 735 2587 804 2613; x_wconf 90' lang='lat' dir='ltr'>eos</span> <span class='ocrx_word' id='word_1_293' title='bbox 842 2578 920 2621; x_wconf 88' lang='lat' dir='ltr'>est,</span> <span class='ocrx_word' id='word_1_294' title='bbox 957 2572 1037 2626; x_wconf 87' lang='lat' dir='ltr'>ipsi</span> <span class='ocrx_word' id='word_1_295' title='bbox 1074 2579 1214 2612; x_wconf 84' lang='lat' dir='ltr'>contra</span> <span class='ocrx_word' id='word_1_296' title='bbox 1251 2587 1367 2620; x_wconf 83' lang='lat' dir='ltr'>saxa,</span> <span class='ocrx_word' id='word_1_297' title='bbox 1405 2586 1509 2624; x_wconf 90' lang='lat' dir='ltr'>quae</span> <span class='ocrx_word' id='word_1_298' title='bbox 1544 2571 1657 2611; x_wconf 89' lang='lat' dir='ltr'>locus</span> 
     </span>
     <span class='ocr_line' id='line_1_43' title="bbox 312 2633 1655 2686; baseline 0.001 -17"><span class='ocrx_word' id='word_1_299' title='bbox 312 2637 436 2670; x_wconf 86' lang='lat' dir='ltr'>strata</span> <span class='ocrx_word' id='word_1_300' title='bbox 470 2633 643 2684; x_wconf 88' lang='lat' dir='ltr'>passim,</span> <span class='ocrx_word' id='word_1_301' title='bbox 682 2634 819 2674; x_wconf 86' lang='lat' dir='ltr'>omnia</span> <span class='ocrx_word' id='word_1_302' title='bbox 853 2634 981 2674; x_wconf 85' lang='lat' dir='ltr'>ferme</span> <span class='ocrx_word' id='word_1_303' title='bbox 1012 2634 1201 2682; x_wconf 86' lang='lat' dir='ltr'>missilia,</span> <span class='ocrx_word' id='word_1_304' title='bbox 1238 2633 1423 2686; x_wconf 86' lang='lat' dir='ltr'>praebet,</span> <span class='ocrx_word' id='word_1_305' title='bbox 1460 2633 1655 2685; x_wconf 82' lang='lat' dir='ltr'>ingerere,</span> 
     </span>
     <span class='ocr_line' id='line_1_44' title="bbox 310 2692 1657 2742; baseline 0.001 -13"><span class='ocrx_word' id='word_1_306' title='bbox 310 2704 392 2730; x_wconf 90' lang='lat' dir='ltr'>non</span> <span class='ocrx_word' id='word_1_307' title='bbox 417 2692 564 2733; x_wconf 89' lang='lat' dir='ltr'>milites</span> <span class='ocrx_word' id='word_1_308' title='bbox 591 2694 742 2742; x_wconf 80' lang='lat' dir='ltr'>solum,</span> <span class='ocrx_word' id='word_1_309' title='bbox 780 2696 852 2735; x_wconf 87' lang='lat' dir='ltr'>sed</span> <span class='ocrx_word' id='word_1_310' title='bbox 883 2696 1004 2735; x_wconf 85' lang='lat' dir='ltr'>etiam</span> <span class='ocrx_word' id='word_1_311' title='bbox 1035 2695 1154 2735; x_wconf 88' lang='lat' dir='ltr'>turba</span> <span class='ocrx_word' id='word_1_312' title='bbox 1185 2694 1372 2734; x_wconf 87' lang='lat' dir='ltr'>calonum</span> <span class='ocrx_word' id='word_1_313' title='bbox 1402 2693 1571 2732; x_wconf 78' lang='lat' dir='ltr'>inmixta</span> <span class='ocrx_word' id='word_1_314' title='bbox 1596 2705 1657 2731; x_wconf 84' lang='lat' dir='ltr'>ar-</span> 
     </span>
    </p>
   </div>
  </div>
 </body>
</html>
