<?xml version="1.0" encoding="UTF-8"?>
<!DOCTYPE html PUBLIC "-//W3C//DTD XHTML 1.0 Transitional//EN"
    "http://www.w3.org/TR/xhtml1/DTD/xhtml1-transitional.dtd">
<html xmlns="http://www.w3.org/1999/xhtml" xml:lang="en" lang="en">
 <head>
  <title>
</title>
<meta http-equiv="Content-Type" content="text/html;charset=utf-8" />
  <meta name='ocr-system' content='tesseract 3.04.00' />
  <meta name='ocr-capabilities' content='ocr_page ocr_carea ocr_par ocr_line ocrx_word'/>
</head>
<body>
  <div class='ocr_page' id='page_1' title='image "./aburbeconditalib02livyuoft_0439.png"; bbox 0 0 1815 3184; ppageno 0'>
   <div class='ocr_carea' id='block_1_1' title="bbox 445 237 1479 292">
    <p class='ocr_par' dir='ltr' id='par_1_1' title="bbox 445 237 1479 292">
     <span class='ocr_line' id='line_1_1' title="bbox 445 237 1479 292; baseline -0.003 -8"><span class='ocrx_word' id='word_1_1' title='bbox 445 249 599 284; x_wconf 80' lang='lat' dir='ltr'>LIBER</span> <span class='ocrx_word' id='word_1_2' title='bbox 623 249 789 292; x_wconf 72' lang='lat' dir='ltr'>xxvii,</span> <span class='ocrx_word' id='word_1_3' title='bbox 817 248 922 282; x_wconf 87' lang='lat'><strong>9.10.</strong></span> <span class='ocrx_word' id='word_1_4' title='bbox 950 250 998 291; x_wconf 78' lang='lat' dir='ltr'>[a.</span> <span class='ocrx_word' id='word_1_5' title='bbox 1015 246 1149 291; x_wconf 79' lang='lat' dir='ltr'><strong>C.209]</strong></span> <span class='ocrx_word' id='word_1_6' title='bbox 1394 237 1479 281; x_wconf 85' lang='lat'>335</span> 
     </span>
    </p>
   </div>
   <div class='ocr_carea' id='block_1_2' title="bbox 127 348 1487 2733">
    <p class='ocr_par' dir='ltr' id='par_1_2' title="bbox 127 348 1484 1199">
     <span class='ocr_line' id='line_1_2' title="bbox 131 348 1481 407; baseline -0.004 -13"><span class='ocrx_word' id='word_1_7' title='bbox 131 358 296 407; x_wconf 88' lang='lat' dir='ltr'>captum</span> <span class='ocrx_word' id='word_1_8' title='bbox 320 352 432 393; x_wconf 89' lang='lat' dir='ltr'>urbis</span> <span class='ocrx_word' id='word_1_9' title='bbox 458 352 669 407; x_wconf 87' lang='lat' dir='ltr'>augendae</span> <span class='ocrx_word' id='word_1_10' title='bbox 695 365 820 391; x_wconf 87' lang='lat' dir='ltr'>causa</span> <span class='ocrx_word' id='word_1_11' title='bbox 844 349 1005 391; x_wconf 86' lang='lat' dir='ltr'>missos.</span> <span class='ocrx_word' id='word_1_12' title='bbox 1065 363 1170 403; x_wconf 88' lang='lat' dir='ltr'>quae</span> <span class='ocrx_word' id='word_1_13' title='bbox 1194 348 1310 390; x_wconf 90' lang='lat' dir='ltr'>liberi</span> <span class='ocrx_word' id='word_1_14' title='bbox 1334 363 1481 402; x_wconf 89' lang='lat' dir='ltr'>paren-</span> 
     </span>
     <span class='ocr_line' id='line_1_3' title="bbox 131 409 1481 464; baseline -0.003 -10"><span class='ocrx_word' id='word_1_15' title='bbox 131 414 239 455; x_wconf 82' lang='lat' dir='ltr'>tibus</span> <span class='ocrx_word' id='word_1_16' title='bbox 266 413 476 462; x_wconf 88' lang='lat' dir='ltr'>deberent,</span> <span class='ocrx_word' id='word_1_17' title='bbox 505 428 552 454; x_wconf 84' lang='lat' dir='ltr'>ea</span> <span class='ocrx_word' id='word_1_18' title='bbox 576 413 671 453; x_wconf 88' lang='lat' dir='ltr'>illos</span> <span class='ocrx_word' id='word_1_19' title='bbox 693 412 891 453; x_wconf 79' lang='lat' dir='ltr'>Romanis</span> <span class='ocrx_word' id='word_1_20' title='bbox 917 411 1084 460; x_wconf 86' lang='lat' dir='ltr'>debere,</span> <span class='ocrx_word' id='word_1_21' title='bbox 1111 411 1145 451; x_wconf 91' lang='lat' dir='ltr'>si</span> <span class='ocrx_word' id='word_1_22' title='bbox 1169 411 1249 450; x_wconf 88' lang='lat' dir='ltr'>ulla</span> <span class='ocrx_word' id='word_1_23' title='bbox 1274 411 1418 464; x_wconf 87' lang='lat' dir='ltr'>pietas,</span> <span class='ocrx_word' id='word_1_24' title='bbox 1446 409 1481 450; x_wconf 88' lang='lat' dir='ltr'>si</span> 
     </span>
     <span class='ocr_line' id='line_1_4' title="bbox 130 471 1481 528; baseline -0.003 -13"><span class='ocrx_word' id='word_1_25' title='bbox 130 476 325 516; x_wconf 88' lang='lat' dir='ltr'>memoria</span> <span class='ocrx_word' id='word_1_26' title='bbox 351 475 540 527; x_wconf 88' lang='lat' dir='ltr'>antiquae</span> <span class='ocrx_word' id='word_1_27' title='bbox 564 474 717 528; x_wconf 79' lang='lat' dir='ltr'>patriae</span> <span class='ocrx_word' id='word_1_28' title='bbox 743 480 863 513; x_wconf 90' lang='lat' dir='ltr'>esset.</span> <span class='ocrx_word' id='word_1_29' title='bbox 918 473 1174 513; x_wconf 80' lang='lat' dir='ltr'>consulerent</span> <span class='ocrx_word' id='word_1_30' title='bbox 1198 472 1322 526; x_wconf 90' lang='lat' dir='ltr'>igitur</span> <span class='ocrx_word' id='word_1_31' title='bbox 1346 472 1397 512; x_wconf 90' lang='lat' dir='ltr'>de</span> <span class='ocrx_word' id='word_1_32' title='bbox 1421 471 1481 511; x_wconf 89' lang='lat' dir='ltr'>in-</span> 
     </span>
     <span class='ocr_line' id='line_1_5' title="bbox 130 534 1481 591; baseline -0.003 -15"><span class='ocrx_word' id='word_1_33' title='bbox 130 543 264 591; x_wconf 89' lang='lat' dir='ltr'>tegro:</span> <span class='ocrx_word' id='word_1_34' title='bbox 302 552 396 576; x_wconf 87' lang='lat' dir='ltr'>nam</span> <span class='ocrx_word' id='word_1_35' title='bbox 421 544 508 576; x_wconf 88' lang='lat' dir='ltr'>tum</span> <span class='ocrx_word' id='word_1_36' title='bbox 532 536 698 588; x_wconf 90' lang='lat' dir='ltr'>quidem</span> <span class='ocrx_word' id='word_1_37' title='bbox 722 549 826 588; x_wconf 85' lang='lat' dir='ltr'>quae</span> <span class='ocrx_word' id='word_1_38' title='bbox 857 540 1007 574; x_wconf 91' lang='lat' dir='ltr'>temere</span> <span class='ocrx_word' id='word_1_39' title='bbox 1033 534 1273 588; x_wconf 79' lang='lat' dir='ltr'>agitassent,</span> <span class='ocrx_word' id='word_1_40' title='bbox 1311 547 1360 573; x_wconf 93' lang='lat' dir='ltr'>ea</span> <span class='ocrx_word' id='word_1_41' title='bbox 1388 547 1481 587; x_wconf 90' lang='lat' dir='ltr'>pro-</span> 
     </span>
     <span class='ocr_line' id='line_1_6' title="bbox 131 593 1479 651; baseline -0.001 -14"><span class='ocrx_word' id='word_1_42' title='bbox 131 598 253 638; x_wconf 88' lang='lat' dir='ltr'>dendi</span> <span class='ocrx_word' id='word_1_43' title='bbox 277 598 421 651; x_wconf 89' lang='lat' dir='ltr'>imperi</span> <span class='ocrx_word' id='word_1_44' title='bbox 446 597 640 646; x_wconf 83' lang='lat' dir='ltr'>Romani,</span> <span class='ocrx_word' id='word_1_45' title='bbox 668 597 886 637; x_wconf 78' lang='lat' dir='ltr'>tradendae</span> <span class='ocrx_word' id='word_1_46' title='bbox 907 595 1133 636; x_wconf 82' lang='lat' dir='ltr'>Hannibali</span> <span class='ocrx_word' id='word_1_47' title='bbox 1158 593 1350 635; x_wconf 85' lang='lat' dir='ltr'>victoriae</span> <span class='ocrx_word' id='word_1_48' title='bbox 1375 606 1479 635; x_wconf 74' lang='lat' dir='ltr'>esse,</span> 
     </span>
     <span class='ocr_line' id='line_1_7' title="bbox 131 656 1482 705; baseline -0.003 -6"><span class='ocrx_word' id='word_1_49' title='bbox 131 673 224 699; x_wconf 79' lang='lat' dir='ltr'>cum</span> <span class='ocrx_word' id='word_1_50' title='bbox 249 659 413 699; x_wconf 88' lang='lat' dir='ltr'>alternis</span> <span class='ocrx_word' id='word_1_51' title='bbox 439 659 540 698; x_wconf 90' lang='lat' dir='ltr'>haec</span> <span class='ocrx_word' id='word_1_52' title='bbox 571 658 760 699; x_wconf 87' lang='lat' dir='ltr'>consules</span> <span class='ocrx_word' id='word_1_53' title='bbox 791 657 861 698; x_wconf 92' lang='lat' dir='ltr'>diu</span> <span class='ocrx_word' id='word_1_54' title='bbox 891 657 1128 705; x_wconf 90' lang='lat' dir='ltr'>iactassent,</span> <span class='ocrx_word' id='word_1_55' title='bbox 1166 656 1267 696; x_wconf 88' lang='lat' dir='ltr'>nihil</span> <span class='ocrx_word' id='word_1_56' title='bbox 1297 656 1396 696; x_wconf 88' lang='lat' dir='ltr'>moti</span> <span class='ocrx_word' id='word_1_57' title='bbox 1425 656 1482 696; x_wconf 92' lang='lat' dir='ltr'>le-</span> 
     </span>
     <span class='ocr_line' id='line_1_8' title="bbox 130 717 1481 774; baseline -0.002 -14"><span class='ocrx_word' id='word_1_58' title='bbox 130 720 216 774; x_wconf 87' lang='lat' dir='ltr'>gati</span> <span class='ocrx_word' id='word_1_59' title='bbox 240 734 372 772; x_wconf 86' lang='lat' dir='ltr'>neque</span> <span class='ocrx_word' id='word_1_60' title='bbox 405 734 447 760; x_wconf 89' lang='lat' dir='ltr'>se</span> <span class='ocrx_word' id='word_1_61' title='bbox 478 720 588 772; x_wconf 88' lang='lat' dir='ltr'>quod</span> <span class='ocrx_word' id='word_1_62' title='bbox 619 720 786 760; x_wconf 87' lang='lat' dir='ltr'>domum</span> <span class='ocrx_word' id='word_1_63' title='bbox 815 718 1091 758; x_wconf 78' lang='lat' dir='ltr'>renuntiarent</span> <span class='ocrx_word' id='word_1_64' title='bbox 1115 717 1265 758; x_wconf 89' lang='lat' dir='ltr'>habere</span> <span class='ocrx_word' id='word_1_65' title='bbox 1291 717 1481 757; x_wconf 81' lang='lat' dir='ltr'>dixerunt</span> 
     </span>
     <span class='ocr_line' id='line_1_9' title="bbox 130 778 1478 833; baseline -0.001 -13"><span class='ocrx_word' id='word_1_66' title='bbox 130 795 261 833; x_wconf 87' lang='lat' dir='ltr'>neque</span> <span class='ocrx_word' id='word_1_67' title='bbox 288 788 474 821; x_wconf 90' lang='lat' dir='ltr'>senatum</span> <span class='ocrx_word' id='word_1_68' title='bbox 500 796 619 821; x_wconf 89' lang='lat' dir='ltr'>suum</span> <span class='ocrx_word' id='word_1_69' title='bbox 645 780 743 833; x_wconf 87' lang='lat' dir='ltr'>quid</span> <span class='ocrx_word' id='word_1_70' title='bbox 768 780 864 820; x_wconf 77' lang='lat' dir='ltr'>novi</span> <span class='ocrx_word' id='word_1_71' title='bbox 888 779 1134 828; x_wconf 68' lang='lat' dir='ltr'>consuleret,</span> <span class='ocrx_word' id='word_1_72' title='bbox 1166 778 1238 819; x_wconf 89' lang='lat' dir='ltr'>ubi</span> <span class='ocrx_word' id='word_1_73' title='bbox 1262 793 1338 819; x_wconf 91' lang='lat' dir='ltr'>nec</span> <span class='ocrx_word' id='word_1_74' title='bbox 1362 779 1478 819; x_wconf 82' lang='lat' dir='ltr'>miles</span> 
     </span>
     <span class='ocr_line' id='line_1_10' title="bbox 130 841 1480 896; baseline -0.001 -14"><span class='ocrx_word' id='word_1_75' title='bbox 130 842 200 894; x_wconf 91' lang='lat' dir='ltr'>qui</span> <span class='ocrx_word' id='word_1_76' title='bbox 235 842 553 896; x_wconf 66' lang='lat' dir='ltr'>legeretur-&#39;nec</span> <span class='ocrx_word' id='word_1_77' title='bbox 589 841 764 895; x_wconf 90' lang='lat' dir='ltr'>pecunia</span> <span class='ocrx_word' id='word_1_78' title='bbox 803 855 907 893; x_wconf 87' lang='lat' dir='ltr'>quae</span> <span class='ocrx_word' id='word_1_79' title='bbox 944 841 1108 880; x_wconf 88' lang='lat' dir='ltr'>daretur</span> <span class='ocrx_word' id='word_1_80' title='bbox 1147 841 1189 880; x_wconf 89' lang='lat' dir='ltr'>in</span> <span class='ocrx_word' id='word_1_81' title='bbox 1232 841 1480 895; x_wconf 82' lang='lat' dir='ltr'>stipendium</span> 
     </span>
     <span class='ocr_line' id='line_1_11' title="bbox 131 902 1482 951; baseline -0.001 -8"><span class='ocrx_word' id='word_1_82' title='bbox 131 910 251 943; x_wconf 87' lang='lat' dir='ltr'>esset.</span> <span class='ocrx_word' id='word_1_83' title='bbox 311 917 404 943; x_wconf 89' lang='lat' dir='ltr'>cum</span> <span class='ocrx_word' id='word_1_84' title='bbox 429 902 655 943; x_wconf 88' lang='lat' dir='ltr'>obstinatos</span> <span class='ocrx_word' id='word_1_85' title='bbox 681 917 751 942; x_wconf 92' lang='lat' dir='ltr'>eos</span> <span class='ocrx_word' id='word_1_86' title='bbox 776 902 961 942; x_wconf 81' lang='lat' dir='ltr'>viderent</span> <span class='ocrx_word' id='word_1_87' title='bbox 985 902 1193 951; x_wconf 89' lang='lat' dir='ltr'>consules,</span> <span class='ocrx_word' id='word_1_88' title='bbox 1230 917 1318 942; x_wconf 89' lang='lat' dir='ltr'>rem</span> <span class='ocrx_word' id='word_1_89' title='bbox 1342 903 1394 942; x_wconf 88' lang='lat' dir='ltr'>ad</span> <span class='ocrx_word' id='word_1_90' title='bbox 1419 916 1482 943; x_wconf 91' lang='lat' dir='ltr'>se-</span> 
     </span>
     <span class='ocr_line' id='line_1_12' title="bbox 130 963 1482 1016; baseline -0.001 -12"><span class='ocrx_word' id='word_1_91' title='bbox 130 972 270 1004; x_wconf 90' lang='lat' dir='ltr'>natum</span> <span class='ocrx_word' id='word_1_92' title='bbox 295 964 542 1012; x_wconf 87' lang='lat' dir='ltr'>detulerunt,</span> <span class='ocrx_word' id='word_1_93' title='bbox 580 963 650 1003; x_wconf 93' lang='lat' dir='ltr'>ubi</span> <span class='ocrx_word' id='word_1_94' title='bbox 681 970 817 1003; x_wconf 91' lang='lat' dir='ltr'>tantus</span> <span class='ocrx_word' id='word_1_95' title='bbox 848 977 977 1016; x_wconf 66' lang='lat' dir='ltr'>pavor</span> <span class='ocrx_word' id='word_1_96' title='bbox 1007 963 1152 1003; x_wconf 88' lang='lat' dir='ltr'>animis</span> <span class='ocrx_word' id='word_1_97' title='bbox 1183 963 1395 1003; x_wconf 90' lang='lat' dir='ltr'>hominum</span> <span class='ocrx_word' id='word_1_98' title='bbox 1419 969 1482 1003; x_wconf 82' lang='lat' dir='ltr'>est</span> 
     </span>
     <span class='ocr_line' id='line_1_13' title="bbox 129 1023 1483 1078; baseline -0.001 -13"><span class='ocrx_word' id='word_1_99' title='bbox 129 1025 319 1073; x_wconf 86' lang='lat' dir='ltr'>iniectus,</span> <span class='ocrx_word' id='word_1_100' title='bbox 357 1031 401 1064; x_wconf 92' lang='lat' dir='ltr'>ut</span> <span class='ocrx_word' id='word_1_101' title='bbox 425 1039 576 1078; x_wconf 86' lang='lat' dir='ltr'>magna</span> <span class='ocrx_word' id='word_1_102' title='bbox 605 1039 699 1078; x_wconf 87' lang='lat' dir='ltr'>pars</span> <span class='ocrx_word' id='word_1_103' title='bbox 732 1030 868 1064; x_wconf 83' lang='lat' dir='ltr'>actum</span> <span class='ocrx_word' id='word_1_104' title='bbox 893 1023 943 1063; x_wconf 89' lang='lat' dir='ltr'>de</span> <span class='ocrx_word' id='word_1_105' title='bbox 973 1023 1142 1076; x_wconf 90' lang='lat' dir='ltr'>imperio</span> <span class='ocrx_word' id='word_1_106' title='bbox 1168 1024 1338 1065; x_wconf 86' lang='lat' dir='ltr'>diceret:</span> <span class='ocrx_word' id='word_1_107' title='bbox 1373 1025 1483 1064; x_wconf 87' lang='lat' dir='ltr'>idem</span> 
     </span>
     <span class='ocr_line' id='line_1_14' title="bbox 129 1084 1484 1133; baseline -0.001 -8"><span class='ocrx_word' id='word_1_108' title='bbox 129 1085 228 1125; x_wconf 87' lang='lat' dir='ltr'>alias</span> <span class='ocrx_word' id='word_1_109' title='bbox 255 1085 434 1125; x_wconf 87' lang='lat' dir='ltr'>colonias</span> <span class='ocrx_word' id='word_1_110' title='bbox 459 1085 656 1133; x_wconf 83' lang='lat' dir='ltr'>facturas,</span> <span class='ocrx_word' id='word_1_111' title='bbox 683 1085 793 1124; x_wconf 90' lang='lat' dir='ltr'>idem</span> <span class='ocrx_word' id='word_1_112' title='bbox 819 1084 970 1133; x_wconf 86' lang='lat' dir='ltr'>socios;</span> <span class='ocrx_word' id='word_1_113' title='bbox 998 1085 1256 1126; x_wconf 78' lang='lat' dir='ltr'>consensisse</span> <span class='ocrx_word' id='word_1_114' title='bbox 1281 1085 1411 1126; x_wconf 88' lang='lat' dir='ltr'>omnis</span> <span class='ocrx_word' id='word_1_115' title='bbox 1432 1085 1484 1125; x_wconf 86' lang='lat' dir='ltr'>ad</span> 
     </span>
     <span class='ocr_line' id='line_1_15' title="bbox 127 1145 1073 1199; baseline -0.001 -13"><span class='ocrx_word' id='word_1_116' title='bbox 127 1146 381 1199; x_wconf 84' lang='lat' dir='ltr'>prodendam</span> <span class='ocrx_word' id='word_1_117' title='bbox 406 1145 633 1185; x_wconf 85' lang='lat' dir='ltr'>Hannibali</span> <span class='ocrx_word' id='word_1_118' title='bbox 658 1145 803 1185; x_wconf 90' lang='lat' dir='ltr'>urbem</span> <span class='ocrx_word' id='word_1_119' title='bbox 829 1145 1073 1186; x_wconf 84' lang='lat' dir='ltr'>Romanam.</span> 
     </span>
    </p>

    <p class='ocr_par' dir='ltr' id='par_1_3' title="bbox 128 1207 1487 2733">
     <span class='ocr_line' id='line_1_16' title="bbox 210 1207 1478 1256; baseline 0 -8"><span class='ocrx_word' id='word_1_120' title='bbox 210 1207 270 1248; x_wconf 91' lang='lat' dir='ltr'>X.</span> <span class='ocrx_word' id='word_1_121' title='bbox 333 1207 536 1248; x_wconf 87' lang='lat' dir='ltr'>Consules</span> <span class='ocrx_word' id='word_1_122' title='bbox 567 1207 717 1248; x_wconf 88' lang='lat' dir='ltr'>hortari</span> <span class='ocrx_word' id='word_1_123' title='bbox 748 1214 787 1247; x_wconf 88' lang='lat' dir='ltr'>et</span> <span class='ocrx_word' id='word_1_124' title='bbox 819 1207 1020 1247; x_wconf 88' lang='lat' dir='ltr'>consolari</span> <span class='ocrx_word' id='word_1_125' title='bbox 1052 1213 1240 1247; x_wconf 90' lang='lat' dir='ltr'>senatum</span> <span class='ocrx_word' id='word_1_126' title='bbox 1268 1213 1307 1248; x_wconf 88' lang='lat' dir='ltr'>et</span> <span class='ocrx_word' id='word_1_127' title='bbox 1331 1207 1478 1256; x_wconf 87' lang='lat' dir='ltr'>dicere,</span> 
     </span>
     <span class='ocr_line' id='line_1_17' title="bbox 128 1269 1482 1322; baseline -0.001 -12"><span class='ocrx_word' id='word_1_128' title='bbox 128 1269 228 1310; x_wconf 86' lang='lat' dir='ltr'>alias</span> <span class='ocrx_word' id='word_1_129' title='bbox 254 1269 434 1310; x_wconf 88' lang='lat' dir='ltr'>colonias</span> <span class='ocrx_word' id='word_1_130' title='bbox 458 1270 501 1309; x_wconf 91' lang='lat' dir='ltr'>in</span> <span class='ocrx_word' id='word_1_131' title='bbox 525 1269 605 1310; x_wconf 87' lang='lat' dir='ltr'>fide</span> <span class='ocrx_word' id='word_1_132' title='bbox 630 1276 751 1322; x_wconf 87' lang='lat' dir='ltr'>atque</span> <span class='ocrx_word' id='word_1_133' title='bbox 783 1269 920 1310; x_wconf 88' lang='lat' dir='ltr'>officio</span> <span class='ocrx_word' id='word_1_134' title='bbox 946 1269 1116 1322; x_wconf 78' lang='lat' dir='ltr'>pristino</span> <span class='ocrx_word' id='word_1_135' title='bbox 1142 1269 1248 1310; x_wconf 87' lang='lat' dir='ltr'>fore:</span> <span class='ocrx_word' id='word_1_136' title='bbox 1286 1283 1355 1310; x_wconf 90' lang='lat' dir='ltr'>eas</span> <span class='ocrx_word' id='word_1_137' title='bbox 1381 1284 1482 1322; x_wconf 87' lang='lat' dir='ltr'>quo-</span> 
     </span>
     <span class='ocr_line' id='line_1_18' title="bbox 128 1328 1481 1386; baseline -0.001 -14"><span class='ocrx_word' id='word_1_138' title='bbox 128 1345 207 1384; x_wconf 91' lang='lat' dir='ltr'>que</span> <span class='ocrx_word' id='word_1_139' title='bbox 227 1331 372 1385; x_wconf 79' lang='lat' dir='ltr'>ipsas,</span> <span class='ocrx_word' id='word_1_140' title='bbox 410 1346 514 1384; x_wconf 89' lang='lat' dir='ltr'>quae</span> <span class='ocrx_word' id='word_1_141' title='bbox 552 1331 688 1372; x_wconf 88' lang='lat' dir='ltr'>officio</span> <span class='ocrx_word' id='word_1_142' title='bbox 724 1331 1016 1380; x_wconf 86' lang='lat' dir='ltr'>decessissent,</span> <span class='ocrx_word' id='word_1_143' title='bbox 1054 1328 1089 1372; x_wconf 90' lang='lat' dir='ltr'>si</span> <span class='ocrx_word' id='word_1_144' title='bbox 1119 1331 1244 1386; x_wconf 90' lang='lat' dir='ltr'>legati</span> <span class='ocrx_word' id='word_1_145' title='bbox 1275 1331 1382 1371; x_wconf 89' lang='lat' dir='ltr'>circa</span> <span class='ocrx_word' id='word_1_146' title='bbox 1412 1345 1481 1371; x_wconf 88' lang='lat' dir='ltr'>eas</span> 
     </span>
     <span class='ocr_line' id='line_1_19' title="bbox 129 1393 1483 1447; baseline 0 -14"><span class='ocrx_word' id='word_1_147' title='bbox 129 1393 309 1433; x_wconf 90' lang='lat' dir='ltr'>colonias</span> <span class='ocrx_word' id='word_1_148' title='bbox 334 1393 544 1433; x_wconf 85' lang='lat' dir='ltr'>mittantur</span> <span class='ocrx_word' id='word_1_149' title='bbox 568 1393 638 1446; x_wconf 84' lang='lat' dir='ltr'>qui</span> <span class='ocrx_word' id='word_1_150' title='bbox 663 1394 881 1447; x_wconf 82' lang='lat' dir='ltr'>castigent,</span> <span class='ocrx_word' id='word_1_151' title='bbox 907 1408 995 1434; x_wconf 91' lang='lat' dir='ltr'>non·</span> <span class='ocrx_word' id='word_1_152' title='bbox 1014 1393 1084 1446; x_wconf 86' lang='lat' dir='ltr'>qui</span> <span class='ocrx_word' id='word_1_153' title='bbox 1108 1399 1342 1447; x_wconf 85' lang='lat' dir='ltr'>precentur,</span> <span class='ocrx_word' id='word_1_154' title='bbox 1369 1407 1483 1433; x_wconf 76' lang='lat' dir='ltr'>vere-</span> 
     </span>
     <span class='ocr_line' id='line_1_20' title="bbox 130 1454 1480 1508; baseline 0 -14"><span class='ocrx_word' id='word_1_155' title='bbox 130 1454 321 1494; x_wconf 85' lang='lat' dir='ltr'>cundiam</span> <span class='ocrx_word' id='word_1_156' title='bbox 345 1454 490 1508; x_wconf 90' lang='lat' dir='ltr'>imperi</span> <span class='ocrx_word' id='word_1_157' title='bbox 513 1454 722 1495; x_wconf 90' lang='lat' dir='ltr'>habituras</span> <span class='ocrx_word' id='word_1_158' title='bbox 749 1469 852 1495; x_wconf 90' lang='lat' dir='ltr'>esse.</span> <span class='ocrx_word' id='word_1_159' title='bbox 911 1455 1158 1508; x_wconf 89' lang='lat' dir='ltr'>permissum</span> <span class='ocrx_word' id='word_1_160' title='bbox 1185 1454 1236 1495; x_wconf 91' lang='lat' dir='ltr'>ab</span> <span class='ocrx_word' id='word_1_161' title='bbox 1263 1461 1407 1495; x_wconf 90' lang='lat' dir='ltr'>senatu</span> <span class='ocrx_word' id='word_1_162' title='bbox 1431 1454 1480 1495; x_wconf 91' lang='lat' dir='ltr'>iis</span> 
     </span>
     <span class='ocr_line' id='line_1_21' title="bbox 130 1515 1481 1569; baseline -0.001 -13"><span class='ocrx_word' id='word_1_163' title='bbox 130 1529 224 1556; x_wconf 88' lang='lat' dir='ltr'>cum</span> <span class='ocrx_word' id='word_1_164' title='bbox 249 1522 375 1563; x_wconf 89' lang='lat' dir='ltr'>esset,</span> <span class='ocrx_word' id='word_1_165' title='bbox 413 1515 594 1555; x_wconf 87' lang='lat' dir='ltr'>facerent</span> <span class='ocrx_word' id='word_1_166' title='bbox 619 1522 868 1569; x_wconf 82' lang='lat' dir='ltr'>agerentque</span> <span class='ocrx_word' id='word_1_167' title='bbox 898 1522 942 1555; x_wconf 90' lang='lat' dir='ltr'>ut</span> <span class='ocrx_word' id='word_1_168' title='bbox 967 1529 988 1556; x_wconf 91' lang='lat' dir='ltr'>e</span> <span class='ocrx_word' id='word_1_169' title='bbox 1012 1530 1055 1556; x_wconf 89' lang='lat' dir='ltr'>re</span> <span class='ocrx_word' id='word_1_170' title='bbox 1080 1515 1245 1569; x_wconf 87' lang='lat' dir='ltr'>publica</span> <span class='ocrx_word' id='word_1_171' title='bbox 1274 1516 1481 1564; x_wconf 85' lang='lat' dir='ltr'>ducerent,</span> 
     </span>
     <span class='ocr_line' id='line_1_22' title="bbox 130 1576 1483 1630; baseline 0.002 -14"><span class='ocrx_word' id='word_1_172' title='bbox 130 1577 409 1630; x_wconf 89' lang='lat' dir='ltr'>pertemptatis</span> <span class='ocrx_word' id='word_1_173' title='bbox 445 1576 557 1630; x_wconf 89' lang='lat' dir='ltr'>prius</span> <span class='ocrx_word' id='word_1_174' title='bbox 589 1577 760 1616; x_wconf 88' lang='lat' dir='ltr'>aliarum</span> <span class='ocrx_word' id='word_1_175' title='bbox 797 1577 1048 1617; x_wconf 90' lang='lat' dir='ltr'>coloniarum</span> <span class='ocrx_word' id='word_1_176' title='bbox 1079 1577 1225 1618; x_wconf 89' lang='lat' dir='ltr'>animis</span> <span class='ocrx_word' id='word_1_177' title='bbox 1257 1577 1483 1619; x_wconf 84' lang='lat' dir='ltr'>citaverunt</span> 
     </span>
     <span class='ocr_line' id='line_1_23' title="bbox 130 1638 1485 1692; baseline 0.001 -14"><span class='ocrx_word' id='word_1_178' title='bbox 130 1638 287 1692; x_wconf 86' lang='lat' dir='ltr'>legatos</span> <span class='ocrx_word' id='word_1_179' title='bbox 333 1638 702 1691; x_wconf 81' lang='lat' dir='ltr'>quaesiveruntque</span> <span class='ocrx_word' id='word_1_180' title='bbox 728 1638 778 1678; x_wconf 87' lang='lat' dir='ltr'>ab</span> <span class='ocrx_word' id='word_1_181' title='bbox 804 1638 871 1687; x_wconf 84' lang='lat' dir='ltr'>iis,</span> <span class='ocrx_word' id='word_1_182' title='bbox 899 1639 1045 1691; x_wconf 88' lang='lat' dir='ltr'>ecquid</span> <span class='ocrx_word' id='word_1_183' title='bbox 1070 1639 1217 1680; x_wconf 87' lang='lat' dir='ltr'>milites</span> <span class='ocrx_word' id='word_1_184' title='bbox 1237 1653 1287 1679; x_wconf 83' lang='lat' dir='ltr'>ex</span> <span class='ocrx_word' id='word_1_185' title='bbox 1308 1638 1485 1680; x_wconf 84' lang='lat' dir='ltr'>formula</span> 
     </span>
     <span class='ocr_line' id='line_1_24' title="bbox 130 1699 1482 1754; baseline 0.001 -15"><span class='ocrx_word' id='word_1_186' title='bbox 130 1706 294 1753; x_wconf 86' lang='lat' dir='ltr'>paratos</span> <span class='ocrx_word' id='word_1_187' title='bbox 319 1699 528 1740; x_wconf 90' lang='lat' dir='ltr'>haberent.</span> <span class='ocrx_word' id='word_1_188' title='bbox 588 1714 661 1753; x_wconf 91' lang='lat' dir='ltr'>pro</span> <span class='ocrx_word' id='word_1_189' title='bbox 687 1699 970 1754; x_wconf 84' lang='lat' dir='ltr'>duodeviginti</span> <span class='ocrx_word' id='word_1_190' title='bbox 1000 1700 1169 1740; x_wconf 85' lang='lat' dir='ltr'>coloniis</span> <span class='ocrx_word' id='word_1_191' title='bbox 1194 1699 1255 1740; x_wconf 87' lang='lat' dir='ltr'>M.</span> <span class='ocrx_word' id='word_1_192' title='bbox 1284 1699 1482 1741; x_wconf 81' lang='lat' dir='ltr'>Sextilius</span> 
     </span>
     <span class='ocr_line' id='line_1_25' title="bbox 131 1760 1481 1815; baseline 0.001 -15"><span class='ocrx_word' id='word_1_193' title='bbox 131 1760 399 1815; x_wconf 85' lang='lat' dir='ltr'>Fregellanus</span> <span class='ocrx_word' id='word_1_194' title='bbox 424 1761 634 1814; x_wconf 86' lang='lat' dir='ltr'>respondit</span> <span class='ocrx_word' id='word_1_195' title='bbox 659 1767 698 1801; x_wconf 92' lang='lat' dir='ltr'>et</span> <span class='ocrx_word' id='word_1_196' title='bbox 727 1761 876 1802; x_wconf 85' lang='lat' dir='ltr'>milites</span> <span class='ocrx_word' id='word_1_197' title='bbox 907 1768 1069 1815; x_wconf 89' lang='lat' dir='ltr'>paratos</span> <span class='ocrx_word' id='word_1_198' title='bbox 1101 1775 1152 1801; x_wconf 78' lang='lat' dir='ltr'>ex</span> <span class='ocrx_word' id='word_1_199' title='bbox 1176 1761 1354 1801; x_wconf 85' lang='lat' dir='ltr'>formula</span> <span class='ocrx_word' id='word_1_200' title='bbox 1377 1776 1481 1810; x_wconf 90' lang='lat' dir='ltr'>esse,</span> 
     </span>
     <span class='ocr_line' id='line_1_26' title="bbox 132 1820 1484 1876; baseline 0 -14"><span class='ocrx_word' id='word_1_201' title='bbox 132 1828 171 1862; x_wconf 89' lang='lat' dir='ltr'>et</span> <span class='ocrx_word' id='word_1_202' title='bbox 206 1821 390 1875; x_wconf 91' lang='lat' dir='ltr'>pluribus</span> <span class='ocrx_word' id='word_1_203' title='bbox 425 1820 496 1876; x_wconf 89' lang='lat' dir='ltr'>[si]</span> <span class='ocrx_word' id='word_1_204' title='bbox 532 1837 636 1876; x_wconf 87' lang='lat' dir='ltr'>opus</span> <span class='ocrx_word' id='word_1_205' title='bbox 673 1829 799 1870; x_wconf 87' lang='lat' dir='ltr'>esset,</span> <span class='ocrx_word' id='word_1_206' title='bbox 842 1822 969 1875; x_wconf 88' lang='lat' dir='ltr'>pluris</span> <span class='ocrx_word' id='word_1_207' title='bbox 1006 1822 1172 1862; x_wconf 84' lang='lat' dir='ltr'>daturos</span> <span class='ocrx_word' id='word_1_208' title='bbox 1209 1828 1248 1862; x_wconf 88' lang='lat' dir='ltr'>et</span> <span class='ocrx_word' id='word_1_209' title='bbox 1284 1822 1484 1874; x_wconf 83' lang='lat' dir='ltr'>quidquid</span> 
     </span>
     <span class='ocr_line' id='line_1_27' title="bbox 132 1882 1485 1936; baseline 0.001 -14"><span class='ocrx_word' id='word_1_210' title='bbox 132 1883 242 1923; x_wconf 89' lang='lat' dir='ltr'>aliud</span> <span class='ocrx_word' id='word_1_211' title='bbox 266 1883 484 1936; x_wconf 87' lang='lat' dir='ltr'>imperaret</span> <span class='ocrx_word' id='word_1_212' title='bbox 508 1883 710 1936; x_wconf 72' lang='lat' dir='ltr'>velletque</span> <span class='ocrx_word' id='word_1_213' title='bbox 740 1883 917 1936; x_wconf 88' lang='lat' dir='ltr'>populus</span> <span class='ocrx_word' id='word_1_214' title='bbox 941 1883 1172 1931; x_wconf 85' lang='lat' dir='ltr'>Romanus,</span> <span class='ocrx_word' id='word_1_215' title='bbox 1210 1883 1328 1923; x_wconf 78' lang='lat' dir='ltr'>enixe</span> <span class='ocrx_word' id='word_1_216' title='bbox 1353 1882 1485 1923; x_wconf 86' lang='lat' dir='ltr'>factu-</span> 
     </span>
     <span class='ocr_line' id='line_1_28' title="bbox 130 1943 1485 1997; baseline -0.001 -13"><span class='ocrx_word' id='word_1_217' title='bbox 130 1958 216 1984; x_wconf 89' lang='lat' dir='ltr'>ros:</span> <span class='ocrx_word' id='word_1_218' title='bbox 259 1944 311 1984; x_wconf 91' lang='lat' dir='ltr'>ad</span> <span class='ocrx_word' id='word_1_219' title='bbox 334 1944 376 1984; x_wconf 89' lang='lat' dir='ltr'>id</span> <span class='ocrx_word' id='word_1_220' title='bbox 402 1944 479 1984; x_wconf 89' lang='lat' dir='ltr'>sibi</span> <span class='ocrx_word' id='word_1_221' title='bbox 502 1959 634 1997; x_wconf 87' lang='lat' dir='ltr'>neque</span> <span class='ocrx_word' id='word_1_222' title='bbox 659 1959 757 1997; x_wconf 88' lang='lat' dir='ltr'>opes</span> <span class='ocrx_word' id='word_1_223' title='bbox 783 1945 945 1993; x_wconf 88' lang='lat' dir='ltr'>deesse,</span> <span class='ocrx_word' id='word_1_224' title='bbox 984 1944 1166 1984; x_wconf 88' lang='lat' dir='ltr'>animum</span> <span class='ocrx_word' id='word_1_225' title='bbox 1196 1943 1318 1984; x_wconf 88' lang='lat' dir='ltr'>etiam</span> <span class='ocrx_word' id='word_1_226' title='bbox 1344 1958 1485 1997; x_wconf 85' lang='lat' dir='ltr'>super-</span> 
     </span>
     <span class='ocr_line' id='line_1_29' title="bbox 132 2005 1482 2059; baseline 0 -14"><span class='ocrx_word' id='word_1_227' title='bbox 132 2019 235 2046; x_wconf 89' lang='lat' dir='ltr'>esse.</span> <span class='ocrx_word' id='word_1_228' title='bbox 279 2005 468 2046; x_wconf 87' lang='lat' dir='ltr'>consules</span> <span class='ocrx_word' id='word_1_229' title='bbox 487 2020 631 2059; x_wconf 88' lang='lat' dir='ltr'>parum</span> <span class='ocrx_word' id='word_1_230' title='bbox 651 2005 729 2046; x_wconf 90' lang='lat' dir='ltr'>sibi</span> <span class='ocrx_word' id='word_1_231' title='bbox 748 2005 876 2046; x_wconf 71' lang='lat' dir='ltr'>videri</span> <span class='ocrx_word' id='word_1_232' title='bbox 896 2005 1068 2059; x_wconf 87' lang='lat' dir='ltr'>praefati</span> <span class='ocrx_word' id='word_1_233' title='bbox 1086 2019 1159 2058; x_wconf 90' lang='lat' dir='ltr'>pro</span> <span class='ocrx_word' id='word_1_234' title='bbox 1178 2005 1322 2045; x_wconf 91' lang='lat' dir='ltr'>merito</span> <span class='ocrx_word' id='word_1_235' title='bbox 1342 2019 1482 2045; x_wconf 88' lang='lat' dir='ltr'>eorum</span> 
     </span>
     <span class='ocr_line' id='line_1_30' title="bbox 134 2066 1486 2120; baseline -0.001 -13"><span class='ocrx_word' id='word_1_236' title='bbox 134 2081 209 2107; x_wconf 86' lang='lat' dir='ltr'>sua</span> <span class='ocrx_word' id='word_1_237' title='bbox 232 2081 332 2107; x_wconf 82' lang='lat' dir='ltr'>voce</span> <span class='ocrx_word' id='word_1_238' title='bbox 357 2067 592 2108; x_wconf 87' lang='lat' dir='ltr'>conlaudari</span> <span class='ocrx_word' id='word_1_239' title='bbox 617 2081 705 2115; x_wconf 90' lang='lat' dir='ltr'>eos,</span> <span class='ocrx_word' id='word_1_240' title='bbox 742 2067 822 2107; x_wconf 87' lang='lat' dir='ltr'>nisi</span> <span class='ocrx_word' id='word_1_241' title='bbox 851 2067 1032 2107; x_wconf 86' lang='lat' dir='ltr'>universi</span> <span class='ocrx_word' id='word_1_242' title='bbox 1060 2073 1197 2120; x_wconf 87' lang='lat' dir='ltr'>patres</span> <span class='ocrx_word' id='word_1_243' title='bbox 1227 2066 1276 2107; x_wconf 88' lang='lat' dir='ltr'>iis</span> <span class='ocrx_word' id='word_1_244' title='bbox 1306 2066 1349 2106; x_wconf 91' lang='lat' dir='ltr'>in</span> <span class='ocrx_word' id='word_1_245' title='bbox 1374 2066 1486 2106; x_wconf 89' lang='lat' dir='ltr'>curia</span> 
     </span>
     <span class='ocr_line' id='line_1_31' title="bbox 133 2128 1484 2182; baseline 0.001 -15"><span class='ocrx_word' id='word_1_246' title='bbox 133 2128 285 2182; x_wconf 86' lang='lat' dir='ltr'>gratias</span> <span class='ocrx_word' id='word_1_247' title='bbox 311 2129 510 2182; x_wconf 87' lang='lat' dir='ltr'>egissent,</span> <span class='ocrx_word' id='word_1_248' title='bbox 538 2129 653 2181; x_wconf 85' lang='lat' dir='ltr'>sequi</span> <span class='ocrx_word' id='word_1_249' title='bbox 677 2129 719 2168; x_wconf 89' lang='lat' dir='ltr'>in</span> <span class='ocrx_word' id='word_1_250' title='bbox 744 2135 930 2169; x_wconf 89' lang='lat' dir='ltr'>senatum</span> <span class='ocrx_word' id='word_1_251' title='bbox 957 2142 1026 2168; x_wconf 92' lang='lat' dir='ltr'>eos</span> <span class='ocrx_word' id='word_1_252' title='bbox 1051 2128 1269 2168; x_wconf 90' lang='lat' dir='ltr'>iusserunt.</span> <span class='ocrx_word' id='word_1_253' title='bbox 1319 2134 1484 2168; x_wconf 87' lang='lat' dir='ltr'>senatus</span> 
     </span>
     <span class='ocr_line' id='line_1_32' title="bbox 133 2189 1484 2243; baseline 0.001 -14"><span class='ocrx_word' id='word_1_254' title='bbox 133 2203 256 2242; x_wconf 88' lang='lat' dir='ltr'>quam</span> <span class='ocrx_word' id='word_1_255' title='bbox 282 2197 438 2243; x_wconf 88' lang='lat' dir='ltr'>poterat</span> <span class='ocrx_word' id='word_1_256' title='bbox 462 2190 777 2231; x_wconf 87' lang='lat' dir='ltr'>honoratissimo</span> <span class='ocrx_word' id='word_1_257' title='bbox 803 2190 965 2230; x_wconf 88' lang='lat' dir='ltr'>decreto</span> <span class='ocrx_word' id='word_1_258' title='bbox 991 2189 1205 2230; x_wconf 88' lang='lat' dir='ltr'>adlocutus</span> <span class='ocrx_word' id='word_1_259' title='bbox 1226 2202 1295 2230; x_wconf 90' lang='lat' dir='ltr'>eos</span> <span class='ocrx_word' id='word_1_260' title='bbox 1316 2189 1484 2230; x_wconf 87' lang='lat' dir='ltr'>mandat</span> 
     </span>
     <span class='ocr_line' id='line_1_33' title="bbox 134 2250 1487 2305; baseline 0 -15"><span class='ocrx_word' id='word_1_261' title='bbox 134 2251 391 2300; x_wconf 86' lang='lat' dir='ltr'>consulibus,</span> <span class='ocrx_word' id='word_1_262' title='bbox 417 2259 462 2291; x_wconf 91' lang='lat' dir='ltr'>ut</span> <span class='ocrx_word' id='word_1_263' title='bbox 486 2252 539 2291; x_wconf 87' lang='lat' dir='ltr'>ad</span> <span class='ocrx_word' id='word_1_264' title='bbox 562 2251 759 2305; x_wconf 90' lang='lat' dir='ltr'>populum</span> <span class='ocrx_word' id='word_1_265' title='bbox 784 2266 854 2292; x_wconf 90' lang='lat' dir='ltr'>eos</span> <span class='ocrx_word' id='word_1_266' title='bbox 879 2251 1148 2305; x_wconf 87' lang='lat' dir='ltr'>producerent</span> <span class='ocrx_word' id='word_1_267' title='bbox 1174 2258 1214 2292; x_wconf 88' lang='lat' dir='ltr'>et</span> <span class='ocrx_word' id='word_1_268' title='bbox 1237 2250 1341 2290; x_wconf 89' lang='lat' dir='ltr'>inter</span> <span class='ocrx_word' id='word_1_269' title='bbox 1358 2250 1487 2290; x_wconf 85' lang='lat' dir='ltr'>multa</span> 
     </span>
     <span class='ocr_line' id='line_1_34' title="bbox 134 2312 1484 2367; baseline 0.001 -16"><span class='ocrx_word' id='word_1_270' title='bbox 134 2312 213 2352; x_wconf 90' lang='lat' dir='ltr'>alia</span> <span class='ocrx_word' id='word_1_271' title='bbox 238 2312 461 2366; x_wconf 86' lang='lat' dir='ltr'>praeclara,</span> <span class='ocrx_word' id='word_1_272' title='bbox 487 2321 592 2366; x_wconf 83' lang='lat' dir='ltr'>quae</span> <span class='ocrx_word' id='word_1_273' title='bbox 616 2313 717 2367; x_wconf 89' lang='lat' dir='ltr'>ipsis</span> <span class='ocrx_word' id='word_1_274' title='bbox 742 2313 1045 2365; x_wconf 88' lang='lat' dir='ltr'>maioribusque</span> <span class='ocrx_word' id='word_1_275' title='bbox 1071 2313 1155 2353; x_wconf 85' lang='lat' dir='ltr'>suis</span> <span class='ocrx_word' id='word_1_276' title='bbox 1174 2312 1484 2366; x_wconf 86' lang='lat' dir='ltr'>praestitissent,</span> 
     </span>
     <span class='ocr_line' id='line_1_35' title="bbox 134 2373 1486 2428; baseline 0 -14"><span class='ocrx_word' id='word_1_277' title='bbox 134 2387 275 2414; x_wconf 88' lang='lat' dir='ltr'>recens</span> <span class='ocrx_word' id='word_1_278' title='bbox 313 2374 435 2414; x_wconf 87' lang='lat' dir='ltr'>etiam</span> <span class='ocrx_word' id='word_1_279' title='bbox 470 2375 660 2414; x_wconf 88' lang='lat' dir='ltr'>meritum</span> <span class='ocrx_word' id='word_1_280' title='bbox 696 2389 837 2415; x_wconf 90' lang='lat' dir='ltr'>eorum</span> <span class='ocrx_word' id='word_1_281' title='bbox 871 2375 915 2414; x_wconf 90' lang='lat' dir='ltr'>in</span> <span class='ocrx_word' id='word_1_282' title='bbox 949 2388 1036 2415; x_wconf 89' lang='lat' dir='ltr'>rem</span> <span class='ocrx_word' id='word_1_283' title='bbox 1070 2373 1278 2428; x_wconf 84' lang='lat' dir='ltr'>publicam</span> <span class='ocrx_word' id='word_1_284' title='bbox 1309 2388 1486 2414; x_wconf 90' lang='lat' dir='ltr'>comme-</span> 
     </span>
     <span class='ocr_line' id='line_1_36' title="bbox 133 2435 1486 2490; baseline 0 -16"><span class='ocrx_word' id='word_1_285' title='bbox 133 2442 350 2476; x_wconf 88' lang='lat' dir='ltr'>morarent.</span> <span class='ocrx_word' id='word_1_286' title='bbox 432 2449 483 2476; x_wconf 89' lang='lat' dir='ltr'>ne</span> <span class='ocrx_word' id='word_1_287' title='bbox 518 2450 628 2476; x_wconf 91' lang='lat' dir='ltr'>nunc</span> <span class='ocrx_word' id='word_1_288' title='bbox 663 2437 828 2489; x_wconf 85' lang='lat' dir='ltr'>quidem</span> <span class='ocrx_word' id='word_1_289' title='bbox 863 2442 957 2490; x_wconf 88' lang='lat' dir='ltr'>post</span> <span class='ocrx_word' id='word_1_290' title='bbox 992 2442 1051 2476; x_wconf 88' lang='lat' dir='ltr'>tot</span> <span class='ocrx_word' id='word_1_291' title='bbox 1092 2435 1256 2476; x_wconf 86' lang='lat' dir='ltr'>saecula</span> <span class='ocrx_word' id='word_1_292' title='bbox 1292 2435 1486 2475; x_wconf 85' lang='lat' dir='ltr'>sileantur</span> 
     </span>
     <span class='ocr_line' id='line_1_37' title="bbox 134 2496 1486 2553; baseline -0.001 -15"><span class='ocrx_word' id='word_1_293' title='bbox 134 2498 424 2539; x_wconf 78' lang='lat' dir='ltr'>fraudenturve</span> <span class='ocrx_word' id='word_1_294' title='bbox 449 2498 569 2539; x_wconf 90' lang='lat' dir='ltr'>laude</span> <span class='ocrx_word' id='word_1_295' title='bbox 595 2514 687 2540; x_wconf 88' lang='lat' dir='ltr'>sua:</span> <span class='ocrx_word' id='word_1_296' title='bbox 727 2497 889 2553; x_wconf 82' lang='lat' dir='ltr'>Signini</span> <span class='ocrx_word' id='word_1_297' title='bbox 913 2499 1027 2539; x_wconf 86' lang='lat' dir='ltr'>fuere</span> <span class='ocrx_word' id='word_1_298' title='bbox 1053 2504 1092 2539; x_wconf 90' lang='lat' dir='ltr'>et</span> <span class='ocrx_word' id='word_1_299' title='bbox 1115 2497 1297 2539; x_wconf 88' lang='lat' dir='ltr'>Norbani</span> <span class='ocrx_word' id='word_1_300' title='bbox 1325 2496 1486 2538; x_wconf 87' lang='lat' dir='ltr'>Saticu-</span> 
     </span>
     <span class='ocr_line' id='line_1_38' title="bbox 133 2558 1487 2615; baseline -0.001 -16"><span class='ocrx_word' id='word_1_301' title='bbox 133 2560 296 2612; x_wconf 87' lang='lat' dir='ltr'>lanique</span> <span class='ocrx_word' id='word_1_302' title='bbox 316 2568 355 2600; x_wconf 90' lang='lat' dir='ltr'>ct</span> <span class='ocrx_word' id='word_1_303' title='bbox 369 2560 600 2615; x_wconf 87' lang='lat' dir='ltr'>Fregellani</span> <span class='ocrx_word' id='word_1_304' title='bbox 619 2567 659 2601; x_wconf 89' lang='lat' dir='ltr'>et</span> <span class='ocrx_word' id='word_1_305' title='bbox 670 2561 867 2601; x_wconf 87' lang='lat' dir='ltr'>Lucerini</span> <span class='ocrx_word' id='word_1_306' title='bbox 887 2559 945 2615; x_wconf 88' lang='lat' dir='ltr'>[et</span> <span class='ocrx_word' id='word_1_307' title='bbox 959 2558 1179 2614; x_wconf 90' lang='lat' dir='ltr'>Venusini]</span> <span class='ocrx_word' id='word_1_308' title='bbox 1196 2566 1235 2600; x_wconf 90' lang='lat' dir='ltr'>et</span> <span class='ocrx_word' id='word_1_309' title='bbox 1247 2559 1487 2599; x_wconf 84' lang='lat' dir='ltr'>Brundisini</span> 
     </span>
     <span class='ocr_line' id='line_1_39' title="bbox 135 2621 1485 2671; baseline -0.001 -10"><span class='ocrx_word' id='word_1_310' title='bbox 135 2629 175 2662; x_wconf 91' lang='lat' dir='ltr'>et</span> <span class='ocrx_word' id='word_1_311' title='bbox 197 2622 401 2662; x_wconf 87' lang='lat' dir='ltr'>Hadriani</span> <span class='ocrx_word' id='word_1_312' title='bbox 426 2632 464 2662; x_wconf 87' lang='lat' dir='ltr'>et</span> <span class='ocrx_word' id='word_1_313' title='bbox 488 2622 670 2662; x_wconf 88' lang='lat' dir='ltr'>Firmani</span> <span class='ocrx_word' id='word_1_314' title='bbox 695 2628 734 2663; x_wconf 89' lang='lat' dir='ltr'>et</span> <span class='ocrx_word' id='word_1_315' title='bbox 758 2622 1061 2671; x_wconf 89' lang='lat' dir='ltr'>Ariminenses,</span> <span class='ocrx_word' id='word_1_316' title='bbox 1094 2632 1133 2662; x_wconf 90' lang='lat' dir='ltr'>et</span> <span class='ocrx_word' id='word_1_317' title='bbox 1157 2621 1208 2662; x_wconf 87' lang='lat' dir='ltr'>ab</span> <span class='ocrx_word' id='word_1_318' title='bbox 1234 2621 1360 2662; x_wconf 89' lang='lat' dir='ltr'>altero</span> <span class='ocrx_word' id='word_1_319' title='bbox 1385 2621 1485 2660; x_wconf 89' lang='lat' dir='ltr'>mari</span> 
     </span>
     <span class='ocr_line' id='line_1_40' title="bbox 135 2682 1486 2733; baseline -0.001 -10"><span class='ocrx_word' id='word_1_320' title='bbox 135 2682 326 2723; x_wconf 85' lang='lat' dir='ltr'>Pontiani</span> <span class='ocrx_word' id='word_1_321' title='bbox 341 2691 381 2724; x_wconf 86' lang='lat' dir='ltr'>et</span> <span class='ocrx_word' id='word_1_322' title='bbox 392 2683 587 2725; x_wconf 87' lang='lat' dir='ltr'>Paestani</span> <span class='ocrx_word' id='word_1_323' title='bbox 601 2692 640 2725; x_wconf 90' lang='lat' dir='ltr'>et</span> <span class='ocrx_word' id='word_1_324' title='bbox 655 2683 826 2733; x_wconf 89' lang='lat' dir='ltr'>Cosani,</span> <span class='ocrx_word' id='word_1_325' title='bbox 853 2691 892 2726; x_wconf 91' lang='lat' dir='ltr'>et</span> <span class='ocrx_word' id='word_1_326' title='bbox 910 2683 1192 2725; x_wconf 86' lang='lat' dir='ltr'>mediterranei</span> <span class='ocrx_word' id='word_1_327' title='bbox 1206 2682 1486 2723; x_wconf 86' lang='lat' dir='ltr'>Beneventani</span> 
     </span>
    </p>
   </div>
   <div class='ocr_carea' id='block_1_3' title="bbox 1509 669 1548 697">
    <p class='ocr_par' dir='ltr' id='par_1_4' title="bbox 1509 669 1548 697">
     <span class='ocr_line' id='line_1_41' title="bbox 1509 669 1548 697; baseline 0 0"><span class='ocrx_word' id='word_1_328' title='bbox 1509 669 1548 697; x_wconf 84' lang='lat'>13</span> 
     </span>
    </p>
   </div>
   <div class='ocr_carea' id='block_1_4' title="bbox 1509 914 1550 942">
    <p class='ocr_par' dir='ltr' id='par_1_5' title="bbox 1509 914 1550 942">
     <span class='ocr_line' id='line_1_42' title="bbox 1509 914 1550 942; baseline 0 0"><span class='ocrx_word' id='word_1_329' title='bbox 1509 914 1550 942; x_wconf 73' lang='lat'>14</span> 
     </span>
    </p>
   </div>
   <div class='ocr_carea' id='block_1_5' title="bbox 1509 1468 1526 1496">
    <p class='ocr_par' dir='ltr' id='par_1_6' title="bbox 1509 1468 1526 1496">
     <span class='ocr_line' id='line_1_43' title="bbox 1509 1468 1526 1496; textangle 90"><span class='ocrx_word' id='word_1_330' title='bbox 1509 1468 1526 1496; x_wconf 66' lang='grc' dir='ltr'>[ὗ</span> 
     </span>
    </p>
   </div>
   <div class='ocr_carea' id='block_1_6' title="bbox 1512 2627 1530 2657">
    <p class='ocr_par' dir='ltr' id='par_1_7' title="bbox 1512 2627 1530 2657">
     <span class='ocr_line' id='line_1_44' title="bbox 1512 2627 1530 2657; baseline 0 0"><span class='ocrx_word' id='word_1_331' title='bbox 1512 2627 1530 2657; x_wconf 88' lang='grc'>8</span> 
     </span>
    </p>
   </div>
  </div>
 </body>
</html>
