1815 3184
421 241 574 276 LIBER
598 240 763 285 XXVII,
790 241 843 275 22.
872 243 920 284 [a.
936 239 972 274 0.
988 240 1160 284 aomos]
1385 230 1464 271 351

115 345 180 385 eui
198 343 420 386 Marcellus
445 344 678 399 praefuerat
697 370 746 393 —‚
772 345 828 385 ita
854 349 897 384 ut
923 358 972 384 ex
998 343 1126 384 tribus
1153 343 1348 399 eligerent
1373 343 1466 392 duo,

115 422 216 460 quos
244 407 408 456 vellent,
436 407 576 448 tertius
603 407 639 447 ei
663 407 899 455 traderetur,
927 406 992 446 eui
1011 405 1235 446 Tarentum
1255 412 1294 446 et
1310 404 1469 446 Sallen-

114 469 186 509 tini
222 469 432 523 provincia
467 469 682 509 evenisset.
743 475 901 508 ceterae
937 467 1171 521 provinciae
1201 467 1257 508 ita
1293 467 1465 508 divisae:
1493 481 1512 511 3

113 531 367 584 praetoribus
403 531 452 571 P.
483 530 647 571 Licinio
673 529 784 571 Varo
821 529 994 578 urbana,
1039 529 1086 570 P.
1118 530 1281 570 Licinio
1315 529 1468 571 Crasso

114 592 295 646 pontifici
320 593 498 633 maximo
523 592 737 647 peregrina
756 598 794 632 et
813 607 893 644 quo
914 598 1079 632 senatus
1101 592 1340 641 censuisset,
1369 591 1466 632 Sex.

114 654 219 695 Iulio
247 654 415 695 Caesari
443 653 600 703 Sicilia,
629 653 680 706 Q.
698 653 872 694 Claudio
892 653 1068 693 Flamini
1088 653 1326 694 Tarentum.
1375 668 1468 708 pro·
1492 666 1512 694 4

114 723 303 770 rogatum
338 717 554 771 imperium
591 717 631 756 in
668 732 819 757 annum
856 722 917 756 est
948 715 1000 768 Q.
1033 715 1180 756 Fulvio
1211 716 1379 764 Flacco,
1423 722 1469 755 ut

113 778 364 831 provinciam
402 778 609 832 Capuam,
659 792 763 830 quae
801 777 849 818 T.
884 777 1051 830 Quincti
1086 778 1284 831 praetoris
1321 777 1466 825 fuerat,

115 854 209 879 eum
245 855 327 880 una
362 840 523 895 legione
560 840 772 880 obtineret.
832 846 1097 893 prorogatum
1135 846 1173 879 et
1212 839 1260 880 C.
1287 839 1467 880 Hostilio
1493 853 1511 880 ι’)

114 901 279 942 Tubulo
305 909 384 950 est,
412 909 455 942 ut
480 917 554 956 pro
579 908 763 955 praetore
788 901 828 941 in
843 901 1052 941 Etruriam
1078 903 1129 942 ad
1155 903 1257 942 duas
1283 902 1466 956 legiones

115 964 349 1004 succederet
377 963 424 1004 C.
453 963 687 1017 Calpurnio.
747 970 1009 1018 prorogatum
1036 970 1074 1003 et
1098 964 1151 1003 L.
1172 963 1343 1004 Veturio
1368 963 1467 1004 Phi-

112 1024 195 1065 loni
221 1032 299 1073 est,
325 1031 370 1065 ut
394 1040 466 1078 pro
491 1032 675 1078 praetore
697 1023 875 1065 Galliam
902 1025 1070 1064 candem
1098 1025 1348 1078 provinciam
1374 1040 1467 1066 cum

112 1086 243 1126 isdem
280 1085 440 1126 duabus
477 1085 707 1139 legionibus
746 1085 962 1134 obtineret,
1012 1086 1161 1138 quibus
1198 1093 1361 1140 praetor
1396 1086 1468 1127 ol)-

114 1148 313 1188 tinuisset.
385 1148 495 1200 quod
525 1148 565 1187 in
590 1148 643 1187 L.
670 1147 859 1196 Veturio,
908 1148 1017 1187 idem
1042 1148 1083 1187 in
1110 1147 1158 1188 C.
1185 1147 1467 1189 Aurunculeio
1494 1160 1511 1189 6

112 1208 320 1250 decretum
352 1208 402 1250 ab
435 1215 578 1249 senatu
608 1209 817 1262 latumque
849 1209 900 1249 de
930 1210 1189 1264 prorogando
1220 1210 1390 1264 imperio
1417 1211 1469 1251 ad

112 1271 308 1325 populum
335 1278 413 1320 est,
441 1271 511 1324 qui
535 1278 698 1325 praetor
712 1270 944 1312 Sardiniam
971 1272 1223 1325 provinciam
1249 1287 1343 1313 011111
1368 1273 1468 1313 dua-

112 1332 189 1373 bus
214 1332 445 1388 legionibus
473 1332 715 1374 obtinuerat.
770 1333 932 1374 additae
959 1340 998 1373 et
1022 1334 1074 1373 ad
1099 1334 1349 1387 praesidium
1374 1349 1468 1389 pro-

112 1395 270 1435 vinciae
301 1395 599 1450 quinquaginta
626 1410 772 1443 naves,
810 1410 912 1448 quas
938 1395 986 1435 P.
1016 1394 1156 1450 Scipio
1188 1411 1237 1452 eg(
1263 1396 1469 1451 Hispania

112 1456 304 1497 misisset.
371 1463 410 1497 et
445 1456 493 1497 P.
528 1455 712 1510 Scipioni
748 1463 787 1497 et
822 1456 882 1497 M.
923 1456 1065 1498 Silano
1103 1473 1201 1498 suae
1238 1458 1467 1512 Hispaniae
1495 1471 1511 1499 7

115 1518 257 1571 suique
294 1518 495 1559 exercitus
532 1518 574 1558 in
604 1533 756 1558 annum
787 1519 957 1568 decreti3
1007 1518 1148 1573 Scipio
1179 1535 1230 1560 ex
1261 1521 1468 1575 octoginta

114 1579 306 1628 navibus,
343 1594 445 1632 quas
482 1586 552 1620 aut
583 1595 721 1620 secum
758 1595 809 1620 ex
834 1580 954 1620 Italia
989 1581 1186 1621 adductas
1219 1588 1289 1622 aut
1325 1589 1465 1636 captas

116 1642 366 1697 Carthagine
392 1642 581 1691 habebat,
608 1643 904 1697 quinquaginta
928 1643 970 1682 in
986 1640 1218 1683 Sardiniam
1244 1643 1465 1684 tramittere

113 1705 270 1753 iussus,
308 1705 404 1757 quia
439 1704 551 1745 fama
587 1711 671 1744 erat
700 1720 896 1759 magnum
927 1705 1114 1745 navalem
1146 1713 1388 1759 apparatum
1419 1720 1466 1746 co
1493 1717 1512 1746 s

114 1781 220 1807 anno
259 1765 510 1821 Carthagine
548 1780 662 1815 esse,
711 1766 896 1807 ducentis
941 1766 1115 1808 navibus
1153 1782 1316 1808 omnem
1354 1783 1467 1808 oram

113 1828 274 1876 Italiae,
304 1826 468 1869 Siciliae
496 1827 792 1881 Sardiniaeque
817 1828 1053 1882 inpleturos.
1114 1835 1153 1869 et
1177 1829 1219 1869 in
1246 1828 1387 1870 Sicilia
1411 1830 1468 1870 ita
1494 1842 1510 1871 9

113 1890 246 1931 divisa
274 1904 338 1930 res
371 1896 449 1930 est:
496 1889 624 1930 Sexto
651 1889 821 1931 Caesari
853 1890 1055 1931 exercitus
1084 1890 1314 1932 Cannensis
1347 1892 1467 1932 datus

113 1958 193 2000 est,
224 1950 286 1991 M.
312 1951 502 1992 Valerius
528 1952 740 1992 Laevinus
765 1977 798 1980 —
823 1952 859 1992 ei
884 1966 1045 2005 quoque
1071 1953 1178 1992 enim
1204 1960 1468 2008 prorogatum

113 2013 369 2068 imperiumst
393 2038 425 2041 —
450 2013 643 2062 classem,
692 2028 796 2066 quae
833 2014 886 2054 ad
924 2013 1107 2054 Siciliam
1143 2021 1252 2064 erat,
1300 2016 1468 2055 navium

116 2075 374 2129 septuaginta
399 2074 615 2123 obtineret,
649 2075 816 2116 adderet
841 2090 888 2115 eo
914 2075 1078 2130 triginta
1102 2091 1247 2124 naves,
1287 2091 1390 2129 quae
1416 2077 1467 2117 ad

115 2136 340 2177 Tarentum
369 2137 502 2191 priore
532 2152 639 2178 anno
675 2136 855 2186 fuerant3
893 2151 986 2177 cum
1023 2152 1071 2177 ea
1100 2144 1263 2178 centum
1300 2138 1468 2178 naviuin

115 2198 264 2246 classe,
302 2198 337 2238 si
372 2198 576 2239 videretur
611 2199 664 2247 ei,
701 2199 942 2253 praedatum
972 2199 1013 2238 in
1044 2197 1232 2239 Africam
1269 2200 1466 2240 traiceret.

115 2267 154 2300 ct
185 2259 232 2299 P.
262 2258 463 2313 Sulpicio,
501 2267 546 2301 ut
576 2261 718 2301 eadem
752 2260 882 2302 classe
912 2260 1204 2301 ll'I'acedoniam
1231 2260 1468 2302 Graeciam·
1495 2275 1535 2303 10

114 2336 192 2374 que
218 2321 470 2375 provinciam
494 2321 680 2371 haberet,
718 2329 982 2377 prorogatum
1006 2323 1049 2363 in
1074 2338 1226 2364 annum
1251 2324 1467 2377 imperium

114 2390 188 2423 est.
238 2383 288 2423 de
314 2382 492 2432 duabus,
518 2397 622 2436 quae
648 2384 700 2424 ad
725 2384 867 2425 urbem
892 2384 1068 2425 Romam
1093 2384 1272 2433 fuerant,
1298 2385 1470 2440 legioni-

114 2444 191 2486 bus
217 2445 317 2485 nihil
341 2451 555 2486 mutatum.
605 2446 958 2500 supplementum,
985 2461 1065 2500 quo
1092 2461 1194 2500 opus
1221 2453 1341 2495 esset,
1370 2447 1467 2488 scri·
1494 2461 1531 2489 11

113 2506 255 2547 berent
281 2507 469 2548 eonsules
494 2508 752 2561 permissum.
812 2524 894 2549 una
924 2516 963 2549 et
988 2509 1133 2563 viginti
1162 2508 1393 2563 legionibus
1421 2524 1468 2549 00

114 2583 220 2608 anno
257 2568 473 2609 defensum
508 2569 724 2623 imperium
759 2570 994 2611 Romanum
1031 2576 1104 2611 est.
1165 2576 1204 2610 et
1228 2569 1278 2610 P.
1304 2570 1468 2611 Licinio
1496 2583 1536 2613 12

115 2629 225 2670 Varo
250 2630 425 2684 praetori
449 2629 561 2671 urbis
587 2631 796 2686 negotium
823 2632 981 2680 datum,
1019 2639 1063 2672 ut
1087 2631 1203 2672 navis
1229 2631 1374 2685 longas
1399 2632 1469 2672 tri-

114 2691 228 2747 ginta
253 2698 408 2733 veteres
434 2692 632 2742 reficeret,
659 2707 764 2747 quae
780 2692 925 2735 Ostiae
951 2700 1076 2742 erant,
1104 2700 1143 2734 et
1168 2693 1314 2748 viginti
1337 2707 1466 2734 novas
