1815 3184
297 624 314 652 lx‘:

293 1667 308 1695 *1

268 2280 307 2309 10

267 2342 303 2370 11

269 2586 304 2614 12

345 257 426 298 368
655 263 808 297 LIBER
832 263 996 307 XXVII,
1021 264 1074 297 37.
1088 264 1142 298 38.
1172 266 1221 306 [a.
1239 264 1372 307 0207]

342 374 511 409 rectum.
583 365 640 405 ibi
677 365 782 406 duae
818 365 978 405 hostiae
1015 366 1067 405 ab
1104 365 1346 405 decemviris
1382 366 1615 409 immolatae
1651 377 1691 410 et

344 427 562 467 simulacra
587 440 809 480 cupressea
832 427 874 466 in
900 427 1045 466 aedem
1069 426 1208 467 inlata.

426 487 696 529 XXXVIII.
756 487 860 528 Deis
885 487 961 527 rite
986 487 1158 541 placatis
1186 487 1379 528 dilectum
1405 488 1594 530 consules
1621 490 1692 531 ha-

342 549 494 589 bebant
514 549 646 589 acrius
666 549 955 601 intentiusque,
976 563 1099 602 quam
1117 549 1320 603 prioribus
1343 549 1459 590 annis
1475 550 1692 603 quisquam

340 611 582 650 meminerat
606 610 810 659 habitum3
848 625 945 650 nam
976 619 1016 650 et
1046 610 1142 650 belli
1173 618 1302 651 terror
1333 611 1564 665 duplicatus
1595 613 1693 652 novi

340 671 470 711 hostis
496 671 537 710 iu
562 671 726 711 Italiam
751 672 931 712 adventu
956 678 997 712 et
1026 672 1160 712 minus
1192 672 1415 712 iuventutis
1443 680 1546 721 erat,
1583 674 1692 714 unde

342 732 568 772 scriberent
592 732 754 773 milites.
815 732 953 785 itaque
986 732 1154 773 colonos
1187 733 1310 773 etiam
1341 733 1586 782 maritimos,
1624 735 1692 787 qui

341 801 647 834 sacrosanctam
673 793 931 834 vacationem
958 793 1197 834 dicebantur
1222 794 1393 843 habere,
1420 795 1516 835 dare
1542 795 1691 836 milites

341 855 556 909 cogebant.
617 855 766 907 quibus
797 855 1084 895 recusantibus
1117 856 1280 896 edixere
1312 856 1353 895 in
1387 856 1495 896 diem
1526 864 1691 906 certam,

339 924 396 964 ut,
423 931 503 969 quo
529 916 701 969 quisque
727 916 814 957 iure
839 917 1095 957 vacationem
1121 917 1304 965 haberet,
1331 917 1383 957 ad
1409 924 1598 957 senatum
1623 918 1693 958 de-

338 978 476 1018 ferret.
527 992 574 1017 ea
601 978 664 1017 die
691 978 743 1018 ad
769 986 957 1018 senatum
982 978 1023 1018 hi
1048 978 1190 1032 populi
1215 987 1432 1019 venerunt:
1467 978 1691 1028 Ostiensis,

339 1038 567 1087 Alsiensis,
593 1039 764 1087 Antias,
790 1040 1030 1088 Anxurnas,
1056 1040 1382 1089 BIenturnensis,
1411 1038 1691 1081 Sinuessanus

341 1108 381 1141 et
406 1101 457 1140 ab
484 1115 632 1155 supero
658 1101 760 1140 mari
776 1099 988 1141 Senensis.
1028 1115 1120 1140 cum
1140 1101 1375 1142 vacationes
1397 1117 1492 1142 suas
1518 1102 1691 1155 quisque

338 1162 516 1216 populus
531 1162 734 1210 recitaret,
754 1162 919 1211 nullius,
935 1176 1029 1202 cum
1047 1162 1087 1202 in
1103 1162 1223 1203 Italia
1236 1162 1367 1203 hostis
1388 1170 1509 1211 esset,
1529 1170 1692 1217 praeter

337 1223 554 1263 Antiatem
580 1223 903 1276 Ostiensemque
929 1224 1089 1264 vacatio
1115 1225 1334 1264 observata
1359 1231 1440 1273 est,
1479 1231 1520 1265 et
1551 1240 1692 1265 earum

339 1284 592 1325 coloniarum
622 1285 800 1326 iuniores
832 1286 918 1326 iure
949 1285 1121 1326 iurando
1155 1285 1308 1333 adacti,
1347 1301 1470 1339 supra
1502 1286 1589 1326 dies
1621 1286 1691 1326 tri-

337 1346 452 1400 ginta
482 1362 564 1387 non
594 1354 904 1401 pernoctatmos
943 1362 986 1388 se
1017 1354 1133 1387 extra
1163 1347 1325 1387 moenia
1356 1347 1539 1388 coloniae
1577 1362 1689 1396 suae,

339 1408 470 1448 donec
494 1407 624 1448 hostis
650 1408 691 1448 in
705 1408 826 1448 Italia
851 1416 973 1449 esset.
1012 1422 1105 1447 cum
1130 1423 1272 1448 omnes
1300 1416 1532 1457 censerent,
1557 1409 1690 1462 primo

337 1483 499 1522 quoque
526 1477 709 1524 tempore
740 1470 977 1510 consulibus
1005 1469 1186 1509 eundum
1219 1469 1271 1509 ad
1295 1469 1449 1509 bellum
1473 1494 1506 1498 —
1530 1485 1626 1510 nam
1651 1478 1690 1512 et

335 1531 592 1571 Hasdrubali
618 1531 915 1571 occurrendum
940 1545 1033 1571 esse
1060 1531 1326 1571 descendenti
1354 1531 1404 1571 ab
1418 1530 1612 1585 Alpibus,
1638 1546 1690 1572 ne

338 1591 482 1632 Gallos
511 1591 746 1646 Cisalpinos
773 1607 877 1633 neve
903 1592 1113 1632 Etruriam
1139 1599 1318 1632 erectam
1345 1592 1387 1632 in
1414 1607 1530 1646 spem
1553 1607 1690 1633 rerum

336 1668 536 1693 novarum
563 1653 818 1701 sollicitaret,
847 1660 886 1694 et
900 1653 1181 1694 Hannibalem
1208 1669 1281 1695 suo
1300 1654 1466 1708 proprio
1486 1668 1690 1708 occupan-

336 1715 433 1754 dum
453 1715 579 1762 bello,
606 1730 657 1755 ne
679 1730 889 1769 emergere
911 1730 962 1755 ex
976 1715 1149 1756 Bruttiis
1172 1723 1293 1768 atque
1314 1715 1479 1756 obxiam
1496 1715 1555 1756 ire
1574 1715 1690 1756 fratri

333 1783 542 1844 poss-et—‚
574 1776 670 1816 Liv
660 1791 722 1816 lus
751 1776 1037 1825 cunctabatur,
1073 1792 1220 1831 parum
1244 1776 1376 1817 fidens
1404 1791 1570 1817 suarum
1595 1791 1690 1830 pro-

334 1836 560 1877 xinciarum
586 1837 853 1878 exercitibus:
892 1837 1108 1892 conlegam
1138 1852 1189 1878 ex
1215 1838 1376 1878 duobus
1403 1837 1687 1878 consularibus

333 1898 512 1952 egregiis
535 1899 781 1939 exercitibus
802 1907 843 1940 et
862 1899 994 1946 tertio,
1015 1899 1080 1939 cui
1095 1898 1147 1950 Q.
1165 1898 1364 1939 Claudius
1380 1899 1549 1939 Tarenti
1568 1914 1617 1953 pr
1620 1914 1688 1940 ae-

333 1968 461 2009 esset,
496 1960 737 2001 electionem
763 1961 934 2009 habere,
966 1961 1238 2014 intuleratque
1263 1960 1515 2001 mentionem
1541 1961 1591 2001 de
1616 1976 1688 2002 vo-

332 2021 494 2062 lonibus
520 2023 763 2063 revocandis
792 2023 845 2063 ad
871 2023 1001 2077 signa.
1047 2031 1213 2063 senatus
1238 2022 1409 2062 liberam
1438 2030 1687 2076 potestatem

333 2083 569 2124 consulibus
602 2083 699 2124 fecit
730 2092 770 2124 et
801 2084 1020 2139 supplendi
1044 2085 1152 2125 unde
1178 2084 1330 2124 vellent
1366 2092 1405 2124 et
1432 2083 1610 2137 eligendi
1635 2084 1686 2124 de

332 2145 522 2185 omnibus
561 2146 808 2186 exercitibus
846 2160 949 2198 quos
992 2146 1144 2187 vellent
1178 2145 1522 2200 permutandique
1559 2152 1600 2186 et
1635 2160 1687 2186 ex

330 2205 552 2259 provinciis
591 2221 693 2259 quos
726 2222 748 2247 e
778 2222 822 2247 re
856 2207 1023 2261 publiea
1059 2215 1275 2247 censerent
1306 2221 1398 2247 esse
1430 2206 1684 2247 traducendi.

332 2266 469 2307 omnia
495 2281 587 2307 cum
615 2283 775 2308 summa
801 2268 1020 2309 concordia
1049 2268 1265 2308 consulum
1291 2275 1393 2308 acta.
1449 2267 1618 2308 volones
1644 2267 1687 2307 in

330 2328 710 2369 undevicensimam
743 2337 783 2369 et
807 2329 1077 2370 vicensimam
1106 2330 1291 2384 legiones
1319 2329 1473 2383 scripti.
1544 2328 1686 2383 magni

330 2390 489 2431 roboris
510 2391 662 2431 auxilia
683 2406 734 2431 ex
747 2391 956 2446 Hispania
975 2405 1138 2445 quoque
1154 2390 1459 2446 aP.Scipione,
1481 2391 1543 2431 M.
1559 2390 1684 2431 Livio

330 2451 457 2492 missa
482 2452 649 2504 quidam
676 2453 728 2493 ad
752 2453 795 2493 id
818 2453 973 2494 bellum
999 2461 1187 2494 auctores
1215 2461 1324 2500 sunt,
1352 2460 1443 2493 octo
1469 2452 1582 2493 milia
1606 2451 1684 2492 Hi-

332 2527 554 2565 spanorum
581 2513 878 2567 Gallorumque
910 2522 951 2555 et
976 2515 1056 2555 duo
1081 2514 1194 2555 milia
1219 2515 1269 2554 de
1300 2514 1463 2568 legione
1494 2514 1681 2562 militum,

331 2573 514 2625 equitum
538 2576 667 2625 mille,
695 2576 845 2617 mixtos
870 2576 1071 2617 Numidas
1097 2576 1413 2630 Hispanosque,
1437 2575 1500 2616 M.
1525 2575 1683 2615 Lucre-

331 2634 432 2674 tium
457 2635 531 2676 has
558 2637 697 2691 copias
723 2638 898 2678 navibus
926 2637 1167 2686 adduxisse3
1194 2645 1235 2678 et
1260 2637 1565 2692 sagittariorum
1590 2636 1682 2674 fun-

332 2694 590 2748 (litorumque
617 2699 669 2738 ad
693 2699 769 2739 tria
793 2699 905 2739 milia
930 2714 981 2740 ex
1007 2697 1149 2739 Sicilia
1175 2698 1224 2740 C.
1246 2698 1479 2738 Mamilium
1504 2695 1679 2736 misisse.
