1815 3184
278 1532 295 1561 10

321 236 404 276 214
707 240 859 275 LIBER
882 240 1001 283 XXV,
1028 241 1059 274 1.
1087 243 1135 283 [a.
1151 253 1185 274 u.
1201 251 1230 274 c.
1244 240 1327 284 541]

322 354 420 377 anno
436 346 472 376 et
485 343 674 386 ingentem
689 352 727 374 se
742 341 857 374 virum
873 340 1001 385 gessit.
1049 340 1087 374 in
1108 351 1151 374 eo
1167 341 1327 374 tumultu
1342 344 1474 385 captae
1493 342 1596 376 urbis
1610 341 1676 376 Ar-

323 393 509 427 chimedes
533 393 700 427 intentus
726 391 872 435 formis,
911 403 1003 437 quas
1029 392 1067 425 in
1092 392 1244 436 pulvere
1271 391 1538 435 descripserat,
1567 393 1677 427 inter-

321 443 442 477 fectus
467 446 533 476 est.
582 442 623 475 P.
650 446 687 476 et
714 440 777 476 Cn.
803 441 997 485 Scipiones
1022 442 1059 475 in
1084 441 1270 486 Hispania
1293 446 1351 475 tot
1374 452 1496 476 rerum
1520 441 1679 478 feliciter

320 497 509 537 gestarum
533 493 675 526 tristem
701 493 838 527 exitum
867 493 1048 536 tulerunt,
1085 503 1200 537 prope
1229 503 1310 526 cum
1340 492 1429 526 totis
1456 493 1678 528 exercitibus

322 544 421 578 eaesi
436 554 533 577 anno
549 548 682 578 octavo
699 555 808 588 quam
822 544 859 577 in
874 543 1094 588 Hispaniam
1107 543 1240 578 ierunt.
1278 542 1488 587 amissaque
1503 543 1581 577 eius
1595 555 1678 587 pro·

320 595 464 628 vinciae
477 594 666 639 possessio
682 594 796 637 foret,
822 594 892 628 nisi
906 594 948 629 L.
964 594 1081 628 Marci
1095 594 1229 639 equitis
1243 593 1401 627 Romani
1420 595 1556 627 virtute
1572 598 1609 627 et
1626 594 1678 628 in-

322 645 482 689 dustria,
522 646 722 680 contractis
749 645 974 680 exercituum
1000 645 1185 690 reliquiis,
1225 645 1388 679 eiusdem
1415 644 1567 679 hortatu
1591 644 1681 679 bina

321 701 445 731 castra
463 697 626 730 hostium
648 702 860 742 expugnata
881 700 1015 731 essent.
1065 697 1112 730 ad
1131 696 1264 741 viginti
1285 700 1426 740 septem
1440 695 1541 730 milia
1556 706 1678 738 caesa,

321 759 403 781 cum
422 747 522 782 mille
543 747 769 793 octingentis
790 748 931 792 praeda
949 747 1082 792 ingens
1104 752 1224 792 capta.
1279 747 1354 781 dux
1372 746 1534 780 Marcius
1555 747 1679 790 appel-

321 799 418 833 latus
433 802 515 842 est.]

824 957 977 1010 TITI
1012 956 1175 1010 LIVI

642 1063 729 1101 AB
779 1062 968 1099 VRBE
1019 1061 1359 1100 CONDITA

833 1185 1002 1223 LIBER
1031 1184 1165 1222 XXV.

405 1272 438 1312 Ι.
499 1272 614 1313 Dum
645 1272 747 1313 haee
777 1272 819 1313 in
843 1270 989 1312 Africa
1020 1278 1142 1325 atque
1172 1271 1215 1311 in
1239 1271 1446 1326 Hispania
1469 1278 1677 1327 geruntur,

321 1335 532 1376 Hannibal
557 1336 598 1376 in
623 1350 722 1390 agro
747 1333 970 1375 Tarentino
996 1341 1192 1375 aestatem
1225 1335 1480 1388 consumpsit
1511 1349 1583 1388 spe
1607 1348 1681 1388 per

321 1397 593 1452 proditionem
623 1397 735 1438 urbis
762 1396 1077 1437 Tarentinorum
1109 1396 1343 1449 potiundae.
1409 1396 1593 1450 ipsorum
1618 1397 1677 1436 in-

321 1460 438 1500 terim
455 1459 530 1513 [ac]
550 1458 867 1501 Sallentinorum
883 1458 1085 1513 ignobiles
1104 1457 1226 1498 urbes
1247 1458 1298 1498 ad
1315 1472 1407 1498 eum
1429 1458 1678 1499 defecerunt.

323 1521 466 1563 eodem
491 1529 672 1575 tempore
698 1521 738 1560 in
763 1520 921 1561 Brittiis
949 1535 999 1560 ex
1025 1519 1240 1560 duodecim
1265 1519 1446 1573 populis,
1479 1519 1550 1572 qui
1575 1535 1680 1560 anno

320 1583 453 1637 priore
485 1583 536 1624 ad
560 1583 725 1623 Poenos
757 1581 1031 1630 desciverant,
1071 1580 1314 1622 Consentini
1344 1589 1384 1622 et
1414 1580 1610 1622 Tauriani
1638 1581 1681 1621 in

321 1645 443 1684 fidem
469 1643 609 1697 populi
635 1643 813 1683 Romani
838 1642 1061 1691 redierunt,
1089 1650 1127 1683 et
1152 1642 1290 1696 plures
1316 1643 1536 1692 redissent,
1562 1643 1604 1683 ni
1630 1642 1679 1683 T.

319 1706 575 1760 Pomponius
605 1704 855 1745 Veientanus
887 1704 1119 1759 praefectus
1157 1705 1333 1753 socium,
1370 1705 1576 1759 prosperis
1608 1705 1681 1745 ali-

320 1774 419 1820 quot
443 1766 776 1821 populationibus
803 1774 842 1807 et
866 1767 908 1806 in
933 1781 1032 1821 agro
1050 1766 1212 1807 Bruttio
1237 1766 1334 1807 iusti
1359 1766 1474 1807 ducis
1501 1766 1680 1820 speciem

319 1836 482 1877 nactus,
520 1828 785 1869 tumultuario
823 1828 1003 1869 exercitu
1039 1835 1180 1869 coacto
1217 1842 1311 1869 cum
1341 1827 1549 1869 Hannone
1585 1843 1682 1869 con-

321 1891 504 1931 flixisset.
564 1906 716 1945 magna
740 1890 797 1932 ibi
822 1891 884 1931 vis
909 1890 1139 1939 hominum,
1180 1890 1252 1930 sed
1282 1889 1513 1930 inconditae
1539 1889 1681 1931 turbae

321 1953 544 2007 agrestium
583 1967 896 2005 servorumque,
934 1966 1054 1992 caesa
1090 1958 1159 1992 aut
1193 1958 1311 2006 capta
1343 1958 1416 1992 est.
1466 1951 1680 1991 minimum

319 2015 497 2056 iacturae
529 2014 605 2056 fuit
636 2014 747 2067 quod
776 2013 1008 2068 praefectus
1033 2013 1138 2053 inter
1163 2020 1318 2053 ceteros
1351 2019 1411 2053 est
1443 2020 1604 2067 captus,
1643 2020 1682 2054 et

320 2084 407 2119 tum
433 2076 671 2118 temerariae
696 2091 859 2131 pugnae
886 2084 1028 2117 auctor
1052 2082 1091 2116 et
1115 2082 1207 2116 ante
1226 2074 1471 2129 publicanus
1491 2074 1681 2116 omnibus

319 2139 438 2180 malis
470 2139 625 2180 artibus
657 2147 696 2180 et
726 2139 785 2179 rei
809 2137 998 2192 publicae
1030 2145 1069 2179 et
1100 2137 1363 2179 societatibus
1388 2137 1539 2178 infidus
1566 2137 1681 2178 dam-

319 2217 542 2255 nosusque.
606 2200 874 2256 Sempronius
907 2200 1050 2242 consul
1080 2201 1123 2241 iu
1152 2200 1337 2240 Lucanis
1370 2199 1499 2240 multa
1528 2200 1683 2254 proelia

319 2279 465 2318 parva,
508 2263 606 2304 haut
643 2263 771 2303 ullum
807 2263 978 2318 dignuin
1014 2269 1243 2303 memoratu
1279 2261 1375 2303 fecit
1412 2269 1450 2303 et
1485 2261 1683 2316 ignobilia

320 2325 472 2380 oppida
494 2326 761 2366 Lucanorum
787 2324 941 2377 aliquot
966 2324 1230 2379 expugnarit.

406 2386 501 2439 Quo
533 2387 686 2428 diutius
718 2385 954 2427 trahebatur
984 2386 1138 2427 bellum
1170 2393 1209 2427 et
1239 2385 1452 2426 variabant
1479 2384 1682 2425 secundae

321 2449 599 2503 adversaeque
634 2463 700 2489 res
736 2463 819 2489 non
855 2448 1061 2489 fortunam
1097 2448 1230 2502 magis
1267 2462 1390 2501 quam
1421 2447 1580 2487 animos
1610 2446 1683 2487 ho-

322 2511 497 2560 minum,
534 2518 647 2551 tanta
670 2510 832 2565 religio,
866 2517 905 2550 ct
931 2525 978 2551 ea
1002 2525 1154 2565 magna
1179 2525 1229 2550 ex
1254 2516 1368 2564 parte
1393 2515 1562 2550 externa
1586 2508 1684 2548 eivi-

321 2580 446 2613 tatem
476 2573 660 2622 incessit,
697 2580 742 2614 ut
772 2580 842 2614 aut
872 2573 1058 2614 homines
1091 2580 1160 2614 aut
1191 2573 1255 2614 dei
1286 2579 1453 2627 repente
1479 2571 1546 2612 alii
1570 2570 1682 2610 vide-

322 2642 461 2675 rentur
485 2634 594 2675 facti.
632 2650 707 2675 nec
732 2635 814 2675 iam
838 2636 880 2675 in
905 2643 1061 2676 secreto
1085 2635 1208 2676 modo
1233 2642 1354 2688 atque
1378 2634 1484 2674 intra
1507 2631 1680 2686 parietes

324 2694 592 2736 abolebantur
621 2696 798 2737 Romani
832 2697 952 2746 ritus,
991 2696 1063 2737 sed
1093 2696 1136 2736 in
1165 2696 1330 2752 publico
1362 2695 1484 2735 etiam
1514 2707 1561 2734 ac
1591 2691 1681 2732 foro
