1815 3184
442 229 595 263 LIBER
619 228 788 272 XXVII,
814 229 868 262 26.
887 229 941 262 27.
970 231 1017 271 [a.
1034 227 1072 262 C.
1086 228 1168 272 208]
1398 219 1482 261 355

132 349 181 375 eo
212 333 433 373 iusserunt.
494 346 542 372 ea
571 331 628 371 ita
658 330 796 372 futura
826 345 900 385 per
925 331 1128 383 quosdam
1152 330 1361 372 Thurinos
1387 344 1485 371 con·
1509 352 1528 373 ›

131 402 249 450 perta
267 393 496 434 Hannibali
521 407 613 432 cum
640 400 796 441 essent,
822 392 944 432 mittit
970 393 1022 432 ad
1045 392 1306 432 insidendam
1330 392 1382 433 ab
1401 392 1486 433 Ta-

132 465 248 497 rento
280 455 402 495 viam.
462 454 519 494 ibi
551 455 627 495 sub
658 454 815 495 tumulo
839 454 1025 494 Peteliae
1050 453 1129 494 tria
1152 454 1264 494 milia
1288 454 1484 507 equitum,

133 518 214 558 duo
239 517 424 571 peditum
447 516 490 556 in
515 516 675 556 occulto
700 516 851 564 locata3
877 515 920 555 in
939 530 1043 568 quae
1062 515 1319 570 inexplorato
1341 524 1484 556 euntes
1511 529 1529 558 6

132 578 312 619 Romani
337 592 429 617 cum
454 576 714 625 incidissent,
748 578 800 617 ad
825 578 906 618 duo
931 577 1044 617 milia
1069 585 1319 618 armatorum
1349 592 1483 627 caesa,

133 640 243 680 mille
270 648 308 680 et
334 639 547 693 quingenti
572 639 701 679 ferme
727 639 811 679 vivi
830 639 957 693 capti,
984 639 1052 679 alii
1072 639 1276 694 dissupati
1294 640 1395 694 fuga
1412 655 1486 694 per

134 716 256 755 agros
284 701 495 753 saltusque
521 700 750 740 Tarentum
773 701 945 741 rediere.

219 763 422 803 Tumulus
443 770 530 802 erat
551 761 751 802 silvestris
771 762 876 802 inter
894 762 1056 802 Punica
1075 770 1115 803 et
1127 762 1319 804 Romana
1338 770 1484 812 castra,
1513 776 1529 804 7

135 825 186 865 ab
205 824 360 865 neutris
381 824 513 878 primo
534 831 771 878 occupatus,
799 823 894 876 quia
911 823 1103 872 Romani,
1131 823 1262 876 qualis
1282 840 1378 879 pars
1398 825 1486 865 eius

134 901 238 939 quae
264 894 453 940 vergeret
479 885 531 924 ad
555 885 737 925 hostium
762 892 896 925 castra
922 892 1050 934 esset,
1076 885 1341 940 ignorabant,
1367 887 1488 926 Han-

133 947 245 987 nibal
269 946 428 986 insidiis
455 960 578 998 quam
604 946 748 986 castris
776 946 975 1000 aptiorem
1000 961 1094 986 eum
1120 947 1362 988 crediderat.
1411 948 1487 988 ita-
1511 959 1530 989 8

134 1024 213 1062 que
238 1016 357 1049 nocte
384 1008 436 1048 ad
459 1008 502 1047 id
526 1007 675 1048 missas
702 1007 857 1060 aliquot
875 1007 1149 1048 Numidarum
1169 1016 1324 1049 turmas
1350 1010 1486 1050 medio

133 1071 176 1110 in
208 1071 314 1110 saltu
346 1069 604 1117 condiderat,
642 1083 818 1121 quorum
847 1068 1026 1108 interdiu
1062 1084 1183 1110 nemo
1222 1071 1273 1110 ab
1312 1071 1487 1112 statione

132 1132 387 1179 movebatur,
424 1145 475 1170 ne
508 1138 578 1170 aut
609 1145 722 1169 arma
753 1137 823 1169 aut
852 1129 933 1183 ipsi
962 1130 1105 1184 procul
1137 1131 1484 1185 conspicerentur.

131 1192 364 1233 fremebant
398 1191 524 1245 vulgo
560 1191 602 1231 in
633 1191 779 1232 castris
809 1191 1031 1240 Romanis,
1069 1193 1357 1247 occupandum
1392 1208 1487 1234 eum
1512 1205 1528 1234 9

131 1254 337 1295 tumulum
361 1268 454 1294 esse
480 1260 521 1293 et
545 1253 714 1294 castello
740 1253 1006 1302 firmandum,
1032 1269 1102 1303 ne,
1130 1254 1165 1295 si
1185 1264 1409 1310 occupatus
1437 1256 1488 1296 ab

131 1315 369 1356 Hannibale
406 1315 530 1363 foret,
576 1315 689 1355 velut
725 1313 768 1354 in
805 1315 1034 1356 cervicibus
1071 1315 1271 1356 haberent
1311 1316 1487 1358 hostem.

131 1377 261 1418 movit
285 1392 334 1417 ea
356 1391 422 1416 res
448 1376 714 1425 Marcellum,
748 1384 789 1417 et
820 1377 1018 1431 conlegae
1051 1377 1169 1430 ‘quin
1199 1378 1324 1419 imus'
1356 1378 1489 1431 inquit
1515 1391 1556 1420 10

134 1438 232 1493 ‘ipsi
257 1453 350 1478 cum
376 1437 581 1491 equitibus
607 1438 750 1492 paucis
778 1439 1062 1493 exploratum?
1102 1439 1288 1481 subiecta
1305 1455 1371 1481 res
1392 1455 1489 1481 ocu-

133 1501 184 1541 lis
210 1499 361 1541 nostris
389 1499 538 1540 certius
565 1500 679 1540 dabit
703 1500 946 1541 consilium?
998 1501 1271 1542 consentienti
1293 1500 1487 1556 Crispino
1516 1515 1553 1543 11

134 1577 228 1602 cum
253 1561 458 1614 equitibus
485 1561 672 1601 ducentis
699 1569 739 1602 et
764 1561 929 1616 viginti,
963 1577 1015 1603 ex
1041 1563 1189 1615 quibus
1216 1564 1491 1617 quadraginta

133 1623 390 1677 Fregellani,
428 1623 552 1663 ceteri
587 1622 756 1662 Etrusci
793 1631 926 1672 erant,
969 1624 1297 1677 proficiscuntur.
1359 1625 1490 1665 secuti
1517 1638 1555 1667 12

134 1685 287 1725 tribuni
319 1684 494 1724 militum
518 1684 579 1724 M.
605 1683 833 1725 Marcellus
865 1685 1046 1725 consulis
1077 1685 1186 1726 filius
1220 1694 1260 1726 et
1284 1687 1338 1726 A.
1365 1686 1490 1726 Man-

134 1747 233 1795 lius,
273 1746 394 1786 simul
425 1753 465 1786 et
496 1745 577 1786 duo
607 1745 808 1800 praefecti
839 1746 997 1787 socium
1028 1746 1081 1787 L.
1108 1747 1311 1788 Arrenius
1343 1755 1383 1788 et
1411 1747 1487 1789 M’.

134 1808 299 1848 Aulius.
358 1807 596 1848 immolasse
633 1821 682 1848 eo
720 1807 784 1848 die
817 1807 983 1860 quidam
1014 1809 1233 1862 prodidere
1263 1809 1487 1850 memoriae
1516 1824 1554 1853 13

135 1871 348 1911 consulem
378 1870 645 1918 Marcellum,
684 1878 724 1910 et
752 1869 886 1924 prima
923 1870 1059 1911 hostia
1094 1885 1217 1912 caesa
1250 1871 1365 1911 iecur
1401 1871 1489 1912 sine

135 1932 268 1986 capite
292 1932 524 1981 inventum,
556 1931 598 1971 in
625 1932 806 1972 secunda
831 1931 969 1972 omnia
995 1932 1262 1987 conparuisse
1287 1947 1392 1986 quae
1418 1933 1490 1973 ad-

136 1994 288 2043 solent,
321 2002 487 2034 auctum
513 1993 636 2034 etiam
660 1992 796 2033 visum
819 1993 863 2033 in
887 1993 1038 2048 capite,
1070 2008 1146 2035 nec
1169 1995 1213 2035 id
1238 2009 1336 2036 sane
1368 1995 1491 2035 haru-
1517 2009 1558 2037 14

137 2055 239 2108 spici
272 2055 499 2109 placuisse,
544 2055 656 2108 quod
693 2055 920 2096 secundum
956 2064 1101 2097 trunca
1136 2064 1177 2097 et
1219 2056 1355 2111 turpia
1395 2064 1491 2097 exta

135 2116 256 2156 nimis
282 2117 390 2156 laeta
416 2117 716 2171 apparuissent.

220 2177 417 2220 XXVII.
469 2177 666 2219 Ceterum
691 2178 904 2220 consulem
922 2179 1170 2220 Marcellum
1194 2186 1309 2219 tanta
1333 2179 1490 2233 cupidi·
1517 2193 1533 2221 1

136 2246 199 2279 tas
225 2239 392 2279 tenebat
417 2239 639 2280 dimicandi
663 2254 756 2280 cum
780 2239 1038 2290 Hannibale,
1070 2248 1115 2281 ut
1138 2255 1365 2294 numquam
1391 2241 1489 2282 satis

137 2308 272 2341 castra
302 2300 446 2342 castris
479 2301 641 2342 conlata
671 2302 867 2343 crederet.
929 2310 1016 2343 tum
1047 2317 1209 2356 quoque
1240 2303 1347 2343 vallo
1373 2317 1490 2358 egre·
1516 2316 1534 2345 2

137 2363 253 2404 diens
281 2362 446 2417 signum
471 2363 600 2413 dedit,
631 2371 677 2404 ut
701 2365 754 2404 ad
777 2364 914 2405 locum
938 2364 1056 2405 miles
1083 2372 1195 2405 esset
1218 2372 1405 2419 paratus,
1431 2373 1489 2414 ut,

137 2425 172 2465 si
203 2424 317 2466 collis
348 2425 391 2465 in
417 2440 539 2478 quem
565 2426 823 2480 speculatum
847 2426 953 2467 irent
977 2427 1220 2481 placuisset,
1252 2442 1353 2468 vasa
1378 2427 1490 2468 colli-

136 2494 280 2541 gerent
308 2495 348 2527 et
373 2495 655 2540 sequerentur.
716 2488 913 2543 exiguum
944 2489 1078 2543 campi
1103 2498 1197 2529 ante
1224 2497 1359 2529 castra
1383 2496 1488 2537 erat3
1516 2501 1534 2530 3

134 2548 231 2588 inde
261 2549 303 2588 in
335 2548 481 2589 collem
513 2557 655 2603 aperta
683 2549 865 2602 undique
897 2558 937 2591 et
967 2542 1190 2605 conspecta
1221 2550 1381 2591 ferebat
1409 2551 1488 2591 via.

134 2610 326 2651 Numidis
353 2610 599 2664 speculator,
631 2625 894 2664 nequaquam
918 2611 960 2652 in
986 2627 1101 2667 spem
1127 2620 1265 2653 tantae
1290 2612 1350 2652 rei
1378 2613 1490 2667 posi-

136 2678 221 2720 tus,
249 2671 324 2712 sed
349 2671 384 2713 si
409 2687 511 2725 quos
537 2688 667 2727 vagos
693 2673 835 2727 pabuli
861 2683 931 2714 aut
954 2674 1162 2728 lignorum
1181 2688 1306 2715 causa
1323 2673 1488 2728 longius

1189 2740 1257 2774 23*
