1815 3184
479 197 632 232 LIBER
656 196 803 240 xxm,
829 195 884 230 ⁶21.
910 194 964 228 22.
992 196 1039 236 [a.
1055 191 1093 226 e.
1106 191 1188 235 216]
1439 178 1518 219 135

167 304 288 346 sociis
320 316 453 356 neque
487 299 735 354 stipendium
766 312 898 351 neque
928 296 1180 337 frumentum
1212 293 1263 334 ad
1295 292 1402 333 diem
1434 290 1520 331 dari

167 381 298 419 neque
334 365 442 405 unde
478 364 595 403 detur
630 376 739 411 esse3
789 373 1036 415 magnopere
1074 357 1269 405 suadere,
1318 364 1362 395 ut
1397 370 1554 408 quam.

167 428 343 482 primum
377 441 424 466 ea
455 425 683 472 mittantur,
723 422 900 475 sibique,
934 421 968 461 si
999 420 1055 460 ita
1084 419 1289 466 videatur,
1328 432 1378 457 ex
1403 416 1520 457 novis

168 488 421 543 praetoribus
448 500 727 527 successorem
752 485 924 524 mittant.
974 482 1198 534 eademque
1223 481 1351 521 ferme
1377 480 1426 520 de
1453 480 1523 520 sti-

170 551 317 606 pendio
342 550 628 601 frumentoque
653 546 704 587 ab
724 546 777 587 A.
795 545 986 587 Cornelio
1007 543 1238 584 Mammula
1263 550 1523 596 propraetore

169 628 219 653 cx
248 611 437 652 Sardinia
468 610 629 663 scripta.
689 622 933 662 responsum
965 607 1143 659 utrique,
1180 620 1262 645 non
1294 619 1385 645 csse
1416 604 1524 644 unde

170 674 412 721 mitteretur,
449 671 632 724 iussique
663 670 742 724 ipsi
774 668 974 710 elassibus
1007 675 1128 720 atque
1159 666 1404 707 exercitibus
1438 666 1523 706 suis

171 735 395 777 consulere.
445 734 493 773 T.
523 732 727 774 Otacilius
753 732 804 771 ad
829 731 995 771 unicum
1021 729 1248 770 subsidium
1275 728 1413 782 populi
1440 728 1523 768 Ro-

172 796 282 837 mani
322 796 548 836 Hieronem
591 794 747 848 legatos
797 807 890 832 cum
938 791 1141 841 misisset,
1191 791 1234 830 in
1276 790 1524 844 stipendium

171 858 311 911 quanti
348 856 506 911 argenti
542 870 645 909 opus
677 854 753 894 fuit
784 860 824 893 et
854 868 927 893 sex
957 867 1146 893 mensum
1177 852 1427 891 frumentum
1459 866 1526 891 ac-

172 920 296 973 cepit,
336 918 526 960 Cornelio
557 918 597 957 in
625 915 816 957 Sardinia
846 915 1030 955 civitates
1063 914 1197 954 sociae
1229 913 1404 967 benigne
1431 927 1527 953 eon-

173 982 362 1021 tulerunt.

255 1041 312 1082 Et
336 1042 493 1081 Romae
518 1053 681 1093 quoque
706 1044 871 1092 propter
896 1038 1107 1091 penuriam
1138 1037 1296 1091 argenti
1327 1036 1527 1075 triumviri

171 1102 381 1150 mensarii,
418 1101 629 1155 rogatione
660 1100 721 1140 M.
754 1099 915 1140 Minuci
951 1099 1102 1139 tribuni
1138 1098 1269 1152 plebis
1309 1098 1425 1138 faeti:
1474 1098 1527 1137 L.

170 1164 375 1206 Aemilius
401 1162 560 1217 Papus,
587 1162 657 1215 qui
682 1162 825 1202 consul
851 1172 1075 1214 censorque
1102 1160 1252 1207 fuerat,
1286 1168 1325 1200 et
1350 1159 1410 1199 M.
1436 1159 1529 1199 Ati-

170 1228 248 1267 lius
264 1225 468 1280 Regulus,
495 1224 566 1277 qui
591 1224 653 1265 bis
680 1224 823 1265 consul
848 1224 1000 1272 fuerat,
1028 1231 1066 1263 ct
1079 1223 1132 1263 L.
1151 1222 1390 1263 Scribonius
1404 1221 1527 1270 Libo,

171 1290 241 1343 qui
266 1296 353 1329 tum
378 1287 564 1328 tribunus
590 1286 722 1341 plebis
749 1293 851 1336 crat3
879 1293 918 1327 et
944 1285 1148 1326 duumviri
1174 1285 1299 1325 creati
1324 1284 1384 1324 M.
1412 1290 1452 1324 et
1479 1283 1527 1324 C.

172 1351 291 1391 Atilii
327 1350 471 1390 aedem
498 1348 772 1398 Concordiae,
810 1363 934 1402 quam
960 1349 1012 1388 L.
1040 1347 1223 1388 Manlius
1260 1354 1423 1400 praetor
1459 1361 1530 1385 vo-

172 1418 304 1461 verat,
332 1411 642 1460 dedieaverunt3
669 1418 708 1451 et
733 1417 814 1451 tres
840 1410 1054 1465 pontifices
1081 1409 1222 1457 creati,
1253 1408 1305 1461 Q.
1323 1408 1528 1449 Caecilius

174 1473 370 1514 Metellus
403 1479 442 1513 et
474 1471 526 1524 Q.
551 1472 707 1513 Fabius
738 1472 951 1513 Maximus
983 1478 1022 1512 et
1055 1471 1106 1524 Q.
1132 1471 1305 1512 Fulvius
1338 1470 1529 1517 Flaccus,

174 1537 216 1576 in
248 1536 382 1576 locum
408 1534 456 1575 P.
486 1533 671 1575 Scantini
707 1534 908 1575 demortui
945 1541 983 1574 et
1014 1535 1067 1575 L.
1098 1533 1252 1574 Aemili
1284 1533 1405 1573 Pauli
1436 1547 1532 1572 con-

177 1597 275 1639 sulis
303 1604 341 1637 et
368 1595 419 1648 Q.
446 1596 542 1636 Aeli
566 1596 701 1645 Paeti,
729 1597 799 1649 qui
824 1597 1054 1636 ceciderant
1078 1610 1218 1650 pugna
1245 1594 1467 1635 Cannensi.

262 1658 416 1698 XXII.
478 1657 587 1698 Cum
613 1664 764 1706 cetera,
797 1672 902 1710 quae
928 1657 1130 1698 continuis
1157 1657 1341 1697 cladibus
1369 1656 1533 1697 fortuna

175 1721 395 1768 minuerat,
444 1726 643 1772 quantum
680 1719 859 1760 consiliis
896 1718 1087 1759 humanis
1124 1718 1296 1771 adsequi
1331 1724 1532 1771 poterant,

176 1789 311 1837 patres
338 1781 584 1835 explessent,
612 1781 776 1821 tandem
803 1795 846 1821 se
871 1794 1033 1833 quoque
1053 1787 1092 1820 et
1111 1780 1373 1820 solitudinem
1399 1779 1534 1819 curiae

177 1844 507 1898 paucitatemque
539 1842 870 1883 convenientium
900 1842 952 1882 ad
983 1841 1194 1895 publicum
1227 1841 1442 1882 consilium
1473 1855 1536 1880 re-

178 1912 410 1961 spexerunt.
460 1919 592 1958 neque
612 1905 720 1945 enim
740 1904 898 1958 postL.
914 1903 1140 1944 Aemilium
1161 1911 1200 1944 et
1221 1902 1268 1944 C.
1284 1903 1534 1944 Flaminium

178 1982 368 2008 censores
396 1974 561 2008 senatus
587 1967 717 2007 lectus
737 1966 887 2014 fuerat,
915 1980 1008 2005 cum
1028 1972 1187 2006 tantum
1209 1972 1443 2006 senatorum
1465 1965 1536 2004 ad-

179 2044 321 2069 versae
347 2043 529 2083 pugnae,
568 2029 619 2068 ad
644 2028 722 2068 hoc
749 2027 811 2067 sui
836 2041 1039 2079 quemque
1065 2041 1185 2067 casus
1212 2042 1284 2080 per
1308 2026 1537 2079 quinquen—

179 2091 291 2130 nium
319 2090 659 2144 absumpsissent.
710 2104 803 2129 cum
828 2089 879 2128 de
904 2103 952 2128 ca
976 2103 1018 2128 re
1043 2087 1103 2128 M.
1130 2088 1335 2128 Aemilius
1361 2094 1534 2141 praetor,

180 2152 375 2192 dictatore
401 2159 494 2205 post
521 2151 750 2192 Casilinum
782 2150 980 2190 amissum
1011 2150 1195 2203 profecto
1227 2150 1307 2190 iam
1340 2149 1392 2190 ad
1423 2164 1537 2189 excr-

181 2214 325 2261 ‹·itum,
363 2213 679 2267 exposcentibus
711 2212 867 2252 eunetis
899 2212 1140 2260 rettulisset,
1178 2218 1265 2252 tum
1292 2210 1364 2265 Sp.
1393 2210 1538 2251 Carvi-

181 2275 280 2323 lius,
315 2289 407 2314 cum
432 2275 556 2329 longa
582 2275 762 2315 oratione
788 2289 869 2314 non
895 2273 1029 2314 solum
1053 2274 1233 2328 inopiam
1262 2271 1431 2328 [illam],
1466 2273 1537 2313 sed

184 2336 430 2390 paucitatem
457 2337 577 2377 etiam
605 2336 775 2385 civium,
814 2351 864 2376 ex
889 2335 1038 2388 quibus
1064 2336 1106 2376 in
1131 2343 1266 2390 patres
1291 2335 1536 2390 legerentur,

182 2404 430 2451 conquestus
457 2406 585 2446 esset,
624 2398 815 2451 explendi
841 2405 1006 2438 senatus
1033 2412 1158 2438 eausa
1191 2404 1230 2438 et
1254 2397 1450 2451 iungendi
1476 2412 1539 2436 ar-

183 2460 261 2499 tius
298 2460 440 2499 Latini
476 2459 650 2500 nominis
688 2474 781 2499 cum
806 2459 957 2513 populo
983 2459 1171 2499 Romano
1208 2473 1458 2513 magnopere
1495 2473 1538 2498 se

183 2523 353 2563 suadere
374 2523 492 2570 dixit,
518 2530 561 2562 ut
584 2538 634 2563 ex
653 2522 825 2577 sing-ulis
845 2522 1006 2576 populis
1026 2522 1270 2563 Latinorum
1291 2522 1396 2563 binis
1424 2536 1540 2561 sena-

183 2584 356 2633 toribus,
386 2583 574 2639 [quibus]
601 2591 738 2639 patres
752 2584 928 2624 Romani
954 2584 1227 2633 censuissent,
1254 2585 1398 2625 civitas
1424 2583 1540 2623 dare-v

183 2652 247 2686 tur
277 2653 398 2699 atque
431 2646 472 2686 in
504 2647 809 2687 demortuorum
841 2645 977 2686 locum
1007 2646 1049 2686 in
1082 2653 1270 2687 senatum
1294 2645 1538 2701 legerentur.

1564 1669 1573 1696 l

1561 1792 1578 1821 2

1561 1917 1579 1945 :3

1562 2100 1581 2128 4
