1815 3184
541 213 693 248 LIBER
716 213 845 257 xxv,
871 211 999 246 2128.
1027 213 1075 254 [a.
1092 209 1226 253 0212]
1406 256 1409 259 y
1473 197 1553 239 247

196 319 399 368 iuberent,
448 318 536 372 ipse
587 315 770 358 Siciliam
817 320 1121 370 praeterveetus
1169 312 1394 353 Tarentum
1442 310 1555 365 petit.

197 381 408 436 Epicydes
445 395 468 420 a
504 386 616 420 tanta
651 384 818 432 repente
854 376 1072 417 destitutus
1111 389 1201 429 spe,
1240 389 1290 415 ne
1324 371 1414 428 [ad]
1448 372 1557 413 obsi-
1584 384 1622 414 13

198 443 364 484 dionem
388 457 540 496 magna
565 456 615 481 ex
640 446 753 494 parte
779 445 922 492 captae
947 437 1060 478 urbis
1085 437 1252 485 rediret,
1279 435 1558 490 Agrigentum

197 506 383 559 navigat,
428 509 715 557 expectaturus
753 500 886 554 magis
923 506 1114 541 eventum
1152 513 1274 552 quam
1312 498 1407 538 inde
1443 495 1557 550 quic-

199 582 324 620 quam
349 573 549 606 moturuS.

283 626 504 669 XXVIII.
567 625 685 678 Quae
721 624 792 666 ubi
828 625 870 665 in
901 630 1034 665 castra
1066 621 1300 664 Siculorum
1331 627 1426 662 sunt
1457 634 1560 659 nun·
1587 634 1601 662 1

200 691 316 738 tiata,
343 689 561 744 Epicyden
588 687 806 742 Syracusis
833 686 1081 734 excessisse,
1108 681 1559 738 aCarthaginiensibus

199 754 383 793 relictam
413 751 589 792 insulam
621 757 660 790 et
689 764 816 804 prope
847 749 995 789 iterum
1027 747 1217 787 traditam
1248 745 1465 793 Romanis,
1502 743 1560 784 le-
1585 757 1603 786 ‘2

200 822 318 869 gatos
350 815 400 854 de
432 812 741 854 condicionibus
774 811 985 852 dedendae
1021 809 1153 858 urbis,
1202 808 1412 862 explorata
1446 806 1559 860 prius

199 892 273 931 per
297 876 513 929 conloquia
537 874 745 915 voluntate
772 888 913 913 eorum
938 872 1008 925 qui
1033 869 1345 918 obsidebantur,
1377 869 1430 909 ad
1447 868 1562 908 Mar-

203 939 350 980 cellum
375 938 551 978 mittunt.
613 951 707 976 cum
733 935 843 975 haud
868 934 997 974 ferme
1028 933 1295 986 discreparet,
1333 931 1432 983 quin
1456 944 1561 982 quae
1588 945 1606 973 3

200 1000 353 1053 ubique
377 1013 523 1053 regum
548 997 733 1045 fuissent,
761 996 1044 1036 Romanorum
1070 1000 1220 1042 essent,
1250 992 1402 1034 Siculis
1429 999 1563 1032 cetera

201 1076 295 1102 cum
330 1060 516 1101 libertate
553 1073 600 1099 ae
636 1057 798 1112 legibus
838 1057 922 1096 suis
967 1063 1243 1103 servarentur,
1294 1053 1473 1094 evocatis
1511 1053 1563 1093 acl

201 1122 463 1175 conloquium
498 1121 567 1169 iis,
617 1119 766 1172 quibus
805 1118 856 1159 ab
892 1118 1082 1173 Epicyde
1119 1116 1296 1157 creditae
1332 1129 1396 1155 res
1435 1122 1561 1163 erant,

199 1184 348 1224 missos
375 1197 419 1223 se
445 1182 567 1223 simul
591 1182 644 1222 ad
668 1180 932 1230 Marcellum,
973 1179 1094 1219 simul
1125 1178 1178 1219 ad
1203 1192 1273 1218 eos
1304 1176 1355 1217 ab
1382 1176 1563 1216 exercitu
1592 1193 1608 1219 4

203 1244 438 1287 Siculorum
463 1244 594 1293 aiunt,
632 1250 676 1284 ut
707 1258 789 1283 una
819 1242 1020 1290 omnium,
1059 1241 1129 1294 qui
1160 1239 1445 1281 obsiderentur
1475 1239 1564 1291 qui-

201 1322 280 1361 que
311 1314 427 1347 extra
457 1306 715 1347 obsidionem
747 1305 942 1353 fuissent,
981 1304 1145 1344 fortuna
1176 1308 1285 1343 esset
1315 1315 1418 1341 neve
1450 1300 1565 1341 alteri

201 1369 363 1423 proprie
401 1368 479 1409 sibi
513 1368 819 1422 paciscerentur
855 1366 1088 1420 quiequam.
1149 1364 1302 1418 recepti
1333 1363 1480 1403 deinde
1512 1362 1563 1403 ab
1591 1377 1609 1404 5

202 1431 270 1479 iis,
310 1437 354 1470 ut
390 1430 645 1471 necessarios
682 1429 948 1483 hospitesque
985 1428 1320 1481 adloquerentur,
1366 1425 1564 1480 expositis

203 1507 309 1545 quae
333 1498 454 1546 pacta
477 1492 558 1532 iam
584 1507 677 1532 eum
690 1491 890 1532 Marcello
916 1490 1134 1538 haberent,
1160 1489 1297 1530 oblata
1323 1502 1394 1542 spe
1422 1487 1564 1528 salutis

204 1554 417 1608 perpulere
449 1568 536 1602 eos,
574 1560 617 1594 ut
650 1568 789 1594 seeum
821 1552 1052 1607 praefectos
1083 1551 1284 1605 Epicydis
1317 1549 1564 1604 Polyclitum

205 1622 243 1656 et
268 1615 555 1656 Philistionem
581 1622 618 1655 et
648 1615 881 1669 Epicyden,
920 1614 986 1654 eui
1013 1612 1173 1654 Sindon
1203 1626 1433 1667 cognomen
1466 1619 1564 1659 erat,

205 1677 536 1732 adgrederentur.
585 1676 810 1717 intersectis
836 1676 885 1716 iis
912 1682 952 1716 et
976 1674 1236 1715 multitudine
1261 1674 1313 1714 ad
1334 1673 1567 1714 contionem
1593 1688 1611 1717 6

206 1746 368 1788 vocata,
403 1737 593 1793 [famem]
622 1739 903 1793 inopiamque,
942 1751 1046 1791 quae
1071 1736 1151 1791 ipsi
1181 1736 1286 1776 inter
1316 1750 1360 1776 se
1392 1734 1566 1775 fremere

205 1801 353 1841 occulti
384 1801 493 1842 soliti
524 1809 656 1849 erant,
695 1800 933 1853 conquesti,
984 1813 1235 1852 quamquam
1266 1803 1325 1838 tot
1356 1796 1464 1837 mala
1500 1811 1567 1836 ur-

204 1870 364 1917 gerent,
402 1870 622 1917 negarunt‚
667 1862 873 1903 fortunam
910 1860 1186 1902 accusandam
1223 1873 1332 1908 esse,
1379 1858 1489 1912 quod
1525 1858 1567 1897 in

204 1925 387 1978 ipsorum
413 1932 521 1965 esset
546 1931 766 1979 potestate,
793 1923 989 1977 quamdiu
1015 1937 1064 1963 ea
1086 1928 1340 1976 paterentur:
1366 1919 1566 1961 Romanis
1596 1936 1610 1963 7

207 2000 374 2027 causam
409 1986 677 2041 oppugnandi
710 1984 941 2040 Syracusas
978 1983 1108 2025 fuisse
1146 1983 1355 2024 caritatem
1389 1981 1569 2036 Syracu-

208 2062 418 2096 sanorum,
456 2063 538 2089 non
563 2049 721 2097 odiu1n3
764 2063 858 2087 nam
890 2053 934 2086 ut
964 2051 1184 2100 occupatas
1209 2059 1275 2085 res
1307 2043 1359 2085 ab
1386 2043 1569 2084 satelliti-

209 2109 285 2150 bus
321 2109 594 2159 Hannibalis,
646 2110 793 2150 deinde
831 2108 1099 2162 Hieronymi,
1148 2107 1402 2160 Hippocrate
1446 2112 1568 2157 atque

207 2171 419 2225 Epicyde,
468 2173 693 2221 audierint,
743 2180 828 2212 tum
876 2170 1030 2211 bellum
1071 2169 1251 2210 movisse
1293 2175 1333 2209 et
1381 2167 1569 2208 obsidere

210 2234 352 2273 urbem
377 2234 580 2288 coepisse,
619 2241 663 2274 ut
689 2233 863 2275 crudelis
889 2239 1083 2286 tyrannos
1110 2232 1217 2280 eius,
1254 2245 1337 2271 non
1367 2236 1412 2269 ut
1436 2229 1569 2283 ipsam

209 2295 353 2335 urbem
389 2302 683 2350 expugnarent.
743 2296 998 2349 Hippocrate
1034 2308 1131 2334 vero
1167 2293 1429 2346 interempto,
1467 2290 1569 2344 Epi·
1594 2305 1613 2335 8

210 2358 312 2411 cyde
349 2358 570 2398 intercluso
608 2358 658 2399 ab
692 2356 913 2412 Syracusis
951 2363 990 2397 et
1025 2355 1244 2410 praefectis
1283 2355 1370 2394 eius
1408 2353 1569 2401 occisis,

211 2419 626 2474 Carthaginiensibus
664 2420 775 2460 omni
810 2418 1072 2473 possessione
1106 2416 1271 2459 Siciliae
1308 2423 1413 2457 terra
1448 2414 1571 2455 mari-

210 2496 288 2534 que
313 2482 444 2535 pulsis
473 2506 524 2511 —
551 2496 674 2534 quam
701 2495 918 2535 superesse
944 2494 1111 2521 causam
1135 2478 1354 2527 Romanis,
1393 2492 1464 2518 cur
1488 2491 1568 2517 non

210 2545 376 2599 perinde
403 2560 450 2586 ac
476 2546 510 2586 si
534 2545 664 2586 Hiero
689 2545 778 2599 ipse
803 2545 977 2593 viveret,
1015 2544 1161 2585 unicus
1187 2543 1399 2584 Romanae
1431 2541 1571 2582 amici-

210 2607 288 2647 tiae
315 2607 462 2656 cultor,
499 2607 716 2649 incolumis
744 2606 975 2661 Syracusas
1007 2620 1099 2647 esse
1123 2605 1274 2646 velint?
1332 2605 1470 2657 itaque
1494 2617 1569 2643 nec
1596 2616 1613 2646 9

209 2669 299 2710 urbi
324 2684 399 2710 nee
423 2669 658 2711 hominibus
685 2669 797 2710 aliud
826 2668 1052 2723 periculum
1083 2682 1205 2721 quam
1238 2666 1288 2708 ab
1315 2672 1443 2708 semet
1468 2665 1569 2720 ipsis
