1815 3184
487 240 641 276 LIBER
663 239 846 284 XXVIII,
872 239 997 274 1213.
1025 240 1074 282 [a.
1091 236 1129 272 0.
1145 237 1226 281 206]
1439 227 1520 269 397

180 346 259 388 alia
284 361 414 395 arma,
440 345 507 387 alii
529 344 652 393 ritus,
678 343 758 385 alia
783 357 918 392 sacra,
944 342 1011 383 alii
1035 356 1163 398 prope
1188 340 1255 382 dei
1279 346 1436 391 essent,
1465 338 1524 381 ita
1547 354 1568 383 4

179 408 358 462 quodam
387 423 469 449 uno
500 406 663 448 vinculo
694 405 947 460 copulaverit
977 419 1067 453 eos,
1104 410 1150 444 ut
1177 403 1290 444 nulla
1317 416 1395 444 nec
1417 402 1523 444 inter

178 470 292 525 ipsos
322 484 399 511 nec
430 470 628 510 adversus
661 468 809 508 ducem
845 466 990 508 seditio
1022 465 1218 514 extiterit,
1255 479 1349 505 cum
1383 471 1425 506 et
1451 478 1524 519 pe-

180 532 300 573 cunia
325 547 448 587 saepe
472 531 514 571 in
540 530 788 585 stipendium
812 535 852 569 et
877 535 1128 569 commeatus
1153 527 1196 567 in
1220 526 1400 568 hostium
1424 540 1524 581 agro

180 595 361 643 deesset,
411 608 583 648 quorum
620 591 759 647 inopia
791 591 926 647 priore
960 590 1120 632 Punico
1156 589 1264 631 bello
1299 589 1430 630 multa
1462 588 1525 629 in-

1547 478 1566 508 5

178 657 306 697 fanda
340 656 445 697 inter
481 656 606 696 duces
648 654 880 707 militesque
922 653 1143 694 commissa
1184 652 1357 693 fuerant.
1428 657 1524 706 post
1550 664 1568 694 6

178 718 456 759 Hasdrubalis
493 732 590 758 vero
627 716 852 757 exereitum
888 730 981 756 cum
1017 715 1139 765 duce,
1176 714 1219 754 in
1248 714 1396 767 quibus
1428 728 1524 768 spes

179 780 312 821 omnis
342 779 522 835 reposita
552 778 746 819 victoriae
776 778 928 827 fuerat,
973 777 1152 818 deletum
1188 776 1452 829 cedendoque
1482 775 1525 816 in

180 842 376 896 angulum
405 841 613 882 Bruttium
644 848 780 881 cetera
803 840 924 880 Italia
954 854 1214 887 eoncessum,
1259 838 1324 878 cui
1353 853 1436 878 non
1466 837 1526 877 vi-

180 905 325 945 deatur
354 904 539 944 mirabile
570 903 727 944 nullum
762 911 919 943 motum
948 902 990 942 in
1021 901 1165 942 castris
1202 901 1382 941 factum?
1428 916 1525 941 nam
1550 914 1567 942 7

180 967 232 1007 ad
257 973 392 1007 cetera
416 966 458 1006 id
483 980 644 1018 quoque
671 972 920 1012 accesserat,
957 971 1004 1004 ut
1026 978 1078 1004 ne
1104 962 1240 1004 alendi
1265 963 1430 1016 quidem
1455 977 1527 1003 ex-

178 1028 328 1069 ercitus
365 1027 445 1068 nisi
480 1042 532 1067 ex
554 1026 719 1067 Bruttio
756 1040 855 1079 agro
893 1040 987 1079 spes
1020 1032 1150 1073 esset,
1187 1024 1275 1077 qui,
1311 1031 1358 1064 ut
1392 1024 1525 1065 omnis

179 1090 403 1137 coleretur,
450 1088 625 1142 exiguus
667 1095 805 1128 tamen
847 1094 960 1127 tanto
998 1087 1145 1127 alendo
1188 1085 1384 1127 exercitui
1420 1093 1525 1135 erat3

177 1158 265 1192 tum
288 1165 484 1204 magnam
507 1157 666 1204 partem
690 1148 914 1190 iuventutis
940 1149 1191 1189 abstractam
1216 1164 1239 1189 a
1264 1148 1376 1188 cultu
1408 1163 1527 1202 agro-
1551 1159 1571 1188 8

175 1228 268 1254 rum
292 1212 447 1253 bellum
472 1219 745 1266 occupaverat
777 1218 817 1251 et
848 1226 938 1251 mos
963 1210 1063 1251 vitio
1094 1210 1218 1251 etiam
1241 1210 1388 1250 insitus
1414 1209 1528 1264 genti

176 1290 250 1331 per
284 1274 499 1316 latrocinia
532 1273 721 1315 militiam
757 1272 989 1314 exercendi.
1060 1287 1136 1313 nec
1167 1273 1218 1313 ab
1255 1272 1377 1313 domo
1414 1271 1527 1325 quic-

177 1351 302 1391 quam
336 1337 574 1378 mittebatur
611 1336 661 1376 de
691 1335 899 1390 Hispania
933 1335 1148 1376 retinenda
1184 1334 1386 1384 sollicitis,
1424 1341 1528 1375 tam-

178 1414 302 1454 quam
327 1399 465 1440 onmia
489 1413 688 1453 prospera
711 1398 751 1438 in
777 1398 900 1438 Italia
924 1404 1076 1438 essent.

261 1462 313 1502 In
337 1460 544 1515 Hispania
572 1475 638 1500 res
671 1460 849 1513 quadam
879 1474 931 1500 ex
959 1467 1075 1514 parte
1101 1458 1275 1500 eandem
1305 1458 1525 1508 fortunam,

179 1524 356 1578 quadam
380 1524 503 1578 longe
529 1523 735 1578 disparem
759 1522 987 1563 habebant:
1014 1522 1206 1571 eandem,
1239 1522 1348 1575 quod
1372 1521 1527 1576 proelio

179 1585 276 1627 victi
302 1584 668 1640 Carthaginienses
695 1585 798 1625 duce
829 1584 982 1624 amisso
1012 1583 1055 1624 in
1084 1584 1272 1624 ultimam
1296 1583 1527 1638 Hispaniae

179 1664 294 1689 oram
316 1662 448 1701 usque
474 1647 527 1687 ad
550 1660 751 1688 oceanum
769 1646 971 1700 compulsi
991 1653 1124 1694 erant,
1151 1646 1357 1700 disparem
1377 1653 1526 1694 autem,

179 1710 290 1764 quod
319 1709 526 1764 Hispania
560 1723 644 1750 non
680 1723 803 1762 quam
838 1707 960 1748 Italia
995 1708 1137 1757 modo,
1175 1708 1249 1748 sed
1285 1722 1408 1760 quam
1443 1707 1528 1748 ulla

178 1787 274 1827 pars
311 1778 511 1812 terrarum
546 1771 654 1811 bello
690 1770 919 1825 reparando
957 1770 1088 1824 aptior
1119 1778 1206 1810 erat
1234 1770 1418 1811 locorum
1455 1769 1528 1810 ho-

178 1834 416 1887 minumque
452 1833 641 1888 ingeniis.
711 1832 849 1885 itaque
885 1847 983 1887 ergo
1019 1832 1151 1887 prima
1186 1832 1385 1873 Romanis
1427 1831 1529 1872 inita

177 1896 501 1951 provinciarum,
544 1910 649 1949 quae
685 1895 852 1948 quidem
887 1894 1133 1936 continentis
1171 1894 1270 1944 sint,
1318 1901 1528 1950 postrema

180 1958 380 2007 omnium,
417 1965 559 1999 nostra
594 1958 760 1998 demum
796 1964 946 2006 aetate,
985 1957 1111 1998 ductu
1148 1957 1412 2012 auspicioque
1437 1957 1528 1996 Au-

179 2020 292 2075 gusti
322 2019 515 2061 Caesaris
552 2019 782 2074 perdomita
811 2026 886 2060 est.
950 2019 1008 2059 ibi
1038 2026 1126 2059 tum
1155 2019 1397 2060 Hasdrubal
1429 2017 1526 2059 Gis-

181 2083 321 2137 gonis,
358 2082 561 2123 maximus
588 2082 922 2135 clarissimusque
952 2097 1000 2123 eo
1026 2082 1135 2122 bello
1167 2082 1393 2122 secundum
1422 2082 1528 2121 Bar-

181 2144 295 2185 cinos
323 2145 423 2193 dux,
460 2159 676 2199 regressus
703 2145 754 2184 ab
782 2143 989 2192 Gadibus,
1020 2144 1246 2185 rebellandi
1273 2158 1388 2198 spem
1413 2142 1528 2183 adiu-

182 2214 305 2247 vante
329 2206 514 2261 Magone
540 2205 789 2247 Hamilcaris
814 2206 916 2255 filio,
954 2205 1170 2247 dilectibus
1195 2221 1269 2261 per
1292 2205 1527 2246 ulteriorem

181 2268 430 2323 Hispaniam
454 2268 604 2309 habitis
631 2269 683 2309 ad
708 2268 1005 2323 quinquaginta
1034 2267 1146 2309 milia
1170 2267 1371 2323 peditum,
1410 2274 1527 2321 quat-

181 2339 272 2371 tuor
296 2330 408 2371 milia
433 2338 473 2371 et
497 2331 743 2385 quingentos
769 2330 927 2384 equites
953 2330 1138 2371 armavit.
1193 2330 1243 2370 de
1268 2329 1526 2383 equestribus

181 2393 309 2447 copiis
335 2393 463 2434 ferme
488 2393 593 2433 inter
618 2401 804 2434 auctores
829 2392 1032 2442 convenit,
1057 2392 1242 2448 peditum
1267 2392 1528 2447 septuaginta

180 2455 293 2496 milia
323 2455 490 2508 quidam
526 2455 704 2496 adducta
739 2456 792 2496 ad
823 2453 997 2510 Silpiam
1031 2455 1176 2496 urbem
1213 2454 1408 2496 scribunt.
1468 2454 1526 2495 ibi

182 2532 305 2572 super
341 2532 508 2573 campos
546 2517 724 2573 patentis
764 2517 845 2558 duo
882 2518 1007 2558 duces
1031 2517 1164 2559 Poeni
1199 2532 1248 2558 ea
1283 2525 1439 2566 mente,
1475 2532 1527 2558 ne

181 2580 455 2621 detrectarent
479 2588 705 2629 certamen,
731 2579 1008 2622 considerunt.

265 2641 394 2683 XIII.
468 2641 627 2698 Scipio,
666 2657 759 2683 cum
795 2643 848 2683 ad
882 2657 977 2683 eum
1012 2641 1123 2683 fama
1158 2642 1261 2683 tanti
1302 2642 1527 2697 comparati

181 2704 383 2746 exercitus
407 2704 565 2759 perlata
589 2712 717 2754 esset,
747 2719 881 2759 neque
905 2704 1106 2746 Romanis
1131 2703 1363 2759 legionibus
1389 2711 1527 2745 tantae

1553 1283 1570 1312 9

1554 1471 1595 1501 10

1555 1659 1592 1687 11

1555 1844 1594 1873 12

1553 2031 1593 2060 13

1554 2342 1595 2371 14

1553 2467 1592 2497 15

1554 2654 1569 2683 1
