1815 3184
259 365 277 393 2

256 547 274 575 3

235 2080 274 2109 10

234 2142 270 2170 11

236 2447 274 2476 12

236 2631 274 2659 13

306 240 389 280 270
649 243 802 277 LIBER
826 242 972 287 XXVI,
996 242 1028 275 5.
1055 243 1103 286 [a.
1117 253 1154 276 u.
1172 253 1201 276 c.
1215 242 1307 285 543]

304 347 536 389 retinendae
572 344 785 386 trahebant
822 359 954 385 curae.
1025 344 1121 384 vicit
1157 351 1293 384 tamen
1328 351 1537 398 respectus
1569 345 1650 387 Ca-

300 423 424 463 puae,
467 408 505 447 in
537 421 660 459 quam
694 406 875 447 omnium
907 405 1110 446 sociorum
1139 405 1401 457 hostiumque
1432 420 1649 447 conversos

301 469 464 510 videbat
489 468 665 516 animos,
692 468 936 508 documento
961 467 1140 515 futurae,
1166 466 1506 519 qualemcumque
1530 481 1651 507 even-

301 539 387 571 tum
412 530 586 570 defectio
617 529 667 570 ab
693 529 891 569 Romanis
922 527 1144 570 habuisset.
1204 528 1329 582 igitur
1359 543 1508 582 magna
1537 536 1650 582 parte

299 592 683 645 impedimentorum
713 591 853 630 relicta
883 590 925 629 in
954 590 1124 630 Bruttiis
1162 596 1201 629 ct
1230 589 1340 629 omni
1371 589 1557 643 graviore
1590 605 1651 629 ar-

301 661 414 694 matu
450 668 542 693 culn
579 652 746 693 delectis
783 651 968 705 peditum
1004 651 1285 704 equitumque,
1335 665 1458 704 quam
1493 657 1651 704 poterat

301 714 523 769 aptissimis
550 714 602 754 ad
626 713 914 754 maturandum
940 713 1031 761 iter,
1069 713 1110 752 in
1137 712 1406 766 Campaniam
1432 712 1650 752 contendit.

301 776 430 816 secuti
455 783 591 815 tamen
616 782 698 815 tam
723 775 868 828 raptim
896 780 1058 814 euntem
1083 780 1163 814 tres
1190 780 1229 814 et
1249 773 1414 827 triginta
1433 773 1650 827 elephanti.

300 838 339 877 in
365 837 469 878 valle
495 837 654 878 occulta
678 843 771 890 post
797 836 936 876 Tifata
965 842 1147 876 montem
1176 835 1455 876 imminentem
1483 835 1651 888 Capuae

299 899 495 940 consedit.
546 898 766 939 adveniens
793 912 887 938 cum
913 897 1125 937 castellum
1152 895 1357 937 Galatiam
1382 896 1586 950 praesidio
1611 896 1652 936 vi

298 961 416 1016 pulso
443 960 636 1014 cepisset,
664 960 704 999 in
729 959 1063 1000 circumsedentis
1080 958 1267 1012 Capuam
1294 972 1337 998 se
1364 959 1491 998 vertit.
1536 972 1653 1012 prae-

299 1023 435 1064 missis
461 1036 637 1074 namque
669 1021 821 1061 nuntiis
849 1020 1055 1075 Capuam,
1094 1035 1174 1073 quo
1205 1028 1387 1074 tempore
1413 1029 1545 1060 castra
1568 1019 1652 1060 Ro-

299 1100 419 1125 mana
450 1084 720 1138 adgressurus
754 1090 879 1132 esset,
917 1090 961 1123 ut
991 1083 1134 1123 eodem
1165 1089 1204 1122 et
1234 1082 1292 1122 illi
1323 1083 1374 1122 ad
1400 1082 1650 1136 eruptionem

299 1146 428 1200 parati
453 1146 579 1199 portis
606 1144 795 1185 omnibus
823 1159 912 1185 sese
939 1145 1206 1192 effunderent,
1233 1144 1441 1197 ingentem
1465 1142 1651 1196 praebuit

300 1215 505 1248 terrorem.
566 1221 659 1246 nam
687 1206 765 1245 alia
789 1212 902 1259 parte
927 1206 1016 1259 ipse
1042 1205 1206 1245 adortus
1233 1212 1313 1252 est,
1346 1205 1424 1245 alia
1450 1203 1650 1258 Campani

300 1283 458 1316 omnes,
498 1267 653 1320 equites
686 1267 941 1320 peditesque,
980 1273 1018 1306 et
1055 1281 1149 1306 eum
1185 1266 1233 1306 iis
1262 1265 1461 1306 Punicum
1498 1266 1651 1319 praesi-

300 1330 430 1378 dium,
469 1328 534 1368 eui
564 1328 713 1368 Bostar
744 1335 781 1368 et
804 1328 964 1368 -Hanno
995 1334 1226 1381 praeerant,
1267 1328 1408 1380 erupit.
1475 1327 1650 1367 Romani

298 1398 343 1431 ut
367 1391 408 1430 in
432 1404 474 1430 re
501 1390 674 1443 trepida,
712 1404 763 1429 ne
789 1389 840 1429 ad
866 1404 989 1429 unam
1015 1389 1291 1429 concurrendo
1316 1395 1472 1442 partem
1499 1388 1651 1441 aliquid

299 1451 502 1492 indefensi
533 1450 823 1502 relinquerent,
862 1450 917 1489 ita
948 1450 1051 1489 inter
1083 1464 1172 1489 sese
1204 1450 1341 1502 copias
1372 1449 1508 1502 partiti
1539 1456 1650 1489 sunt:

299 1513 380 1567 Ap.
415 1512 613 1553 Claudius
649 1511 890 1564 Campanis,
928 1510 1099 1550 Fulvius
1131 1510 1355 1550 Hannibali
1392 1517 1453 1550 est
1489 1510 1652 1564 opposi-

300 1582 383 1623 tus3
428 1573 476 1614 C.
503 1573 610 1613 Nero
635 1579 874 1626 propraetor
899 1586 991 1612 cum
1017 1571 1222 1624 equitibus
1250 1586 1321 1612 sex
1351 1571 1558 1626 legionum
1585 1571 1651 1611 via

299 1649 404 1688 quae
443 1634 685 1675 Suessulam
721 1633 818 1681 fert,
859 1632 907 1673 C.
940 1632 1112 1673 Fulvius
1149 1633 1324 1674 Flaccus
1360 1634 1521 1688 legatus
1557 1647 1650 1673 cum

301 1696 438 1737 sociali
464 1695 646 1748 equitatu
672 1695 850 1735 constitit
877 1709 897 1734 e
924 1694 1089 1748 regione
1115 1693 1306 1735 Volturni
1330 1695 1474 1735 amnis.
1534 1708 1651 1748 proe-

297 1759 397 1798 lium
434 1772 514 1797 non
551 1756 669 1797 solito
699 1756 822 1796 modo
860 1755 1035 1796 clamore
1067 1770 1113 1796 ao
1145 1756 1321 1796 tumultu
1353 1762 1414 1797 est
1445 1762 1648 1810 coeptum,

299 1820 372 1859 scd
413 1819 465 1859 ad
507 1818 631 1858 alium
672 1818 877 1866 virorum,
934 1831 1133 1870 equorum
1176 1829 1461 1870 armorumque
1505 1832 1650 1857 sonum

298 1881 495 1935 disposita
520 1880 561 1920 in
588 1880 714 1920 muris
737 1879 1045 1933 Campanorum
1070 1878 1230 1920 inbellis
1258 1879 1473 1919 multitudo
1493 1885 1648 1919 tantum

298 1957 391 1983 cum
417 1942 520 1982 aeris
553 1941 727 1995 crepitu,
777 1941 908 1994 qualis
941 1941 982 1980 in
1014 1940 1175 1980 defectu
1212 1940 1332 1980 lunae
1367 1940 1501 1980 silenti
1530 1946 1648 1980 noete

299 2004 393 2045 cieri
420 2003 539 2051 solet,
585 2003 710 2044 edidit
736 2002 973 2051 clamorem,
1017 2010 1063 2042 ut
1087 2009 1286 2042 averteret.
1311 2002 1432 2042 etiam
1463 2016 1650 2055 pugnan-

300 2066 401 2106 tium
433 2065 602 2105 animos.
665 2063 903 2118 Campanos
935 2064 1054 2104 facile
1086 2079 1109 2104 a
1140 2063 1246 2104 vallo
1271 2062 1434 2117 Appius
1472 2062 1647 2110 arcebat,

299 2127 426 2167 maior
444 2126 506 2166 vis
533 2125 583 2166 ab
609 2126 735 2166 altera
752 2133 866 2180 parte
886 2125 1077 2166 Fulvium
1099 2125 1310 2166 Hannibal
1330 2134 1369 2164 et
1382 2124 1512 2165 Poeni
1531 2139 1651 2179 urge-

297 2188 407 2229 bant.
450 2187 559 2241 legIo
578 2187 634 2228 ibi
651 2188 867 2228 sextaloeo
889 2187 1029 2235 cessit,
1056 2201 1136 2239 qua
1149 2187 1268 2241 pulsa
1281 2186 1426 2227 eohors
1440 2186 1650 2240 Hispano-

297 2265 387 2290 rum
413 2263 504 2289 cum
530 2248 659 2289 tribus
686 2249 913 2303 elephantis
939 2263 1069 2302 usque
1096 2249 1148 2289 ad
1172 2248 1324 2289 vallum
1349 2248 1547 2302 pervasit,
1583 2262 1650 2287 ru-

297 2317 490 2364 peratque
517 2311 694 2350 mediam
719 2311 848 2351 aciem
872 2310 1153 2350 Romanorum
1179 2317 1217 2350 et
1243 2310 1285 2349 in
1309 2309 1474 2363 ancipiti
1500 2323 1571 2362 spe
1603 2323 1650 2348 ae

298 2372 477 2425 periculo
498 2378 600 2421 erat,
628 2379 764 2412 utrum
788 2372 831 2412 in
851 2378 984 2413 castra
1003 2381 1282 2425 perrumperet
1308 2386 1359 2411 an
1376 2370 1650 2411 includeretur

301 2448 324 2472 a
350 2433 446 2473 suis.
508 2448 628 2486 quem
654 2447 847 2487 pavorem
873 2433 1045 2486 legionis
1077 2432 1387 2486 periculumque
1424 2438 1648 2472 castrorum

298 2494 469 2536 Fulvius
495 2495 565 2535 ubi
590 2495 709 2544 vidit,
738 2494 789 2547 Q.
816 2495 993 2535 Navium
1018 2495 1296 2549 primoresque
1322 2494 1423 2534 alios
1450 2493 1649 2534 centurio-

299 2570 397 2595 num
421 2555 621 2605 hortatur,
660 2563 702 2596 ut
728 2556 936 2597 eohortem
961 2556 1140 2597 hostium
1167 2555 1242 2596 sub
1268 2555 1373 2595 vallo
1398 2560 1648 2609 pugnantem

300 2616 510 2657 invadant:
548 2617 590 2657 in
615 2633 774 2658 summo
800 2617 1031 2658 discrimine
1056 2632 1141 2657 rem
1167 2619 1288 2666 verti3
1325 2625 1394 2656 aut
1418 2616 1524 2656 viam
1551 2614 1648 2653 dan-

301 2677 394 2716 dam
424 2678 473 2718 iis
505 2692 612 2726 esse,
650 2685 689 2718 et
719 2679 873 2719 minore
905 2685 1052 2719 eonatu
1083 2694 1205 2731 quam
1237 2678 1483 2718 condensam
1519 2675 1646 2715 aciem
