1815 3184
317 255 396 296 176
597 262 752 296 LIBER
777 234 948 305 XXIIII,
975 262 1121 295 11—13
1149 265 1197 305 [a.
1211 274 1245 296 u.
1262 274 1291 296 c.
1304 263 1387 307 540]

314 366 362 406 T.
398 364 602 406 Otacilius
639 379 688 406 eo
724 379 819 406 cum
855 364 987 406 classe
1022 364 1227 419 proficisci
1261 365 1399 407 iussus
1432 373 1506 407 est.
1577 383 1671 409 cum

313 428 503 468 deessent
528 433 694 475 nautae,
733 426 923 467 consules
956 441 1008 467 ex
1039 433 1205 467 senatus
1232 427 1418 467 consulto
1445 428 1669 478 edixerunt,

312 496 357 529 ut
387 489 457 542 qui
486 489 539 529 L.
565 487 763 538 Aemilio,
803 488 852 530 C.
877 488 1080 529 Flaminio
1106 488 1344 530 censoribus
1376 489 1541 532 milibus
1567 492 1670 531 aeris

313 550 610 605 quinquaginta
639 550 728 604 ipse
760 557 829 590 aut
859 557 974 604 pater
1005 550 1092 591 eius
1119 565 1266 591 census
1292 551 1440 592 fuisset
1464 566 1595 605 usque
1620 553 1670 593 ad

313 619 477 653 centum
503 612 614 653 milia
639 619 709 653 aut
735 612 800 653 eui
823 618 968 666 postea
999 619 1112 653 tanta
1140 628 1204 654 res
1237 620 1345 654 esset
1370 614 1480 654 facta
1503 621 1670 655 nautam

267 684 286 714 8
312 689 440 715 unum
471 689 565 714 cum
597 689 671 714 sex
702 688 892 715 mensum
924 674 1127 728 stipendio
1158 674 1290 724 daret3
1329 675 1399 728 qui
1430 690 1553 729 supra
1579 690 1673 715 cen-

312 744 399 776 tum
436 735 549 776 milia
584 750 716 789 usque
753 735 805 776 ad
842 742 1022 776 trecenta
1059 736 1130 776 tris
1167 742 1313 776 nautas
1345 751 1439 777 cum
1471 737 1672 791 stipendio

313 812 448 840 annuo
458 814 468 847 3
506 797 576 851 qui
602 812 726 851 supra
750 804 930 837 trecenta
960 812 1091 850 usque
1117 797 1169 837 ad
1200 797 1365 838 deciens
1391 798 1516 846 aeris,
1555 798 1673 851 quin-

269 872 286 900 9
313 875 392 915 que
422 867 587 910 nautas3
635 859 706 912 qui
737 874 861 913 supra
892 859 1076 908 deciens,
1116 865 1292 913 septem3
1341 866 1549 901 senatores
1581 866 1672 900 octo

312 928 458 963 nautas
491 936 585 962 cum
615 935 750 961 annuo
783 921 984 975 stipendio
1016 921 1171 960 darent.
1234 936 1285 961 ex
1315 920 1393 961 hoc
1426 921 1558 961 edicto
1589 921 1674 962 dati

311 990 460 1024 nautae
486 982 631 1023 armati
655 982 924 1035 instructique
944 982 994 1023 ab
1015 982 1190 1023 dominis
1218 997 1310 1022 cum
1330 983 1496 1037 triginta
1515 982 1673 1023 dierum

313 1045 439 1086 coctis
455 1044 616 1085 cibariis
632 1059 758 1085 naves
774 1045 1111 1085 conscenderunt.
1138 1052 1224 1084 tum
1237 1045 1413 1098 primurn
1429 1045 1670 1093 estfactum,

313 1114 357 1147 ut
383 1107 527 1147 classis
542 1106 731 1147 Romana
756 1106 876 1147 sociis
902 1106 1116 1147 navalibus
1141 1106 1300 1160 privata
1324 1107 1496 1160 inpensa
1518 1106 1671 1160 paratis

314 1169 584 1222 conpleretur.

271 1243 285 1271 1
397 1229 504 1270 XII.
553 1229 637 1271 Hic
661 1230 790 1271 maior
815 1229 934 1270 solito
959 1229 1178 1283 adparatus
1204 1229 1424 1283 praecipue
1450 1230 1671 1270 conterruit

314 1291 572 1346 Campanos,
621 1306 672 1332 ne
710 1291 760 1332 ab
803 1291 1016 1332 obsidione
1055 1291 1225 1345 Capuae
1262 1291 1414 1332 bellum
1451 1291 1538 1332 eius
1575 1291 1671 1331 anni

267 1366 285 1394 2
312 1354 489 1395 Romani
513 1353 749 1407 inciperent.
798 1354 935 1406 itaque
959 1353 1117 1407 legatos
1138 1353 1190 1393 ad
1209 1352 1487 1393 Hannibalem
1512 1360 1671 1393 oratum

311 1416 528 1465 miserunt,
565 1422 610 1455 ut
637 1414 825 1469 Capuam
857 1415 1082 1455 exercitum
1114 1415 1367 1455 admoveret:
1406 1415 1458 1454 ad
1483 1429 1573 1455 eam
1599 1429 1671 1468 op-

310 1478 577 1532 pugnandam
600 1492 728 1518 novos
755 1476 956 1517 exercitus
984 1476 1107 1516 scribi
1125 1475 1295 1524 Romae,
1321 1490 1399 1516 nec
1416 1475 1538 1516 ullius
1558 1476 1670 1517 urbis

268 1551 286 1579 3
312 1539 533 1580 defectioni
568 1539 700 1593 magis
732 1538 916 1578 infensos
955 1552 1095 1578 eorum
1131 1537 1289 1577 animos
1323 1552 1426 1578 esse.
1498 1537 1540 1580 id
1575 1538 1672 1591 quia

313 1608 397 1641 tam
421 1600 577 1654 trepide
601 1599 861 1648 nuntiabant,
900 1599 1188 1639 maturandum
1214 1598 1426 1639 Hannibal
1449 1606 1581 1648 ratus,
1619 1614 1670 1640 ne

311 1662 597 1715 praevenirent
621 1661 816 1709 Romani,
854 1660 1063 1714 profectus
1089 1659 1216 1714 Arpis
1247 1660 1299 1700 ad
1326 1660 1465 1701 Tifata
1494 1660 1537 1701 in
1560 1667 1671 1701 vete-

267 1735 286 1763 4
311 1723 425 1763 ribus
468 1723 611 1764 castris
655 1737 778 1777 super
815 1721 1004 1776 Capuam
1046 1722 1241 1763 consedit.
1313 1722 1431 1771 inde,
1480 1722 1669 1763 Numidis

310 1785 594 1839 Hispanisque
631 1785 683 1825 ad
718 1784 970 1839 praesidium
1007 1784 1129 1825 simul
1159 1791 1403 1834 castrorum,
1443 1784 1564 1825 simul
1590 1784 1671 1826 Ca-

311 1862 417 1901 puae
447 1847 617 1896 relictis‚
656 1862 749 1887 cum
781 1854 915 1887 cetero
947 1846 1127 1887 exercitu
1163 1846 1216 1886 ad
1244 1846 1380 1887 lacum
1410 1845 1568 1886 Averni
1598 1861 1671 1900 per

312 1909 491 1962 speciem
517 1908 791 1957 sacrificandi,
818 1923 861 1949 re
886 1908 994 1962 ipsa,
1021 1915 1065 1948 ut
1090 1914 1305 1962 temptaret
1319 1907 1515 1949 Puteolos
1541 1908 1671 1961 quod-

267 1982 285 2009 ῡ
311 1985 390 2023 que
415 1971 471 2011 ibi
495 1970 747 2025 praesidium
773 1977 876 2020 erat,
903 1970 1126 2011 descendit..
1182 1969 1414 2019 Maximus,
1451 1976 1669 2024 postquam

311 2033 593 2074 Hannibalem
623 2032 751 2088 Arpis
783 2033 1016 2087 profectum
1052 2039 1091 2073 et
1126 2032 1288 2087 regredi
1323 2032 1366 2072 in
1397 2031 1669 2086 Campaniam

310 2096 492 2136 adlatum
518 2103 598 2144 est,
636 2110 712 2136 nee
743 2096 808 2136 die
840 2110 916 2136 nec
945 2101 1064 2136 nocte
1088 2095 1323 2136 intermisso
1353 2095 1497 2136 itinere
1522 2095 1576 2135 ad
1600 2109 1670 2135 ex-

267 2166 284 2195 6
311 2157 482 2197 ercitum
506 2157 611 2199 redit
637 2164 675 2198 et
690 2157 754 2198 Ti.
772 2155 1007 2199 Gracchum
1032 2156 1083 2197 ab
1097 2157 1278 2197 Luceria
1290 2157 1577 2197 Beneventum
1602 2170 1669 2196 co-

310 2219 399 2272 pias
426 2219 664 2268 admovere,
703 2218 756 2271 Q.
782 2218 960 2260 Fabium
984 2225 1213 2272 praetorem
1238 2243 1271 2247 —-
1294 2219 1330 2259 is
1355 2218 1463 2259 filius
1489 2217 1668 2259 consulis

311 2288 395 2321 erat
420 2306 453 2309 —
480 2280 569 2335 [ad]
596 2281 819 2322 Luceriam
846 2279 1035 2322 Graccho
1062 2281 1281 2322 succedere
1306 2280 1431 2321 iubet.

269 2354 283 2381 ῖ
395 2342 445 2382 In
472 2342 657 2384 Siciliam
682 2342 827 2383 eodem
852 2349 1034 2396 tempore
1059 2343 1140 2383 duo
1164 2348 1372 2397 praetores
1398 2342 1589 2396 profecti,
1618 2341 1667 2382 P.

314 2402 529 2445 Cornelius
556 2405 608 2445 ad
634 2404 963 2465 exercitum‚·T.
993 2403 1196 2446 Otacilius
1229 2405 1299 2458 qui
1322 2404 1549 2445 maritimae
1575 2418 1669 2444 orae

266 2475 285 2504 8
310 2465 450 2518 reique
485 2466 622 2506 navali
657 2472 879 2520 praeesset.
940 2472 980 2506 et
1015 2466 1139 2507 ceteri
1168 2466 1211 2507 in
1242 2481 1337 2507 suas
1368 2466 1542 2519 quisque
1572 2480 1669 2520 pro-

312 2526 465 2568 vincias
502 2527 694 2581 profecti3
756 2534 795 2568 et
837 2526 985 2580 quibus
1022 2534 1288 2582 prorogatum
1329 2527 1547 2582 imperium
1583 2532 1669 2567 erat

313 2588 479 2628 easdem
504 2603 606 2642 quas
631 2589 755 2643 priori
780 2604 886 2630 anno
912 2589 1101 2644 regiones
1127 2589 1401 2631 obtinuerunt.

273 2661 286 2688 1
397 2649 526 2690 XIII.
576 2650 647 2691 Ad
671 2650 968 2701 Hannibalem,
1008 2665 1101 2692 curn
1126 2652 1178 2692 ad
1201 2652 1337 2693 laeum
1362 2651 1520 2692 Averni
1545 2655 1664 2696 esset,

315 2709 492 2763 quinque
517 2711 674 2753 nobiles
700 2712 868 2753 iuvenes
901 2712 952 2753 ab
979 2713 1158 2753 Tarento
1192 2719 1405 2761 venerunt,
1443 2711 1589 2765 partim
1614 2709 1666 2750 ad
