1815 3184
445 239 597 274 LIBER
620 240 768 284 XXVI,
794 240 952 274 22—24.
981 242 1028 284 [a.
1046 240 1181 284 0211]
1411 231 1491 272 :291

140 344 272 399 magis
309 358 432 397 quam
468 350 633 392 norunt,
677 350 746 384 aut
780 344 985 398 principes
1021 344 1231 399 graviores
1268 352 1497 398 temperan-

139 406 344 459 tioresque
370 420 394 445 a
419 405 608 459 cupidine
633 405 793 459 imperii
817 412 887 446 aut
911 405 1213 446 multitudinem
1238 405 1384 446 melius
1411 421 1498 446 mo-

139 476 269 508 ratam
311 481 501 508 censeam
542 466 630 508 fieri
670 482 805 521 posse.
878 468 1103 508 centuriam
1146 482 1243 508 vero
1291 467 1496 508 iuniorum
1524 482 1563 511 15

141 530 320 570 seniores
358 529 569 570 consulere
605 530 809 578 voluisse,
853 529 1002 583 quibus
1045 530 1263 584 imperium
1300 530 1497 585 suffragio

139 591 368 640 mandaret,
405 591 475 631 vix
505 600 549 631 ut
578 591 664 631 veri
695 591 825 631 simile
858 592 926 641 sit,
964 592 1194 646 parentium
1225 606 1389 645 quoque
1419 591 1497 632 hoc

140 653 304 693 saeculo
332 653 421 693 vilis
447 652 630 705 levisque
655 660 754 707 aput
778 652 927 694 liberos
953 653 1173 694 auctoritas
1199 653 1309 694 fecit.

224 714 403 755 XXIII.
463 714 675 755 Praetoria
704 715 798 755 inde
829 715 994 756 comitia
1017 715 1169 756 habita.
1236 714 1285 756 P.
1312 715 1496 756 Manlius
1525 730 1538 758 1

140 776 271 817 Vulso
297 784 336 817 et
361 777 413 817 L.
439 775 622 817 Manlius
647 776 851 818 Acidinus
877 785 917 818 et
943 777 991 818 C.
1012 778 1233 819 Laetorius
1259 784 1299 818 et
1322 779 1376 819 L.
1398 777 1498 819 Cin-

139 838 225 878 cius
251 837 488 879 Alimentus
520 839 644 879 creati
669 845 775 879 sunt.
835 839 939 880 forte
970 840 1026 880 ita
1056 840 1214 888 incidit,
1252 847 1297 880 ut
1321 840 1495 881 comitfis
1523 853 1540 882 2

137 900 330 954 perfectis
355 900 626 950 nuntiaretur,
653 900 701 940 T.
731 899 974 950 Otacilium,
1001 915 1124 954 quem
1150 901 1199 942 T.
1220 901 1392 951 Manlio,
1418 902 1497 942 nisi

138 962 417 1016 interpellatus
450 962 548 1002 ordo
580 962 838 1003 comitiorum
869 969 997 1011 esset,
1036 963 1252 1017 conlegam
1283 963 1496 1004 absentem

137 1024 306 1064 daturus
348 1023 478 1064 fuisse
519 1023 735 1064 videbatur
776 1023 977 1078 populus,
1027 1031 1234 1065 mortuum
1274 1025 1316 1065 in
1354 1024 1496 1066 Sicilia

139 1099 244 1125 esse.

219 1146 334 1186 Ludi
365 1145 626 1200 Apollinares
659 1154 699 1187 et
728 1147 861 1201 priore
893 1162 1000 1188 anno
1032 1146 1194 1188 fuerant
1225 1154 1264 1188 et
1295 1162 1344 1189 eo
1375 1163 1493 1197 anno,
1522 1163 1539 1190 3

135 1216 179 1248 ut
209 1208 352 1249 fierent
381 1208 583 1250 referente
610 1208 835 1263 Calpurnio
866 1216 1070 1264 praetore,
1110 1217 1275 1251 senatus
1302 1210 1493 1260 decrevit,

135 1278 179 1311 ut
203 1271 245 1311 in
270 1277 513 1325 perpetuum
538 1278 796 1312 voverentur.

219 1332 381 1374 Eodem
412 1348 518 1374 anno
554 1334 742 1389 prodigia
772 1334 927 1388 aliquot
961 1334 1051 1375 visa
1081 1334 1349 1388 nuntiataque
1387 1344 1492 1376 sunt.
1520 1349 1540 1377 4

134 1395 176 1435 in
201 1395 300 1435 aede
317 1393 571 1436 Concordiae
586 1395 780 1445 Victoria,
807 1410 912 1449 quae
937 1396 979 1437 in
998 1396 1175 1437 culmine
1194 1403 1297 1446 erat,
1323 1397 1495 1438 fulmine

134 1457 215 1496 icta
251 1457 507 1509 decussaque
544 1457 597 1497 ad
632 1457 863 1507 Victorias,
914 1473 1019 1512 quae
1062 1459 1105 1499 in
1140 1459 1329 1500 antefixis
1367 1466 1493 1508 erant,

134 1518 266 1559 haesit
291 1533 422 1571 neque
448 1519 541 1559 inde
566 1520 751 1573 procidit.
802 1528 841 1561 et
865 1519 1085 1575 Anagniae
1111 1528 1150 1562 et
1162 1521 1364 1576 Fregellis
1391 1537 1494 1562 nun·
1520 1536 1538 1564 5

134 1580 278 1620 tiatum
315 1587 377 1620 est
413 1595 575 1621 murum
611 1588 832 1635 portasque
869 1583 919 1623 de
956 1583 1070 1623 caelo
1100 1589 1230 1624 tactas
1263 1590 1303 1624 et
1332 1584 1372 1624 in
1403 1584 1493 1625 foro

137 1640 370 1682 Subertano
409 1643 621 1697 sanguinis
663 1644 772 1684 rivos
814 1659 888 1698 per
929 1645 1037 1685 diem
1079 1651 1210 1685 totum
1247 1645 1416 1686 fluxisse
1453 1653 1493 1686 et

134 1703 250 1744 Ereti
286 1703 489 1758 lapidibus
527 1705 710 1758 pluvisse
747 1712 787 1746 et
821 1706 952 1747 Reate
983 1706 1137 1747 mulam
1162 1707 1384 1761 peperisse.
1445 1723 1493 1749 ea
1519 1722 1535 1751 6

134 1766 321 1820 prodigia
346 1765 490 1807 hostiis
516 1767 740 1808 maioribus
772 1776 868 1809 sunt
891 1776 1108 1823 procurata
1133 1776 1173 1810 et
1198 1769 1425 1811 obsecratio
1450 1771 1493 1810 in

135 1842 262 1868 unum
288 1828 396 1868 diem
421 1829 572 1883 populo
597 1829 748 1870 indicta
774 1836 813 1870 et
838 1831 1095 1872 novemdiale
1122 1845 1296 1872 sacrum.

220 1888 465 1931 Sacerdotes
509 1891 663 1945 publici
705 1892 859 1945 aliquot
902 1908 949 1933 eo
991 1908 1098 1934 anno
1140 1893 1343 1934 demortui
1382 1901 1488 1943 sunt,
1519 1908 1533 1935 ῖ

132 1951 309 2004 novique
337 1951 517 1993 suffecti:
544 1953 585 1993 in
609 1953 745 1994 locum
771 1953 842 1994 M'.
858 1953 1027 1995 Aemilii
1040 1954 1243 1996 Numidae
1269 1956 1490 1996 decemviri

134 2027 342 2053 sacrorum
373 2013 434 2054 M.
467 2015 672 2055 Aemilius
704 2016 912 2069 Lepidus,
950 2017 993 2056 in
1024 2017 1161 2058 locum
1190 2016 1252 2058 M.
1285 2017 1491 2071 Pomponi

132 2073 344 2116 Mathonis
392 2077 595 2129 pontificis
640 2077 688 2118 C.
727 2078 900 2127 Livius,
960 2079 1002 2118 in
1043 2079 1179 2120 locum
1224 2078 1296 2133 Sp.
1336 2079 1491 2120 Carvili

132 2135 308 2176 Maximi
332 2139 497 2192 auguris
524 2138 584 2179 M.
614 2137 826 2181 Servilius.
877 2140 925 2181 T.
950 2139 1153 2182 Otacilius
1182 2140 1360 2182 Crassus
1386 2156 1489 2195 pon·
1513 2154 1532 2183 8

133 2197 248 2237 tufex
279 2198 374 2250 quia
405 2208 547 2240 exacto
579 2216 685 2242 anno
716 2208 902 2243 mortuus
935 2210 1038 2252 erat,
1077 2203 1169 2244 ideo
1199 2203 1423 2244 nominatio
1448 2203 1490 2243 in

132 2258 268 2299 locum
289 2260 376 2300 eius
397 2276 479 2301 non
499 2269 560 2302 est
578 2262 699 2304 facta.
751 2263 799 2304 C.
818 2263 1018 2306 Claudius
1039 2265 1189 2306 flamen
1202 2264 1351 2315 Dialis,
1378 2266 1488 2319 quod

132 2328 226 2361 exta
249 2336 463 2375 perperam
489 2323 672 2374 dederat,
699 2325 879 2367 flaminio
905 2326 1016 2368 abiit.

215 2382 416 2423 XXIIII.
478 2384 559 2425 Per
594 2386 704 2427 idem
740 2396 901 2442 tempus
939 2388 1000 2429 M.
1033 2388 1225 2430 Valerius
1258 2389 1485 2438 Laevinus,
1516 2403 1529 2431 1

130 2444 338 2497 temptatis
369 2445 482 2499 prius
514 2462 586 2501 per
617 2456 774 2490 secreta
811 2450 1027 2503 conloquia
1057 2451 1288 2505 principum
1325 2451 1485 2500 animis,

129 2505 182 2544 ad
206 2505 403 2547 indictum
429 2515 521 2549 ante
547 2510 597 2549 ad
622 2510 665 2551 id
688 2510 825 2564 ipsum
851 2512 1067 2553 concilium
1086 2512 1329 2553 Aetolorum
1355 2513 1486 2554 classe

130 2568 320 2621 expedita
351 2570 472 2610 venit.
533 2571 603 2612 ubi
635 2586 728 2613 cum
761 2571 990 2627 Syracusas
1024 2573 1294 2628 Capuamque
1325 2582 1486 2630 captam
1513 2588 1530 2616 *2

128 2628 171 2668 in
200 2629 324 2671 fidem
353 2631 395 2671 in
428 2631 620 2688 [Sicilia]
653 2634 853 2688 Italiaque
883 2650 1020 2677 rerum
1051 2637 1324 2677 secundarum
1349 2643 1485 2678 osten-

128 2697 255 2733 tasset
275 2693 592 2748 adiecissetque,
619 2696 700 2737 iam
719 2696 813 2738 inde
833 2712 856 2738 a
874 2697 1096 2739 maioribus
1116 2699 1309 2740 traditum
1328 2714 1483 2741 morem
1510 2714 1528 2743 3

1190 2764 1256 2797 19*
