1815 3184
321 240 403 280 224
641 245 794 279 LIBER
818 245 943 288 xxv,
969 246 1001 279 9.
1023 246 1075 279 10.
1104 247 1200 288 [ω.
1217 246 1341 289 2542]

277 364 296 392 8
323 348 533 390 Hannibal
570 347 770 389 concubia
805 354 923 388 nocte
959 347 1098 388 movit.
1171 347 1255 388 dux
1285 347 1550 390 Philemenus
1588 359 1673 391 erat

321 427 414 452 eum
447 410 565 451 solito
597 416 739 463 captae
770 409 996 451 venationis
1028 424 1167 459 onere3
1211 410 1333 450 ceteri
1363 410 1589 464 proditores
1626 427 1674 453 ea

278 485 295 513 9
322 486 426 525 quae
452 472 677 525 composita
704 478 817 511 erant
842 470 1124 525 expectabant.
1181 478 1425 512 convenerat
1450 478 1604 521 autem,
1628 481 1674 513 ut

319 533 583 574 Philemenus
609 532 770 587 portula
800 532 971 573 adsueta
1001 532 1260 572 venationem
1291 533 1470 572 inferens
1497 540 1673 574 armatos

318 595 545 644 induceret,
582 601 695 648 parte
721 594 800 634 alia
823 601 983 648 portam
1009 593 1267 634 Temenitida
1292 594 1421 634 adiret
1444 594 1673 643 Hannibal3

254 669 294 697 10
319 671 367 696 ea
401 657 697 696 mediterranea
732 656 846 710 regio
883 662 962 704 est,
1000 656 1196 696 orientem
1233 662 1407 710 spectat,
1446 655 1568 696 busta
1603 656 1675 696 ali-

319 724 515 770 quantum
551 718 656 758 intra
692 718 853 761 moenia
887 717 1162 758 includuntur.
1223 732 1316 758 cum
1352 724 1492 771 portae
1529 718 1676 772 adpro-

318 780 551 833 pinquaret,
596 780 728 821 editus
766 795 817 820 ex
853 780 1079 833 composito
1115 780 1222 834 ignis
1259 779 1310 820 ab
1341 779 1577 821 Hannibale
1614 788 1676 821 est

316 841 569 894 refulsitque.
629 842 739 882 idem
763 841 967 882 redditum
993 841 1044 882 ab
1069 841 1225 882 Nicone
1252 842 1434 897 signum,
1474 842 1675 882 extinctae

253 916 290 944 11
317 902 464 943 deinde
490 903 678 957 utrinque
703 903 892 945 flammae
920 910 1025 944 sunt.
1075 903 1287 944 Hannibal
1314 903 1474 944 silentio
1500 902 1676 944 ducebat

318 965 369 1005 ad
393 972 565 1019 portam.
625 965 727 1005 Nico
754 980 804 1006 ex
828 965 1051 1019 improviso
1084 966 1249 1006 adortus
1283 966 1436 1020 sopitos
1464 965 1608 1020 vigiles
1634 965 1676 1005 in

253 1039 291 1068 12
318 1026 520 1067 cubilibus
548 1027 631 1068 suis
658 1027 872 1068 obtruncat
897 1034 1137 1081 portamque
1163 1028 1291 1082 aperit
1301 1045 1310 1077 3
1343 1027 1555 1068 Hannibal
1581 1042 1673 1067 cum

317 1088 500 1141 peditum
538 1089 700 1143 agmine
732 1089 976 1143 ingreditur,
1016 1090 1171 1142 equites
1210 1089 1432 1130 subsistere
1462 1088 1592 1138 iubet,
1629 1096 1675 1128 ut

253 1162 292 1191 13
319 1164 399 1202 quo
424 1164 488 1190 res
514 1150 692 1204 postulet
717 1165 927 1191 occurrere
952 1150 1080 1191 libero
1106 1166 1250 1204 campo
1275 1157 1455 1205 possent.
1512 1157 1550 1190 et
1574 1149 1675 1190 Phi-

316 1210 500 1251 lemenus
525 1211 709 1265 portulae
734 1219 848 1265 parte
875 1212 970 1260 alia,
999 1226 1080 1264 qua
1105 1226 1334 1252 commeare
1359 1212 1568 1259 adsuerat,
1602 1211 1673 1251 ad-

316 1272 628 1326 propinquabat.
699 1280 795 1313 nota
831 1288 912 1313 vox
949 1273 1035 1314 cius
1073 1279 1111 1313 et
1153 1273 1352 1313 familiare
1387 1273 1469 1313 iam
1507 1273 1673 1328 signum

319 1348 411 1374 cum
454 1334 672 1374 excitasset
712 1334 904 1388 vigilem,
955 1335 1113 1375 dicente
1155 1335 1224 1374 vix
1268 1335 1459 1375 sustineri
1506 1335 1672 1389 grandis

253 1407 292 1436 14
317 1394 472 1436 bestiae
509 1410 630 1444 onus,
674 1396 833 1449 portula
870 1397 1058 1450 aperitur.
1130 1396 1350 1436 inferentes
1388 1411 1533 1449 aprum
1569 1397 1672 1436 duos

316 1456 485 1496 iuvenes
512 1464 675 1497 secutus
701 1457 789 1510 ipse
821 1471 914 1496 cum
947 1457 1136 1510 expedito
1167 1463 1359 1497 venatore
1390 1457 1576 1511 vigilem,
1614 1457 1674 1497 in-

317 1518 475 1558 cautius
501 1518 697 1558 miraculo
723 1518 1015 1572 magnitudinis
1042 1518 1083 1557 in
1109 1533 1178 1558 eos
1199 1519 1269 1570 qui
1289 1517 1475 1559 ferebant
1494 1533 1671 1567 versum,

252 1593 291 1621 15
317 1579 519 1619 venabulo
545 1579 688 1619 traicit.
748 1579 925 1633 ingressi
956 1580 1102 1620 deinde
1134 1580 1300 1634 triginta
1325 1580 1410 1620 fere
1438 1580 1583 1620 armati
1608 1595 1673 1621 ce-

316 1648 421 1682 teros
448 1641 592 1695 vigiles
627 1640 869 1682 obtruncant
898 1641 1210 1696 refringuntque
1242 1649 1403 1696 portam
1427 1642 1670 1696 proximam,

316 1711 355 1744 et
379 1718 528 1757 agmen
554 1702 630 1743 sub
658 1704 785 1758 signis
813 1703 1030 1744 confestim
1054 1704 1218 1758 inrupit.
1273 1704 1367 1744 inde
1393 1718 1486 1745 cum
1513 1704 1672 1745 silentio

251 1778 289 1807 16
315 1765 356 1805 in
393 1765 528 1805 forum
565 1765 675 1805 ducti
706 1765 933 1806 Hannibali
970 1780 1060 1807 sese
1097 1766 1406 1806 coniunxerunt.
1468 1772 1555 1806 tum
1591 1765 1672 1805 duo

314 1827 425 1867 milia
453 1825 665 1867 Gallorum
690 1826 859 1868 Poenus
893 1827 936 1868 in
972 1835 1053 1868 tres
1091 1828 1223 1868 divisa
1258 1828 1384 1882 partis
1420 1842 1494 1881 per
1528 1827 1670 1868 urbem

315 1890 479 1930 dimittit
527 1889 876 1945 Tarentinos[que
930 1890 1053 1930 duecs
1103 1890 1275 1945 singulis
1328 1889 1512 1944 partibus
1560 1889 1673 1930 addit,

251 1958 287 1987 17
315 1950 466 2006 binos]
526 1951 670 1991 itinera
696 1966 820 2004 quam
846 1967 1037 1992 maxume
1062 1951 1292 2004 frequentia
1316 1965 1515 2005 occupare
1544 1950 1669 1998 iubet,

315 2015 491 2055 tumultu
517 2022 603 2055 orto
617 2014 828 2056 Romanos
855 2015 1011 2069 passim
1036 2014 1169 2062 caedi,
1195 2013 1410 2068 oppidanis
1435 2013 1559 2068 parci.
1599 2013 1671 2054 sed

314 2084 359 2116 ut
383 2076 470 2116 fieri
499 2076 541 2116 id
572 2084 730 2130 posset,
767 2077 965 2131 praecipit
995 2076 1211 2117 iuvenibus
1238 2076 1490 2124 Tarentinis,
1527 2082 1572 2115 ut
1601 2074 1673 2116 ubi

315 2154 437 2192 quern
475 2154 641 2179 suorum
678 2139 819 2193 procul
854 2139 1077 2188 xidissent,
1126 2138 1336 2192 quiescere
1380 2153 1427 2179 ac
1470 2137 1588 2179 silere
1625 2151 1672 2178 ac

315 2200 423 2242 bono
449 2200 584 2241 animo
611 2215 701 2241 esse
727 2200 924 2241 iuberent.

273 2279 287 2307 1
399 2262 458 2303 X.
518 2262 610 2302 Iam
652 2262 850 2303 tumultus
893 2270 978 2303 erat
1021 2262 1279 2315 clamorque,
1328 2262 1460 2315 qualis
1499 2275 1590 2302 esse
1630 2261 1671 2300 in

316 2332 434 2378 capta
457 2324 557 2365 urbe
585 2324 704 2373 solet,
733 2325 823 2373 sed,
850 2325 948 2378 quid
972 2325 1031 2365 rei
1056 2330 1182 2372 essct,
1209 2338 1329 2364 nemo
1351 2323 1448 2364 satis
1468 2337 1542 2377 pro
1563 2329 1672 2363 certo

272 2401 289 2430 2
317 2387 431 2427 scire.
494 2386 705 2427 Tarentini
730 2386 940 2427 Romanos
966 2387 1019 2427 ad
1043 2386 1313 2440 diripiendam
1338 2385 1482 2426 urbem
1507 2385 1671 2425 credere

315 2456 494 2497 coortos,
520 2448 718 2489 Romanis
746 2448 890 2489 seditio
921 2448 1057 2501 aliqua
1082 2463 1176 2488 cum
1201 2447 1345 2488 fraude
1370 2447 1500 2487 videri
1524 2445 1575 2487 ab
1601 2460 1673 2499 op-

272 2525 289 2554 3
315 2511 474 2563 pidanis
516 2518 638 2551 mota.
710 2510 943 2564 praefectus
986 2510 1118 2564 primo
1161 2509 1361 2549 excitatus
1405 2507 1582 2548 tumultu
1630 2507 1672 2546 in

315 2579 477 2625 portum
515 2572 678 2627 effugit,
716 2572 810 2612 inde
842 2579 1035 2626 acceptus
1073 2571 1226 2625 scapha
1261 2571 1303 2610 in
1334 2585 1469 2611 arcem
1501 2570 1672 2610 circum-

272 2647 289 2674 4
316 2633 487 2673 vehitur.
544 2648 719 2674 errorem
746 2640 784 2673 et
809 2633 908 2674 tuba
933 2634 1071 2674 audita
1097 2648 1147 2673 ex
1172 2633 1329 2673 theatro
1355 2631 1549 2678 faciebat,
1576 2644 1670 2669 nam

319 2700 357 2733 et
381 2694 569 2735 Romana
594 2702 696 2743 erat,
730 2711 753 2735 a
778 2695 1051 2748 proditoribus
1078 2695 1130 2735 ad
1154 2694 1231 2735 hoc
1256 2694 1391 2747 ipsum
1416 2696 1667 2746 praeparata,
