1815 3184
479 249 631 284 LIBER
653 249 820 294 XXVII,
846 249 900 283 20.
929 251 976 292 [a.
993 248 1127 292 0209]
1398 239 1479 280 349

127 354 170 394 in
206 361 339 395 cetera
375 353 616 406 exequenda
658 352 753 393 belli
794 352 904 392 haud
946 367 1092 406 parum
1134 351 1364 406 opportuni.
1423 351 1480 392 ibi
1506 366 1524 393 4

128 414 444 463 conferentibus,
471 415 569 467 quid
594 415 636 454 in
661 414 859 466 cuiusque
883 413 1117 468 provinciae
1142 414 1306 467 regione
1328 413 1483 453 animo-

127 492 218 517 rum
248 477 448 531 Hispanis
486 482 613 525 essct,
650 491 756 516 unus
788 475 1027 516 Hasdrubal
1060 473 1258 529 Gisgonis
1295 474 1481 514 ultimam

127 538 356 592 Hispaniae
382 553 512 586 oram,
539 551 643 590 quae
669 538 721 577 ad
746 551 944 578 oceanum
969 543 1008 577 et
1035 535 1165 578 Gadis
1191 536 1340 590 vergit,
1366 536 1482 590 igna-

127 616 214 640 ram
262 600 395 640 adhuc
443 600 723 640 Romanorum
766 613 857 639 esse
900 613 1030 651 eoque
1069 597 1479 652 Carthaginiensibus

129 661 226 701 satis
252 661 376 701 fidam
408 660 619 709 censebat3
656 661 761 700 inter
785 659 1092 700 Hasdrubalem
1123 659 1294 699 alterum
1326 666 1365 699 et
1388 658 1483 698 Ma-

128 738 278 778 gonem
304 723 536 772 constabat,
574 723 782 764 beneficiis
811 722 1016 777 Scipionis
1048 729 1268 776 occupatos
1300 722 1482 762 omnium

129 785 288 825 animos
313 785 476 839 publice
501 785 775 839 privatimque
807 799 897 824 esse
922 799 998 824 nec
1030 783 1334 824 transitionibus
1359 783 1482 823 finem

127 854 220 887 ante
245 847 350 896 fore,
383 861 505 899 quam
531 860 672 886 omnes
698 846 878 899 Hispani
903 845 1051 885 milites
1078 852 1148 885 aut
1171 845 1213 885 in
1237 845 1380 885 ultima
1404 844 1483 885 Hi·-

127 908 295 961 spaniae
332 908 455 948 amoti
492 914 561 947 aut
597 907 770 947 traducti
810 907 853 946 in
889 904 1068 947 Galliam
1103 906 1249 946 forent.
1332 907 1480 960 itaque,

126 970 248 1009 etiam
286 970 319 1010 si
357 976 522 1010 senatus
550 968 955 1022 Carthaginiensium
985 982 1067 1008 non
1099 968 1344 1016 censuisset,
1383 983 1483 1008 eun-

126 1031 224 1070 dum
249 1038 385 1071 tamen
409 1030 666 1071 Hasdrubali
691 1030 819 1070 fuisse
844 1030 886 1068 in
910 1029 1090 1077 Italiam,
1128 1029 1199 1068 ubi
1224 1029 1320 1069 belli
1345 1036 1479 1083 caput,

126 1106 261 1131 rerum
287 1107 448 1132 summa
473 1098 600 1140 esset,
640 1091 761 1130 simul
792 1096 835 1130 ut
859 1089 1072 1143 Hispanos
1099 1091 1231 1130 omnis
1256 1090 1400 1143 procul
1430 1089 1481 1130 ab

125 1153 289 1193 nomine
317 1152 522 1206 Scipionis
561 1167 611 1193 ex
641 1152 847 1206 Hispania
883 1151 1122 1192 abduceret:
1160 1152 1361 1191 exercitus
1394 1151 1480 1192 eius

127 1229 219 1255 cum
250 1214 569 1263 transitionibus,
589 1220 676 1254 tum
714 1214 888 1254 adverso
923 1213 1078 1267 proelio
1109 1213 1371 1253 imminutum
1404 1213 1482 1252 Hi-

126 1276 265 1330 spanis
296 1275 442 1330 repleri
472 1275 682 1317 militibus.
744 1281 783 1315 et
812 1274 1058 1329 Magonem,
1097 1274 1352 1316 Hasdrubali
1385 1273 1482 1315 Gis-

123 1337 243 1392 gonis
267 1337 351 1377 filio
377 1337 523 1377 tradito
549 1336 749 1385 exercitu,
781 1337 917 1391 ipsum
943 1350 1035 1376 cum
1061 1337 1206 1391 grandi
1231 1336 1406 1390 pacunia
1431 1336 1483 1376 ad

124 1398 390 1439 conducenda
414 1398 602 1439 mercede
627 1398 779 1438 auxilia
803 1398 845 1438 in
869 1398 1045 1438 Baliaris
1071 1398 1253 1438 traicere.
1291 1397 1482 1439 Hasdru-

100 1460 257 1500 -balem
285 1458 483 1514 Gisgonis
510 1474 604 1500 cum
630 1459 811 1500 exercitu
836 1460 999 1514 penitus
1024 1460 1066 1499 in
1082 1460 1344 1500 Lusitaniam
1370 1459 1482 1500 abire

123 1536 199 1562 nec
224 1536 317 1561 cum
342 1521 540 1561 Romanis
566 1536 713 1561 manus
739 1535 964 1562 conserere.
1018 1521 1269 1562 Masinissae
1295 1536 1346 1562 ex
1371 1521 1483 1562 omni

124 1582 318 1635 equitatti,
335 1582 444 1635 quod
463 1582 622 1623 roboris
637 1589 757 1631 esset,
772 1583 848 1623 tria
866 1583 977 1623 milia
997 1583 1180 1636 equitum
1200 1583 1354 1637 expleri
1368 1597 1482 1623 eum-

98 1672 102 1675 ·
124 1658 203 1697 que
217 1659 369 1698 vagum
390 1658 461 1697 per
480 1644 705 1685 citeriorem
718 1643 968 1698 Hispaniam
988 1645 1108 1685 sociis
1125 1659 1245 1698 opem
1265 1644 1388 1694 ferre,
1409 1645 1482 1685 ho-

125 1706 248 1747 stium
262 1706 411 1760 oppida
426 1713 546 1758 atque
561 1720 681 1760 agros
695 1706 895 1760 populari.
910 1706 974 1747 his
989 1706 1161 1747 decretis
1177 1707 1227 1747 ad
1242 1707 1482 1760 exequenda

126 1781 228 1820 quae
255 1774 479 1808 statuerant
504 1768 691 1821 digressi.
730 1767 832 1808 haec
857 1782 905 1809 eo
930 1782 1037 1809 anno
1062 1768 1104 1808 in
1123 1768 1329 1822 Hispania
1354 1775 1456 1809 acta.

207 1829 366 1870 Romae
392 1829 504 1870 fama
531 1828 737 1883 Scipionis
762 1829 803 1868 in
829 1829 916 1870 dies
942 1844 1142 1878 crescere,
1168 1829 1299 1870 Fabio
1325 1830 1482 1871 Taren—

124 1898 211 1931 tum
236 1898 400 1945 captum
427 1898 520 1932 astu
544 1891 677 1945 magis
705 1905 829 1943 quam
854 1891 1003 1931 virtute
1027 1891 1182 1946 gloriae
1214 1899 1351 1932 tamen
1376 1906 1479 1941 esse,

123 1953 245 1993 Fulvi
284 1967 496 1994 senescere
533 1953 661 2001 fama,
699 1952 923 1994 Marcellus
961 1954 1081 1994 etiam
1115 1954 1288 1995 adverso
1318 1969 1481 1995 rumore

124 2028 234 2063 esse,
267 2029 389 2068 super
413 2029 536 2068 quam
562 2014 673 2067 quod
696 2014 828 2067 primo
854 2014 959 2054 male
983 2021 1258 2069 pugnaverat,
1291 2015 1387 2068 quia
1410 2031 1481 2056 va-

124 2084 246 2130 gante
278 2091 351 2129 per
376 2076 537 2117 Italiam
567 2075 803 2117 Hannibale
835 2076 970 2117 media
1001 2083 1156 2117 aestate
1181 2076 1409 2118 Venusiam
1439 2077 1482 2117 in

125 2144 232 2178 tecta
268 2138 416 2179 milites
453 2138 706 2179 abduxisset.
768 2138 957 2179 inimicus
997 2145 1081 2179 erat
1118 2139 1155 2179 ei
1187 2138 1236 2179 C.
1267 2139 1480 2180 Publicius

125 2198 300 2239 Bibulus
327 2199 513 2240 tribunus
539 2199 684 2254 plebis.
733 2201 767 2241 is
793 2200 874 2240 iam
900 2216 924 2241 a
947 2200 1078 2254 prima
1102 2215 1254 2255 pugna,
1280 2215 1386 2253 quae
1411 2201 1482 2241 ad—

125 2275 245 2300 versa
280 2260 430 2309 fuerat,
474 2262 657 2303 adsiduis
694 2262 951 2303 contionibus
988 2262 1185 2303 infamem
1220 2262 1481 2316 invisumque

126 2321 261 2376 plebei
298 2321 519 2363 Claudium
561 2323 713 2364 fecerat
755 2330 794 2365 et
829 2324 910 2364 iam
947 2324 998 2364 de
1038 2324 1209 2378 imperio
1245 2323 1481 2379 abrogando

127 2384 214 2424 eius
252 2383 418 2438 agebat,
467 2399 561 2425 cum
597 2391 733 2426 tamen
768 2385 989 2427 necessarii
1021 2384 1171 2426 Claudi
1206 2386 1479 2436 obtinuerunt,

125 2445 264 2486 relicto
290 2445 498 2487 Venusiae
524 2447 661 2502 legato
686 2447 909 2489 Marcellus
934 2447 1112 2489 Romam
1136 2448 1285 2489 rediret
1310 2449 1362 2488 ad
1386 2463 1482 2502 pur-

126 2507 262 2562 ganda
287 2521 351 2557 ea,
389 2522 494 2561 quae
519 2509 673 2550 inimici
698 2510 977 2558 decernerent,
1014 2523 1090 2550 nec
1119 2510 1170 2550 de
1194 2510 1366 2564 imperio
1392 2511 1478 2551 eius

126 2569 363 2624 abrogando
389 2570 557 2612 absente
582 2571 671 2625 ipso
697 2579 896 2626 ageretur.
951 2571 1056 2611 forte
1083 2571 1159 2612 sub
1183 2572 1293 2612 idem
1318 2578 1479 2626 tempus

125 2638 164 2672 et
188 2631 411 2673 Marcellus
444 2633 496 2673 ad
527 2634 826 2687 deprecandam
861 2633 1127 2687 ignominiam
1159 2640 1197 2674 et
1229 2633 1281 2687 Q.
1307 2634 1479 2676 Fulvius

126 2691 268 2734 consul
294 2694 549 2735 comitiorum
575 2709 699 2736 causa
724 2695 900 2737 Romam
925 2695 1048 2736 venit.

1508 1165 1524 1193 *1

1508 2031 1548 2059 10

1510 2154 1545 2183 11

1507 2587 1548 2616 13
