1815 3184
448 229 601 264 LIBER
625 229 756 274 XXX,
781 229 936 263 40-42.
964 228 1249 273 [a.c.202.201]
1444 218 1525 260 525

184 332 226 373 111
249 332 436 373 Africam
461 333 666 383 traiceret,
693 333 836 375 consul
860 333 980 382 mari,
1014 331 1153 387 Scipio
1179 332 1323 374 eodem
1348 346 1429 385 quo
1455 331 1526 372 ad-

185 394 263 434 huc
293 394 379 434 iure
410 394 569 448 imperii
599 402 706 435 terra
734 409 822 436 rem
851 402 1028 450 gereret3
1068 394 1102 435 si
1138 393 1398 435 condiciones
1430 407 1526 434 con-

184 456 369 496 venirent
397 456 530 510 pacis,
568 456 719 496 tribuni
748 456 879 511 plebis
911 456 1109 511 populum
1137 463 1347 510 rogarent,
1390 462 1527 495 utrum

184 517 394 558 consulem
420 533 472 557 an
496 517 545 558 P.
564 516 801 573 Scipionem
824 518 1012 558 iuberent
1034 531 1179 573 pacem
1205 518 1301 557 dare
1327 524 1367 558 et
1392 532 1525 570 quem,

183 579 219 620 si
248 579 528 634 deportandus
561 579 762 620 exercitus
795 579 923 620 victor
955 595 1005 620 ex
1035 579 1181 620 Africa
1215 586 1343 628 esset,
1381 579 1526 633 depor-

183 648 287 691 tare3
332 641 366 681 si
401 655 546 696 pacem
581 657 654 696 per
678 642 726 682 P.
757 641 993 696 Scipionem
1030 641 1117 682 dari
1148 649 1268 695 atque
1300 642 1350 682 ab
1382 641 1526 682 eodem

183 703 409 744 exercitum
445 703 651 758 deportari
685 703 920 753 iussissent,
957 719 1008 745 118
1045 704 1188 745 consul
1224 719 1275 744 ex
1307 702 1449 744 Sicilia
1484 703 1526 743 in

181 764 371 805 Africam
396 765 596 806 traiceret.
635 766 736 806 alter
762 766 923 815 consul,
949 765 1015 806 cui
1032 766 1154 807 Italia
1178 763 1396 815 evenisset,
1422 766 1524 806 duas

182 826 366 882 legiones
394 843 417 867 a
440 827 502 868 M.
531 827 674 869 Sextio
698 835 885 883 praetore
911 828 1124 882 acciperet.

267 888 497 930 XXXXI.
555 890 605 931 P.
634 888 818 945 Scipioni
843 905 934 930 cum
960 890 1205 931 exercitibus
1232 904 1334 943 quos
1360 889 1528 929 haberet

182 950 226 991 in
255 951 468 1006 provincia
492 952 638 993 Africa
672 959 939 1007 prorogatum
969 952 1198 1006 imperium.
1256 951 1435 1006 praetori
1463 950 1526 990 M.

181 1014 350 1056 Valerio
369 1015 535 1055 Faltoni
560 1015 664 1055 duae
689 1015 873 1069 legiones
893 1015 935 1054 in
953 1015 1125 1062 Bruttis,
1151 1014 1298 1067 quibus
1314 1013 1363 1055 C.
1378 1013 1526 1054 Livius

180 1075 316 1130 priore
343 1092 449 1118 anno
474 1077 726 1131 praefuerat,
754 1077 959 1117 decretae:
990 1077 1040 1117 P.
1065 1076 1211 1116 Aelius
1236 1083 1400 1130 praetor
1425 1076 1526 1116 duas

181 1137 367 1193 legiones
393 1138 435 1178 in
462 1137 604 1179 Sicilia
628 1139 679 1178 ab
706 1137 783 1179 Cn.
805 1138 1026 1178 Tremellio
1052 1138 1266 1192 acciperet.
1314 1138 1421 1191 legio
1446 1152 1529 1177 una

180 1199 242 1240 M.
267 1199 398 1240 Fabio
424 1199 466 1239 in
493 1198 745 1248 Sardiniam,
782 1213 905 1252 quam
928 1199 978 1239 P.
1003 1199 1208 1239 Lentulus
1237 1214 1311 1253 pro
1341 1206 1529 1253 praetore

181 1260 412 1309 habuisset,
451 1261 694 1302 decernitur.
754 1261 816 1301 M.
844 1260 1019 1302 Servilio
1055 1261 1202 1316 prioris
1240 1260 1336 1301 anni
1371 1260 1529 1301 consuli

181 1338 274 1364 cum
299 1323 384 1364 suis
416 1323 576 1364 duabus
608 1324 706 1364 item
736 1324 968 1378 legionibus
999 1323 1042 1363 in
1064 1323 1232 1364 Etruria
1262 1330 1528 1378 prorogatum

180 1385 397 1440 imperium
422 1392 503 1426 est:
530 1386 639 1439 quod
665 1386 717 1426 ad
735 1385 962 1441 Hispanias
989 1385 1195 1434 attineret,
1222 1386 1375 1439 aliquot
1400 1400 1528 1426 annos

180 1447 262 1488 iam
285 1447 342 1487 ibi
361 1447 413 1488 L.
436 1445 678 1488 Cornelium
696 1447 923 1488 Lentulum
948 1455 987 1488 et
1005 1448 1058 1488 L.
1079 1447 1285 1488 BIanlium
1304 1447 1528 1488 Acidinum

181 1524 292 1559 esse3
324 1510 384 1550 uti
409 1510 599 1551 consules
625 1525 715 1550 cum
743 1510 915 1550 tribunis
943 1517 1130 1565 agerent,
1161 1518 1223 1559 ut,
1251 1510 1286 1551 si
1310 1511 1344 1549 is
1369 1510 1529 1550 videre-

181 1578 264 1620 tur,
289 1571 455 1626 plebem
479 1579 689 1626 rogarent,
716 1572 781 1612 cui
804 1571 992 1613 iuberent
1016 1572 1059 1612 111
1082 1571 1289 1627 Hispania
1312 1572 1528 1626 imperium

181 1648 292 1674 esse:
335 1633 369 1674 is
407 1649 459 1674 ex
494 1634 654 1675 duobus
693 1634 938 1676 exercitibus
970 1634 1012 1674 in
1042 1649 1166 1675 unam
1196 1634 1401 1689 legionem
1432 1649 1528 1675 con-
1554 1649 1567 1673 .›·

182 1696 377 1737 scriberet
407 1697 619 1738 Romanos
651 1697 800 1738 milites
833 1705 873 1738 et
902 1697 945 1738 in
977 1697 1211 1751 quindecim
1242 1697 1430 1739 cohortes
1463 1713 1528 1738 so-

180 1758 264 1799 cios
279 1758 421 1799 Latini
445 1759 642 1809 nominis,
669 1759 817 1813 quibus
841 1759 1095 1814 provinciam
1121 1760 1321 1801 obtineret
1330 1777 1340 1809 3
1366 1768 1525 1800 veteres

179 1820 328 1860 milites
349 1820 402 1861 L.
424 1819 643 1863 Cornelius
670 1829 709 1862 et
723 1821 775 1862 L.
795 1821 979 1863 Manlius
1004 1822 1047 1862 in
1066 1822 1229 1863 Italiam
1254 1822 1527 1877 deportarent.

180 1882 339 1923 consuli
365 1883 663 1938 quinquaginta
686 1883 853 1925 navium
879 1884 1022 1926 classis
1049 1899 1101 1925 ex
1125 1884 1284 1925 duabus
1312 1884 1526 1931 classibus,

180 1942 260 1985 Cn.
288 1943 458 1994 Octavi,
497 1960 601 1998 quae
632 1946 673 1986 in
698 1946 845 1987 Africa
870 1953 999 1996 esset,
1038 1954 1077 1987 et
1101 1947 1151 1987 P.
1176 1946 1294 1995 Villi,
1331 1960 1434 1999 quae
1462 1944 1528 1985 Si-

180 2005 297 2046 ciliae
322 2021 436 2047 oram
461 2008 668 2057 tuebatur,
707 2008 889 2058 decreta,
925 2016 970 2049 ut
996 2023 1096 2062 quas
1122 2008 1244 2049 vellet
1274 2023 1400 2048 naves
1427 2006 1526 2047 deli-

180 2075 312 2121 geret:
349 2069 398 2110 P.
422 2068 561 2124 Scipio
587 2070 859 2126 quadraginta
882 2086 1009 2111 naves
1040 2071 1204 2125 longas,
1236 2084 1336 2122 quas
1362 2069 1528 2109 habuis-

182 2136 262 2179 set,
288 2130 470 2173 haberet.
530 2133 678 2186 quibus
706 2133 740 2174 si
766 2132 843 2174 Cn.
871 2133 1112 2181 Octavium,
1140 2132 1245 2173 sicut
1268 2131 1527 2186 praefuisset,

180 2206 375 2246 praeesse
400 2193 540 2244 vellet,
579 2194 756 2236 Octavio
781 2211 855 2250 pro
879 2202 1067 2250 praetore
1092 2194 1133 2234 in
1159 2209 1252 2234 eum
1278 2208 1430 2233 annum
1454 2193 1529 2233 im-

181 2253 340 2308 perium
373 2262 500 2305 esset3
540 2256 574 2297 si
604 2257 797 2298 Laelium
828 2257 1085 2311 praeficeret,
1124 2254 1326 2296 Octavius
1351 2255 1528 2295 Romam

183 2316 400 2358 decederet
428 2318 723 2373 reduceretque
759 2334 906 2367 naves,
944 2319 1091 2372 quibus
1129 2317 1287 2358 consuli
1316 2332 1416 2357 usus
1447 2333 1530 2358 non

182 2386 305 2418 esset.
365 2385 405 2418 et
440 2379 501 2420 M.
525 2380 656 2422 Fabio
693 2381 735 2421 in
768 2380 1003 2421 Sardiniam
1039 2380 1182 2420 decem
1216 2379 1365 2434 longae
1401 2394 1528 2420 naves

182 2439 384 2481 decretae.
455 2448 495 2482 et
532 2442 721 2483 consules
764 2443 866 2483 duas
908 2443 1086 2482 urbanas
1129 2441 1313 2496 legiones
1352 2441 1529 2482 scribere

182 2500 301 2549 iussi,
338 2509 384 2542 ut
408 2504 735 2555 quattuordecim
758 2503 990 2558 legionibus
1023 2518 1072 2545 eo
1103 2518 1229 2552 anno,
1266 2511 1430 2544 centum
1455 2519 1529 2545 na-

182 2563 301 2604 vibus
327 2564 462 2619 longis
487 2580 553 2607 res
578 2566 743 2621 publica
768 2566 1134 2607 administraretur.

266 2625 518 2668 XXXXH.
567 2627 676 2668 Tum
702 2627 753 2668 de
778 2627 924 2682 legatis
949 2627 1133 2682 Philippi
1158 2635 1199 2668 et
1213 2626 1528 2683 Carthaginien-

183 2688 289 2728 sium
314 2695 461 2729 actum.
521 2688 677 2745 priores
702 2689 958 2731 Macedonas
989 2689 1191 2730 introduci
1220 2689 1391 2744 placuit,
1429 2704 1528 2744 quo-

1555 406 1592 434 14

1556 654 1594 683 15

1553 1088 1571 1117 2

1555 1272 1573 1300 3

1555 1399 1573 1426 4

1554 2083 1571 2111 7

1553 2268 1573 2298 8

1555 2454 1572 2483 9

1554 2642 1569 2671 l

1553 2704 1571 2733 2
