1815 3184
448 223 601 256 LIBER
626 223 734 266 xxi,
761 224 814 256 ‹3-2.
836 223 889 255 63.
919 225 966 265 [a.
984 220 1021 255 c,
1038 221 1119 264 ⁶218]
1412 213 1466 252 53

111 341 284 367 aeneum
327 334 535 367 matronae
577 326 724 366 Iunoni
767 326 808 366 in
850 324 1059 371 Aventino
1101 324 1392 364 dedicaverunt
1430 331 1469 364 et

111 389 403 429 lectisternium
432 388 583 435 Caere,
610 388 679 428 ubi
707 397 836 428 sortes
863 388 1104 428 adtenuatae
1131 397 1263 434 erant,
1296 386 1470 439 impera-

112 460 198 491 tum
225 458 263 490 et
289 450 532 504 supplicatio
558 450 763 490 Fortunae
790 450 830 489 in
857 449 1030 503 Algido:
1057 449 1215 489 Romae
1240 462 1403 501 qnoque
1429 455 1467 487 et
1495 462 1512 489 9

112 512 405 553 lectisternium
434 512 637 552 Iuventati
669 520 708 551 et
740 511 983 565 supplicatio
1015 511 1067 551 ad
1099 510 1243 550 aedem
1274 509 1467 549 Herculis

113 574 364 622 nominatim,
386 573 532 613 deinde
558 573 749 614 universo
775 573 927 627 populo
954 572 1059 613 cirea
1080 572 1215 612 omnia
1240 571 1469 625 pulvinaria

112 636 277 683 indicta,
299 644 337 675 et
353 633 486 676 Genio
513 635 686 675 maiores
713 634 869 675 hostiae
891 649 1034 674 caesae
1055 633 1235 686 quinque
1257 639 1295 672 et
1311 631 1360 673 C.
1377 632 1470 672 Ati-
1502 646 1538 674 ιο

112 697 191 737 lius
220 695 422 737 Serranus
454 704 616 750 praetor
642 704 737 737 vota
769 696 977 749 suscipere
1008 696 1165 743 iussus,
1199 695 1233 735 si
1258 695 1298 734 in
1325 694 1467 734 decem

112 773 241 799 annos
272 773 337 798 res
370 758 534 812 publica
559 758 702 798 eodem
735 758 915 798 stetisset
947 765 1067 797 statu.
1126 756 1229 796 haec
1253 763 1472 810 procurata,
1502 771 1534 798 ιι

114 827 291 872 votaque
324 832 374 860 ex
410 819 523 860 libris
558 818 771 873 Sibyllinis
809 833 961 873 magna
997 833 1048 858 ex
1083 825 1197 872 parte
1234 818 1470 858 levaverant

114 882 310 937 religione
337 882 508 922 animos.

197 943 368 984 LXIII.
420 942 650 983 Consulum
677 943 983 997 designatorum
1011 942 1111 982 alter
1134 941 1378 989 Flaminius,
1406 941 1471 981 cui
1502 952 1511 979 1

113 1004 190 1045 hae
215 1004 398 1059 legiones
419 1019 523 1057 quae
543 1004 779 1044 Placentiae
805 1003 1076 1044 hibernabant
1102 1010 1210 1043 sorte
1236 1010 1468 1050 evenerant,

113 1067 290 1106 edictum
317 1073 356 1106 et
386 1066 541 1106 litteras
567 1066 619 1105 ad
645 1066 854 1106 consulem
882 1065 1010 1113 misit,
1037 1072 1081 1104 ut
1106 1065 1140 1105 is
1167 1064 1369 1105 exereitus
1396 1065 1470 1103 idi-

113 1127 189 1167 bus
217 1127 363 1167 Martis
389 1126 568 1167 Arimini
599 1127 762 1167 adesset
792 1127 833 1167 in
866 1126 1023 1167 castris.
1084 1126 1151 1166 hic
1181 1126 1223 1165 in
1260 1126 1469 1179 provincia

113 1189 370 1230 consulatum
396 1189 496 1229 inire
523 1189 739 1229 consilium
766 1196 852 1229 erat
876 1189 1046 1229 memori
1072 1195 1257 1228 veterum
1283 1188 1470 1228 certami-

112 1266 210 1291 num
241 1266 334 1291 eum
364 1250 569 1305 patribus,
602 1265 707 1304 quae
739 1250 926 1291 tribunus
958 1250 1090 1304 plebis
1122 1257 1162 1290 et
1192 1265 1297 1303 quae
1328 1259 1471 1304 postea

115 1313 257 1353 consul
282 1313 395 1366 prius
417 1313 467 1352 de
488 1313 716 1361 consulatu,
738 1313 808 1366 qui
828 1312 1118 1366 abrogabatur,
1139 1312 1234 1352 dein
1255 1312 1305 1352 de
1331 1312 1472 1351 trium-

113 1375 195 1429 pho
226 1375 445 1424 habuerat,
483 1375 641 1415 invisus
679 1375 800 1415 etiam
837 1375 1022 1429 patribus
1055 1374 1107 1415 ob
1139 1390 1288 1415 novam
1321 1374 1469 1429 legem,

114 1451 238 1489 quam
253 1436 305 1488 Q.
323 1436 523 1477 Claudius
549 1436 737 1477 tribunus
764 1437 895 1491 plebis
917 1437 1115 1478 adversus
1137 1444 1323 1477 senatum
1350 1444 1472 1490 atque

116 1514 197 1539 uno
223 1507 384 1553 patrum
410 1500 629 1540 adiuvante
646 1499 694 1541 C.
711 1500 912 1540 Flaminio
933 1500 1091 1548 tulerat,
1118 1515 1168 1540 ne
1188 1500 1281 1552 quis
1309 1507 1473 1540 senator

116 1562 233 1601 cuive
266 1571 429 1602 senator
459 1572 574 1615 pater
605 1562 751 1602 fuisset
777 1562 1022 1602 maritimam
1049 1576 1216 1610 navem,
1248 1576 1353 1614 quae
1379 1561 1471 1615 plus

115 1637 239 1675 quam
271 1630 541 1663 trecentarum
574 1623 863 1677 amphorarum
894 1631 1020 1672 esset,
1053 1622 1235 1664 haberet.
1295 1623 1337 1663 id
1373 1622 1470 1663 satis
1497 1631 1515 1659 4

116 1683 301 1724 habitum
333 1685 384 1724 ad
419 1685 577 1726 fructus
611 1700 661 1725 cx
694 1685 803 1739 agris
834 1686 1076 1734 vectandos,
1110 1692 1305 1738 quaestus
1337 1685 1470 1726 omnis

115 1745 299 1799 patribus
325 1746 542 1787 indecorus
568 1747 697 1787 visu&
749 1762 814 1787 res
840 1762 913 1801 per
938 1762 1141 1788 summam
1169 1747 1471 1787 contentionem

117 1814 207 1846 aeta
232 1807 427 1847 invidiam
454 1816 550 1861 aput
577 1808 829 1849 nobilitatem
857 1809 1015 1850 suasori
1039 1809 1142 1864 legis
1169 1809 1385 1857 Flaminio,
1411 1809 1473 1848 fa—

117 1883 256 1918 vorem
288 1876 387 1923 aput
416 1869 579 1924 plebem
611 1870 865 1923 alterumque
891 1871 985 1910 inde
1011 1870 1269 1911 consulatum
1300 1871 1470 1925 peperit.

117 1930 168 1970 ob
200 1931 301 1971 haec
332 1940 444 1972 ratus
476 1933 669 1986 auspiciis
697 1933 964 1973 ementiendis
991 1933 1319 1986 Latinarumque
1350 1933 1472 1973 feria·
1498 1948 1517 1975 5

118 2008 205 2032 rum
233 2009 346 2034 mora
371 2002 410 2034 et
436 1995 719 2036 consularibus
746 1995 834 2035 aliis
860 1995 1148 2049 inpedimentis
1174 2004 1402 2036 retenturos
1429 2010 1473 2036 se

118 2054 159 2093 in
178 2054 290 2103 urbe,
318 2056 507 2097 simulato
532 2057 674 2097 itinere
694 2057 877 2111 privatus
898 2057 1002 2097 clam
1027 2058 1069 2097 in
1088 2057 1340 2111 provinciam
1360 2057 1471 2097 abiit.

120 2130 167 2155 ea
197 2131 261 2155 res
294 2116 361 2157 ubi
393 2118 529 2171 palam
559 2119 669 2159 facta
700 2126 778 2167 est,
810 2134 960 2159 novam
990 2119 1158 2172 insuper
1182 2119 1283 2159 iram
1310 2119 1470 2159 infestis
1498 2133 1516 2162 6

120 2178 200 2217 iam
226 2185 318 2218 ante
344 2179 528 2232 patribus
554 2181 699 2220 movit:
732 2196 815 2221 non
840 2195 932 2220 cum
960 2188 1104 2220 senatu
1129 2181 1264 2229 modo,
1292 2181 1364 2220 sed
1390 2181 1470 2220 iarn

120 2253 214 2278 cum
240 2239 316 2279 (liis
342 2240 626 2282 inmortalibus
654 2242 702 2282 (2.
718 2242 968 2282 Flaminium
994 2242 1147 2282 bellum
1173 2257 1327 2297 gerere.
1377 2257 1473 2283 con—

121 2300 251 2340 sulem
282 2309 374 2341 ante
406 2302 662 2356 inauspicato
694 2303 849 2343 factum
880 2303 1168 2344 revocantibus
1195 2319 1246 2344 ex
1270 2304 1360 2358 ipsa
1385 2304 1471 2344 acie

120 2362 195 2401 diis
221 2370 342 2415 atque
367 2363 602 2404 hominibus
628 2380 709 2404 non
734 2365 932 2418 paruisse,
954 2380 1062 2405 nunc
1084 2366 1334 2406 conscientia
1360 2381 1473 2420 spre-

120 2432 253 2463 torum
275 2432 312 2464 et
328 2424 578 2478 Capitolium
599 2434 639 2466 et
659 2426 897 2467 sollemnem
918 2434 1104 2467 votorum
1124 2428 1472 2482 nuncupationem

120 2486 291 2539 fugisse,
318 2501 369 2526 ne
389 2487 452 2527 die
478 2487 565 2527 initi
591 2489 854 2543 magistratus
874 2489 986 2529 Iovis
1013 2490 1154 2544 optimi
1179 2490 1347 2530 maximi
1372 2498 1473 2531 tem·
1498 2505 1518 2534 8

119 2547 231 2601 plum
258 2548 404 2597 adiret,
436 2564 486 2589 ne
513 2556 698 2589 senatum
725 2550 882 2591 invisus
913 2551 1001 2604 ipse
1027 2558 1066 2592 et
1092 2551 1169 2592 sibi
1200 2553 1270 2592 uni
1295 2553 1472 2593 invisum

119 2609 275 2650 videret
296 2610 618 2664 consuleretque,
642 2627 692 2652 ne
712 2613 885 2653 Latinas
911 2613 1108 2654 indiceret
1126 2614 1299 2668 Iovique
1314 2615 1472 2656 Latiari

119 2671 313 2712 sollemne
340 2687 500 2714 sacrum
526 2674 567 2714 in
593 2682 730 2715 monte
756 2675 921 2725 faceret,
948 2690 998 2717 ne
1024 2677 1235 2731 auspicato
1261 2677 1470 2732 profectus
1498 2690 1516 2720 9

1497 1137 1515 1164 [ί

1498 1384 1515 1412 02

1498 2258 1514 2286 =l
