1815 3184
272 240 349 281 148
567 247 720 281 LIBER
744 237 894 291 XXIII,
920 246 974 281 33.
994 245 1047 280 34.
1075 248 1124 289 [a.
1138 258 1172 281 u.
1189 257 1218 280 e.
1232 247 1313 291 539]

267 351 512 403 deductique
548 350 601 390 ad
625 349 837 390 Valerium
868 349 1102 389 Laevinum
1137 355 1364 404 praetorem
1395 351 1501 393 circa
1529 353 1618 393 Lu-

222 430 239 459 6
267 413 416 454 ceriam
441 418 574 452 castra
604 411 835 451 habentem.
889 410 947 451 ibi
976 411 1175 465 intrepide
1199 412 1482 466 Xenophanes
1507 413 1618 468 lega-

265 474 385 514 tionis
417 473 606 527 princeps
639 488 662 512 a
686 472 880 526 Philippo
910 487 1006 527 rege
1039 487 1082 512 se
1113 473 1285 514 missum
1318 473 1372 514 ait
1404 474 1453 514 ad
1480 475 1619 515 amici-

264 535 362 575 tiam
411 534 730 587 societatemque
776 534 1027 588 iungendam
1075 549 1168 574 eum
1214 535 1367 589 populo
1415 535 1616 585 Romano,

266 596 456 636 mandata
497 595 648 636 habere
689 595 742 635 ad
784 595 972 635 consules
1015 610 1062 636 ac
1106 603 1293 637 senatum
1340 597 1618 650 populumque

221 675 236 703 7
264 659 511 699 Romanum.
576 655 774 711 [praetor]
802 657 906 697 inter
930 657 1180 699 defectiones
1205 666 1388 698 veterum
1415 659 1618 699 sociorum

263 735 370 760 nova
396 720 590 760 societate
616 727 698 759 tam
726 719 822 759 clari
847 719 955 775 regis
981 718 1112 760 laetus
1133 720 1354 760 admodum
1379 720 1517 760 hostes
1543 735 1616 774 pro

218 796 237 826 8
264 781 495 836 hospitibus
523 782 690 822 comiter
715 781 889 835 accepit3
927 781 996 821 dat
1021 782 1091 834 qui
1122 789 1438 836 prosequantur,
1475 783 1620 822 itinera

264 859 357 884 cum
383 858 479 884 cura
504 843 803 891 demonstrent,
836 857 940 895 quae
966 842 1054 883 loca
1080 857 1265 896 quosque
1293 843 1419 884 saltus
1446 850 1516 884 aut
1535 844 1620 884 Ro-

219 922 236 951 9
264 920 409 946 manus
446 912 515 946 aut
551 905 690 945 hostes
728 911 905 945 teneant.
976 904 1261 959 Xenophanes
1303 919 1376 959 per
1416 906 1620 959 praesidia

262 967 451 1008 Romana
475 967 517 1007 in
533 966 821 1020 Campaniam,
848 966 942 1006 inde
968 981 1049 1019 qua
1073 967 1305 1021 proximum
1330 966 1407 1007 fuit
1426 967 1468 1007 in
1488 973 1620 1007 castra

263 1029 510 1069 Hannibalis
547 1028 731 1083 pervenit
768 1028 996 1081 foedusque
1033 1043 1126 1068 cum
1163 1043 1210 1069 eo
1242 1037 1362 1081 atque
1399 1029 1618 1069 amicitiam

198 1106 238 1136 10
264 1091 395 1145 iungit
419 1091 580 1146 legibus
606 1091 688 1139 his,
725 1096 770 1129 ut
795 1089 1012 1144 Philippus
1038 1105 1110 1131 rex
1135 1104 1257 1143 quam
1284 1090 1462 1131 maxima
1487 1090 1617 1130 classe

263 1179 294 1182 —
319 1154 514 1194 ducentas
541 1160 677 1193 autem
703 1167 828 1192 naves
854 1151 1069 1192 videbatur
1094 1152 1313 1192 effecturus
1339 1177 1371 1180 —
1396 1153 1436 1192 in
1455 1151 1618 1192 Italiam

264 1215 449 1255 traiceret
483 1221 521 1255 et
554 1220 732 1254 vastaret
763 1214 1007 1254 maritimam
1040 1229 1170 1262 oram,
1208 1213 1359 1254 bellum
1395 1229 1468 1268 pro
1505 1222 1618 1267 parte

198 1292 234 1320 11
265 1292 340 1317 sua
364 1285 469 1317 terra
493 1276 676 1328 marique
701 1282 877 1330 gercret;
904 1275 973 1315 ubi
993 1275 1240 1316 debellatum
1261 1282 1369 1316 esset
1388 1276 1428 1315 in
1446 1274 1616 1329 [Italia],

261 1338 381 1378 Italia
413 1338 543 1378 omnis
578 1352 670 1378 cum
702 1337 791 1391 ipsa
822 1336 921 1377 urbe
952 1336 1087 1378 Roma
1120 1336 1522 1391 Carthaginiensium
1560 1344 1619 1377 at-

263 1414 342 1453 quc
368 1399 615 1439 Hannibalis
642 1405 750 1439 esset
774 1399 1007 1452 praedaque
1034 1399 1165 1438 omnis
1186 1398 1412 1438 Hannibali
1438 1399 1617 1438 cederet:

198 1476 236 1506 12
262 1461 490 1516 perdomita
520 1460 640 1500 Italia
671 1460 911 1514 navigarent
943 1460 984 1499 in
1010 1458 1227 1500 Graeciam
1258 1459 1493 1512 bellumque
1525 1474 1619 1500 cum

262 1523 411 1576 quibus
442 1523 530 1577 regi
560 1522 737 1576 placeret
766 1528 972 1575 gererent3
1015 1536 1119 1574 quac
1151 1521 1336 1562 civitates
1374 1521 1616 1562 continentis

262 1599 447 1639 quaeque
483 1584 640 1625 insulae
676 1584 728 1624 ad
763 1582 1053 1624 Macedoniam
1090 1590 1282 1638 vergunt,
1326 1598 1398 1624 eae
1435 1583 1618 1638 Philippi

262 1647 458 1701 regnique
485 1646 570 1686 eius
599 1654 747 1686 essent.

219 1723 233 1750 1
345 1707 596 1748 XXXIIII.
657 1707 706 1746 In
731 1706 804 1747 has
830 1706 958 1747 ferme
983 1706 1096 1762 leges
1127 1707 1231 1747 inter
1255 1706 1443 1747 Poenum
1469 1707 1615 1747 ducem

217 1784 233 1812 2
260 1770 498 1824 legatosque
514 1769 790 1809 Macedonum
811 1768 937 1808 ictum
962 1768 1127 1818 foedus,
1154 1769 1350 1822 missique
1373 1784 1466 1809 cum
1491 1769 1539 1810 iis
1566 1769 1618 1809 ad

260 1832 368 1886 regis
400 1831 529 1885 ipsius
561 1830 802 1870 firmandam
833 1830 956 1870 fidem
988 1831 1130 1885 legati,
1170 1829 1302 1885 Gisgo
1334 1838 1373 1871 et
1398 1831 1548 1871 Bostar
1579 1837 1619 1870 et

259 1893 407 1947 Mago,
446 1892 590 1933 eodem
616 1892 668 1932 ad
693 1892 863 1932 Iunonis
889 1893 1106 1941 Laciniae,
1146 1892 1215 1933 ubi
1245 1893 1360 1933 navis
1392 1892 1550 1932 occulta
1575 1892 1617 1931 in

217 1970 235 1999 3
262 1955 433 1996 statione
459 1961 561 2003 erat,
600 1954 852 2007 perveniunt.
914 1954 1008 1994 inde
1039 1953 1210 2008 profecti
1236 1968 1329 1994 cum
1354 1953 1480 1994 altum
1506 1960 1618 1993 tene-

258 2024 360 2065 rent,
388 2016 595 2070 conspecti
616 2014 677 2070 [a]
699 2015 830 2056 classe
849 2015 1035 2056 Romana
1053 2022 1164 2065 sunt,
1192 2030 1296 2069 quae
1309 2015 1512 2069 praesidio
1532 2022 1618 2055 erat

215 2092 235 2121 4
262 2078 478 2119 Calabriae
514 2077 713 2118 litoribus.
777 2077 965 2118 Valerius
1001 2077 1175 2118 Flaccus
1213 2092 1401 2131 cercyros
1438 2077 1490 2117 ad
1526 2092 1617 2131 per-

260 2141 511 2194 sequendam
547 2139 915 2192 retrahendamque
946 2154 1092 2180 navem
1125 2155 1218 2180 cum
1250 2140 1448 2189 misisset,
1485 2140 1616 2193 primo

258 2202 401 2257 fugere
427 2202 529 2257 regii
554 2202 705 2251 eonati3
732 2202 899 2250 deinde,
926 2201 998 2242 ubi
1023 2202 1227 2242 celeritate
1253 2201 1361 2241 vinci
1387 2209 1614 2250 senscrunt,

215 2278 234 2307 5
260 2264 423 2303 tradunt
461 2278 504 2304 sc
541 2263 760 2312 Romanis,
810 2270 849 2303 et
885 2263 937 2303 ad
972 2263 1225 2317 praefectum
1261 2263 1405 2303 classis
1437 2263 1615 2311 adducti,

260 2340 353 2365 cum
391 2332 621 2377 quaereret,
671 2324 741 2377 qui
777 2331 816 2365 et
852 2325 960 2364 unde
997 2331 1036 2364 et
1072 2339 1153 2378 quo
1190 2325 1402 2365 tenderent
1438 2339 1615 2371 cursum,

258 2387 543 2441 Xenophanes
592 2386 724 2440 primo
773 2386 870 2426 satis
918 2386 999 2426 iam
1048 2387 1175 2427 semel
1216 2386 1315 2427 felix
1357 2386 1616 2426 mendacium

260 2455 432 2497 struere,
476 2464 499 2489 a
529 2448 722 2502 Philippo
754 2462 797 2488 se
828 2448 880 2488 ad
910 2447 1120 2489 Romanos
1153 2449 1326 2489 missum
1362 2449 1414 2489 ad
1444 2447 1505 2487 M.
1532 2446 1616 2487 Va-

259 2510 426 2559 lerium,
475 2511 528 2551 ad
563 2525 685 2564 quem
728 2525 855 2550 unum
890 2510 965 2550 iter
1001 2517 1134 2550 tutum
1170 2510 1316 2559 fuerit,
1365 2509 1614 2564 pervenisse,

262 2571 530 2626 Campaniam
551 2587 742 2626 superare
768 2571 959 2624 nequisse
986 2579 1170 2626 saeptam
1190 2572 1369 2613 hostium
1387 2571 1614 2626 praesidiis.

217 2646 234 2676 6
261 2633 406 2673 deinde
443 2640 487 2673 ut
522 2633 705 2674 Punicus
743 2633 875 2673 cultus
912 2633 1159 2686 habitusque
1202 2639 1414 2688 suspectos
1457 2632 1614 2686 legatos

217 2707 234 2736 7
261 2693 357 2734 fecit
398 2694 646 2735 Hannibalis
690 2695 1044 2749 interrogatosque
1087 2710 1220 2737 sermo
1267 2694 1468 2749 prodidit,
1528 2698 1614 2732 tum
