1815 3184
271 258 353 299 324
379 268 382 269 ⁷
610 265 762 299 LIBER
786 264 954 308 xxvii,
982 265 1013 297 1.
1042 267 1090 307 [a.
1105 276 1140 298 u.
1156 275 1186 299 e.
1200 265 1282 308 544]

267 382 420 422 paucos
463 367 550 407 dies
598 373 766 421 accepta
808 374 870 408 est
910 366 1020 407 haud
1061 366 1202 420 procul
1239 367 1462 409 Herdonea
1503 370 1614 411 urbe.

222 443 242 471 4
268 436 399 468 eastra
423 427 480 468 ibi
506 427 583 468 Cn.
609 428 782 469 Fulvius
807 427 1028 484 proconsul
1057 427 1235 468 habebat
1266 443 1337 482 spe
1362 430 1617 483 recipiendae

266 490 530 538 Herdoneae,
568 504 672 543 quae
708 497 803 544 post
840 490 1100 531 Cannensem
1138 489 1294 530 cladem
1332 490 1383 531 ab
1419 491 1617 532 Romanis

266 551 489 600 defecerat,
515 565 590 591 nec
614 551 704 592 loco
731 552 828 592 satis
855 558 941 591 tuto
966 551 1099 605 posita
1118 566 1193 591 nec
1212 552 1425 605 praesidiis
1445 553 1616 593 firmata.

222 627 240 655 5
265 612 569 666 neglegentiam
594 613 757 653 insitam
784 613 948 667 ingenio
975 613 1089 653 ducis
1110 612 1286 667 augebat
1307 628 1400 667 spes
1422 629 1480 662 ea,
1508 615 1618 667 quod

265 674 403 714 labare
438 674 488 714 iis
527 674 724 716 adversus
750 674 937 715 Poenum
974 674 1098 715 fidem
1135 682 1362 724 senserant,
1400 683 1617 730 postquam

267 734 435 789 Salapia>
459 736 611 776 amissa
637 736 864 777 excessisse
890 736 938 776 iis
964 736 1063 776 loeis
1089 736 1129 776 in
1144 736 1326 777 Bruttios
1340 736 1618 778 Hannibalem

222 811 239 840 6
266 797 448 837 auditum
475 804 549 838 est.
599 812 647 838 ea
671 798 808 838 omnia
833 797 883 838 ab
904 797 1128 838 Herdonea
1151 812 1224 851 per
1248 798 1427 838 occultos
1452 799 1617 839 nuntios

265 858 398 898 delata
424 858 651 900 Hannibali
681 859 801 899 simul
834 874 973 899 curam
1006 859 1140 899 sociae
1169 859 1405 900 retinendae
1436 860 1547 901 urbis
1580 868 1619 900 et

266 935 382 974 spem
408 920 541 961 fecere
573 921 781 961 incautum
812 921 973 962 hostem
1005 921 1283 975 adgrediendi.
1344 922 1523 962 exercitu
1550 936 1620 962 ex-

264 982 421 1035 pedito,
448 982 503 1022 ita
528 990 571 1022 ut
598 983 749 1022 famam
774 997 901 1037 prope
926 982 1193 1037 praeveniret,
1220 983 1380 1037 magnis
1406 983 1618 1023 itineribus

265 1044 317 1083 ad
342 1043 608 1085 Herdoneam
641 1045 846 1085 contendit
878 1052 935 1093 ct,
973 1059 1054 1097 quo
1079 1044 1171 1098 plus
1204 1045 1365 1085 terroris
1398 1044 1506 1086 hosti
1532 1045 1619 1085 obi-

222 1118 238 1146 7
267 1112 392 1154 ceret,
420 1106 505 1145 acie
531 1106 730 1146 instructa
755 1106 940 1146 accessit.
979 1106 1067 1159 pari
1087 1105 1257 1146 audacia
1270 1106 1495 1154 Romanus,
1523 1121 1619 1146 con-

267 1166 356 1206 silio
394 1174 432 1206 et
468 1167 622 1207 viribus
664 1167 819 1221 impar,
868 1167 994 1220 copiis
1037 1167 1182 1220 raptim
1225 1167 1381 1207 eductis
1424 1167 1616 1207 conflixit.

221 1239 240 1269 S
266 1228 407 1280 quinta
432 1228 538 1282 legio
565 1235 603 1268 et
629 1229 792 1269 sinistra
816 1228 880 1268 ala
905 1229 1049 1268 aeriter
1072 1243 1255 1283 pugnam
1275 1228 1462 1269 inierunt.
1513 1236 1619 1269 cete-

265 1304 355 1329 rum
381 1288 592 1329 Hannibal
630 1290 747 1344 signo
785 1289 989 1342 equitibus
1027 1290 1140 1338 dato,
1179 1296 1240 1337 ut,
1279 1304 1372 1329 cum
1407 1290 1617 1344 pedestres

266 1351 373 1391 acies
405 1363 676 1405 occupassent
706 1351 911 1405 praesenti
942 1352 1161 1391 certamine
1192 1351 1331 1392 oculos
1364 1352 1616 1404 animosque,

266 1413 526 1453 circumvecti
552 1428 644 1467 pars
666 1421 797 1453 castra
816 1413 1013 1461 hostium,
1040 1427 1134 1466 pars
1154 1419 1268 1465 terga
1287 1412 1619 1466 necopinantium

222 1487 239 1516 9
265 1474 521 1522 invaderent,
549 1474 635 1527 ipsc
661 1474 702 1513 in
722 1473 843 1513 Fulvi
870 1473 1175 1513 similitudinem
1202 1473 1396 1522 nominis,
1423 1474 1519 1526 quia
1541 1473 1617 1514 Cn.

265 1535 459 1575 Fulvium
484 1543 713 1589 praetorem
738 1534 902 1575 biennio
928 1542 1020 1574 ante
1050 1534 1091 1574 in
1116 1534 1248 1574 isdem
1274 1535 1479 1575 devicerat
1503 1535 1617 1584 locis,

201 1610 240 1638 10
266 1597 500 1650 increpans,
529 1596 702 1636 similem
729 1603 920 1636 eventum
945 1610 1108 1650 pugnae
1134 1596 1220 1636 fore
1247 1596 1501 1637 adfirmabat.
1549 1611 1620 1637 ne-

265 1673 344 1711 que
371 1672 418 1698 ca
444 1673 537 1711 spes
564 1673 670 1698 vana
695 1657 791 1707 fuit3
829 1673 924 1697 nam
950 1672 1044 1697 cum
1071 1658 1298 1698 comminus
1331 1658 1416 1699 acie
1443 1665 1482 1699 et
1505 1659 1620 1712 pedi-

265 1726 350 1759 tum
394 1719 614 1759 certamine
657 1719 773 1759 multi
816 1719 1059 1759 cecidissent
1101 1719 1379 1760 Romanorum
1395 1751 1405 1769 ,
1467 1726 1620 1760 starent

200 1794 236 1822 11
266 1788 403 1821 tamen
428 1781 590 1821 ordines
612 1781 828 1835 signaque,
857 1781 1056 1834 equestris
1077 1781 1274 1822 tumultus
1295 1797 1319 1821 a
1337 1789 1470 1836 tergo,
1498 1781 1620 1822 simul

265 1858 288 1883 a
319 1843 462 1883 eastris
500 1843 653 1883 clamor
688 1843 848 1884 hostilis
886 1843 1048 1884 auditus
1088 1851 1245 1883 sextam
1277 1850 1369 1884 ante
1400 1843 1617 1898 legionem,

264 1919 368 1957 quae
405 1905 445 1944 in
485 1905 664 1944 secunda
700 1905 785 1945 acie
822 1904 955 1958 posita
991 1904 1100 1959 prior
1139 1904 1190 1944 ab
1226 1904 1414 1945 Numidis
1458 1904 1620 1945 turbata

265 1972 343 2014 est,
381 1965 565 2018 quintam
597 1966 743 2006 deinde
776 1973 897 2018 atque
929 1980 998 2006 eos
1029 1966 1099 2018 qui
1130 1966 1181 2006 ad
1206 1966 1337 2020 prima
1363 1966 1481 2020 signa
1505 1972 1619 2006 erant

199 2041 237 2070 12
265 2028 420 2068 avertit.
480 2042 574 2082 pars
606 2029 647 2068 in
678 2028 820 2082 sugam
853 2027 993 2076 effusi,
1031 2042 1125 2081 pars
1156 2028 1199 2067 in
1224 2028 1358 2068 medio
1384 2028 1511 2076 caesi,
1548 2027 1619 2067 ubi

265 2096 303 2129 et
328 2089 415 2143 ipse
433 2088 508 2130 Cn.
524 2089 697 2129 Fulvius
725 2104 818 2129 cum
845 2089 1035 2129 undecim
1061 2088 1233 2130 tribunis
1259 2089 1433 2129 militum
1460 2089 1617 2129 cecidit.

198 2163 237 2193 13
264 2150 543 2191 Romanorum
577 2151 861 2204 sociorumque
893 2160 991 2203 quot
1023 2165 1143 2191 caesa
1172 2151 1214 2190 in
1245 2166 1292 2191 eo
1323 2151 1476 2204 proelio
1508 2150 1620 2190 milia

268 2212 364 2259 sint,
403 2213 494 2266 quis
525 2227 599 2266 pro
631 2220 739 2253 certo
772 2213 975 2261 adfirmet,
1014 2227 1106 2253 eum
1138 2213 1331 2253 tredecim
1362 2212 1474 2252 milia
1510 2212 1617 2261 alibi,

199 2283 240 2311 11
265 2273 361 2313 alibi
386 2273 467 2314 hau
491 2275 583 2328 plus
610 2289 733 2327 quam
761 2280 917 2327 septem
942 2274 1173 2314 inveniam?
1216 2274 1359 2314 eastris
1385 2274 1618 2327 praedaque

264 2336 393 2376 victor
417 2337 581 2390 potitur.
642 2336 908 2376 Herdoneam
941 2336 1036 2388 quia
1067 2342 1105 2376 et
1137 2335 1389 2376 defecturam
1414 2335 1543 2376 fuisse
1568 2335 1620 2375 ad

264 2397 473 2438 Romanos
501 2398 698 2452 comperit
722 2412 798 2438 nec
823 2413 1059 2438 mansuram
1084 2398 1126 2437 in
1150 2398 1248 2445 fide,
1277 2398 1311 2437 si
1335 2398 1429 2437 inde
1455 2397 1620 2437 absees-

267 2460 405 2509 sisset,
432 2460 689 2501 multitudine
715 2460 826 2501 omni
845 2459 1132 2514 Metapontum
1160 2474 1206 2500 ae
1232 2459 1409 2500 Thurios
1436 2459 1620 2499 traducta

265 2521 461 2571 incendit3
499 2523 645 2562 occidit
671 2522 894 2576 principes,
922 2522 992 2574 qui
1018 2536 1111 2562 cum
1136 2521 1284 2562 Fulvio
1311 2521 1527 2573 conloquia
1552 2535 1620 2561 oc-

202 2596 242 2624 15
268 2582 375 2623 culta
411 2583 604 2624 habuisse
647 2584 843 2637 comperti
886 2590 992 2624 sunt.
1066 2583 1267 2631 Romani,
1317 2583 1387 2635 qui
1423 2597 1473 2623 ex
1509 2588 1620 2622 tanta

268 2643 381 2683 clade
419 2652 649 2694 evaserant,
699 2645 871 2685 diversis
908 2644 1121 2685 itineribus
1160 2659 1381 2685 semermes
1418 2644 1470 2684 ad
1504 2643 1618 2682 Blar-

269 2704 415 2744 cellum
442 2707 650 2747 consulem
675 2707 715 2746 in
744 2705 958 2747 Samnium
984 2706 1263 2760 perfugerunt.
