1815 3184
463 278 617 313 LIBER
641 278 774 321 XXII,
802 278 927 311 1213.
956 279 1004 320 [a.
1020 275 1059 311 e.
1074 276 1155 319 217]
1433 265 1485 306 67

130 384 293 438 agmine
320 398 371 423 ex
398 388 621 436 conspectu
645 381 803 430 abibat,
830 380 952 422 modo
977 385 1145 434 repente
1164 379 1205 419 in
1226 378 1361 432 aliquo
1379 378 1490 419 flexu

129 446 238 494 viae,
272 445 306 486 si
332 445 519 498 excipere
552 445 796 499 degressum
827 443 871 483 in
900 457 1078 495 aequum
1109 447 1268 496 posset,
1306 440 1490 481 occultus

131 506 395 548 subsistebat.
451 505 607 546 Fabius
633 521 706 560 per
729 506 819 546 loca
846 504 928 545 alta
953 518 1101 559 agmen
1128 502 1304 543 ducebat
1328 502 1489 543 modico
1515 513 1535 544 8

131 569 181 609 ab
214 569 332 609 hoste
364 567 596 616 intervallo,
634 574 679 607 ut
708 581 840 620 neque
872 566 1075 606 omitteret
1107 579 1200 606 eum
1231 579 1364 617 neque
1396 578 1492 604 con-

130 630 381 685 grederetur.
421 629 584 677 eastris,
612 629 690 668 nisi
711 637 910 681 quantum
930 643 1030 668 usus
1056 626 1288 667 necessario
1314 632 1491 680 cogeret,

130 692 346 733 tenebatur
366 691 502 740 miles3
528 690 726 745 pabulum
753 697 792 731 et
815 690 929 745 ligna
954 704 1029 730 nee
1054 689 1175 744 pauci
1198 687 1393 743 petebant
1416 701 1493 727 nee

130 754 304 808 passimg
344 753 526 809 equitum
558 752 743 805 levisque
775 759 1004 792 armaturae
1037 751 1157 791 statIO
1190 750 1403 804 conposita
1432 749 1494 789 in-

134 822 369 868 structaque
411 815 454 854 in
496 814 654 855 subitos
692 813 790 867 (est)
827 813 1027 853 tumultus
1066 819 1105 852 et
1143 827 1217 852 suo
1254 811 1372 851 militi
1408 817 1495 851 tuta

135 877 271 917 omnia
297 885 336 917 et
361 876 511 917 infesta
539 876 681 916 effusis
708 875 887 915 hostium
913 874 1223 929 populatoribus
1249 872 1493 927 praebebat3

132 953 265 991 neque
297 938 491 978 universo
522 937 703 991 periculo
736 952 897 977 summa
926 951 1061 976 rerum
1095 935 1425 976 committebatur
1456 942 1496 975 et

134 1015 261 1053 parva
303 1006 511 1039 momenta
547 999 699 1038 levium
738 998 1007 1038 certaminum
1046 1012 1095 1037 ex
1132 1004 1220 1037 tuto
1257 1003 1495 1050 coeptorum

133 1062 304 1101 finitimo
330 1067 497 1113 receptu
529 1059 866 1099 adsuefaciebant
898 1059 1082 1099 territum
1114 1058 1295 1111 pristinis
1328 1058 1388 1109 (in
1412 1058 1495 1111 his)

133 1121 317 1162 cladibus
344 1121 516 1161 militem
542 1121 676 1161 minus
708 1122 789 1161 iam
821 1121 986 1161 tandem
1019 1126 1088 1159 aut
1118 1120 1279 1159 virtutis
1311 1125 1381 1159 aut
1412 1118 1495 1159 for-

133 1192 255 1224 tunae
293 1183 501 1237 paenitere
539 1198 650 1223 suae.
713 1184 785 1223 sed
822 1198 904 1223 non
941 1181 1220 1222 Hannibalem
1258 1181 1391 1236 magis
1434 1181 1496 1221 in-

132 1246 285 1286 festum
311 1253 394 1285 tam
422 1245 531 1285 sanis
558 1244 738 1285 consiliis
764 1243 942 1285 habebat
968 1258 1092 1296 quam
1118 1243 1361 1297 magistrum
1384 1243 1498 1295 equi-

133 1316 238 1357 tum,
265 1307 334 1360 qui
353 1307 452 1346 nihil
473 1307 584 1346 aliud
609 1321 731 1360 quam
758 1307 869 1359 quod
894 1306 1026 1360 impar
1052 1312 1138 1345 erat
1161 1305 1333 1358 imperio
1358 1319 1496 1345 morae

134 1371 186 1410 ad
210 1384 295 1410 rem
321 1369 529 1423 publicam
554 1369 903 1423 praecipitandam
930 1367 1128 1416 habebat3
1167 1367 1281 1407 ferox
1308 1367 1497 1421 rapidus-

133 1447 212 1485 que
238 1432 280 1471 in
306 1431 486 1471 consiliis
513 1446 560 1471 ae
592 1431 734 1486 lingua
766 1431 996 1471 inmodicus
1029 1430 1162 1484 primo
1193 1429 1298 1469 inter
1328 1444 1497 1483 paucos,

135 1493 229 1533 dein
249 1508 363 1547 priop
355 1493 490 1533 11]1’1111
481 1509 522 1532 111
543 1493 691 1547 xulgus
712 1508 786 1547 pio
807 1499 1042 1533 cunctatole
1063 1506 1134 1538 se<
1131 1506 1251 1540 nem,
1278 1506 1350 1545 pro
1377 1498 1498 1532 cauto

135 1555 341 1603 timidum,
387 1555 601 1609 adfingens
651 1556 781 1596 xicina
823 1555 1041 1596 virtutibus
1080 1554 1196 1603 vitia,
1240 1553 1499 1624 conpellabat

135 1618 440 1671 premendoque
478 1618 748 1671 supedorem,
786 1632 891 1670 quae
927 1617 1109 1672 pessima.
1145 1632 1210 1658 ars
1247 1617 1368 1657 nimis
1406 1631 1499 1671 pro-

136 1679 267 1733 speiis
294 1679 513 1719 multorum
540 1679 801 1720 successibus
829 1694 921 1719 ciex
926 1680 974 1728 1t
1003 1693 1093 1719 sese
1120 1678 1354 1719 extollebat.

220 1741 349 1781 XIII.
411 1741 622 1781 Hannibal
667 1756 717 1781 ex
761 1741 949 1795 Hirpinis
992 1741 1034 1781 in
1079 1740 1297 1782 Samnium
1340 1740 1496 1788 transit,

135 1804 473 1844 Beneventanum
506 1805 779 1858 depopulatur
815 1820 980 1859 agrum,
1015 1804 1223 1844 Telesiam
1256 1803 1400 1844 urbem
1434 1818 1501 1843 ca-

71 1920 81 1924 *
134 1866 212 1920 pit,
246 1866 382 1906 inritat
408 1866 530 1906 etiam
556 1867 606 1906 de
637 1866 838 1907 industria
869 1867 1036 1915 ducem,
1077 1866 1110 1906 si
1143 1866 1247 1906 forte
1279 1880 1498 1906 accensum

136 1936 193 1968 tot
218 1928 552 1982 indignitatibus,
587 1928 774 1969 cladibus
801 1929 1004 1969 sociorum
1030 1929 1243 1969 detrahere
1270 1928 1322 1968 ad
1355 1943 1499 1968 aecum

138 1997 344 2030 certamen
376 1990 520 2044 possit.
580 1991 685 2031 inter
709 1990 1014 2030 multitudinem
1041 1990 1244 2030 sociorum
1270 1990 1403 2029 Italici
1428 2004 1500 2043 ge-

137 2051 262 2099 neris,
296 2052 366 2103 qui
398 2052 450 2092 ad
475 2052 808 2092 Trasumennum
835 2053 943 2106 capti
974 2052 1024 2092 ab
1052 2051 1291 2092 Hannibale
1322 2051 1501 2091 dimissi-

138 2126 217 2163 que
242 2112 422 2161 fuerant,
450 2120 531 2154 tres
559 2113 762 2167 Campani
791 2114 948 2166 equites
975 2120 1107 2161 erant,
1142 2113 1280 2152 multis
1306 2113 1388 2152 iam
1413 2119 1500 2152 tum

140 2173 278 2213 inlecti
304 2175 421 2215 donis
446 2176 742 2228 promissisque
769 2175 1019 2215 Hannibalis
1046 2175 1098 2215 ad
1124 2174 1402 2214 conciliandos
1428 2188 1502 2228 po-

140 2234 344 2287 pularium
371 2236 541 2276 animos.
602 2236 643 2276 hi
669 2237 924 2285 nuntiantes,
959 2237 993 2277 si
1018 2236 1065 2276 in¹
1087 2235 1361 2290 Campaniam
1387 2250 1501 2276 exer-

141 2296 265 2336 citum
304 2297 573 2346 admovisset,
615 2297 784 2352 Capuae
821 2298 1036 2352 potiendae
1070 2298 1231 2352 copiam
1262 2297 1368 2346 fore,
1406 2312 1500 2338 eum

140 2372 205 2397 res
239 2359 368 2398 maior
399 2372 523 2410 quam
555 2368 743 2400 auctores
777 2367 903 2409 esset,
942 2360 1112 2400 dubium
1140 2359 1419 2400 Hannibalem
1445 2359 1502 2400 al-

142 2419 348 2471 ternisque
380 2420 573 2461 fidentem
599 2436 646 2461 ae
672 2421 927 2462 diffidentem
953 2428 1090 2462 tamen
1115 2429 1160 2461 ut
1186 2420 1423 2475 Campanos
1450 2435 1500 2461 ex

1522 947 1562 976 10

1524 1195 1559 1223 11

1528 1380 1566 1409 1⁸2

1525 2001 1543 2030 Ιῦ

144 2480 313 2522 Samnio
339 2490 494 2536 peteret
519 2478 745 2524 moverunt,
788 2485 984 2533 monitos,
1011 2492 1055 2524 ut
1081 2485 1203 2525 etiam
1230 2492 1351 2537 atque
1377 2484 1498 2525 etiam
1526 2499 1545 2526 4

140 2543 346 2596 promissa
382 2544 503 2585 rebus
536 2546 815 2595 adfirmarent,
853 2547 1070 2600 iussosque
1107 2561 1201 2587 cum
1237 2546 1423 2600 pluribus
1461 2555 1501 2587 et

139 2605 344 2658 aliquibus
376 2607 607 2662 principun]
644 2608 775 2649 redire
808 2610 860 2649 ad
897 2624 940 2649 se
977 2608 1143 2649 dimisit.
1204 2608 1292 2663 ipse
1328 2609 1502 2663 imperat
1527 2623 1546 2651 5

139 2668 252 2716 duci,
286 2675 329 2708 ut
358 2684 400 2709 se
425 2669 467 2709 111
492 2685 637 2724 agrum
665 2669 904 2711 Casinatem
931 2671 1071 2720 ducat,
1110 2671 1278 2712 edoctus
1310 2687 1333 2711 a
1357 2671 1498 2725 peritis

140 2729 375 2783 regionum,
404 2731 437 2771 si
464 2746 555 2772 eum
583 2731 732 2772 saltum
759 2740 1021 2787 occupasset,
1054 2733 1208 2774 exitum
1234 2732 1423 2774 Romano
1448 2734 1501 2774 ad

1225 2799 1270 2833 54
