1815 3184
275 232 329 272 92
588 238 742 272 LIBER
765 237 895 281 XXII,
921 237 974 271 39.
994 237 1049 271 40.
1077 239 1125 280 [a.
1139 249 1173 271 u.
1188 248 1217 271 0.
1231 238 1313 282 538]

211 357 249 386 13
276 342 492 390 (lentiores,
520 340 815 381 constantiores
841 354 915 380 nos
941 347 1103 393 tempus
1129 340 1299 393 diesque
1324 340 1441 390 facit3
1467 341 1627 382 Hanni-

274 404 339 444 bal
372 410 511 444 contra
542 403 584 442 in
608 402 758 450 aliena,
791 402 834 441 in
858 401 996 441 hostili
1021 408 1083 441 est
1108 407 1232 451 terra,
1264 402 1369 442 inter
1393 404 1530 444 onmia
1553 404 1627 444 ini-

272 465 378 505 mica
413 464 665 516 infestaque,
703 462 847 516 procul
878 462 928 503 ab
960 462 1102 512 domo,
1140 463 1191 503 ab
1222 464 1371 517 patria,
1408 479 1541 517 neque
1570 465 1627 505 illi

272 533 377 566 terra
411 540 545 577 neque
582 525 684 564 mari
720 532 782 565 est
812 539 911 578 pax,
949 524 1085 564 nullae
1122 539 1215 564 eum
1253 524 1373 566 urbes
1411 526 1626 580 accipiunt,

271 586 381 627 nulla
407 586 588 634 moenia,
615 586 715 625 nihil
741 600 915 638 usquam
942 585 1003 627 sui
1029 585 1157 634 videt,
1183 586 1225 626 in
1252 587 1359 626 diem
1378 594 1494 640 rapto
1515 587 1627 636 vivit,

211 663 249 691 14
274 655 431 703 partem
462 648 531 687 vix
562 648 721 688 tertiam
753 648 956 688 exercitus
988 647 1075 687 eius
1101 647 1241 697 habet,
1273 662 1397 701 quem
1421 648 1628 689 Hiberum

272 725 434 751 amnem
466 710 639 759 traiecit,
677 710 814 764 plures
846 710 956 750 fame
987 724 1111 762 quam
1142 710 1249 750 ferro
1286 710 1515 765 absumpsit
1553 725 1629 751 nec

209 787 247 816 15
273 772 335 812 his
372 772 514 825 paucis
552 772 633 812 iam
668 772 823 811 vietum
861 771 1107 825 suppeditat.
1167 771 1330 812 dubitas
1371 787 1487 827 ergo,
1531 773 1629 825 quin

273 834 452 874 sedendo
479 834 709 888 superaturi
734 834 862 874 simus
889 848 981 874 011111
1013 833 1083 886 (1111
1115 840 1301 874 senescat
1330 834 1372 874 in
1403 835 1509 883 dies,
1547 849 1629 875 non

272 902 543 945 commeatus,
581 910 664 936 11011
697 895 1046 949 supplementum,
1084 910 1167 935 non
1203 896 1420 949 pecuniam
1457 895 1630 936 habeat?

208 972 246 1000 16
273 972 396 1010 quam
422 957 490 997 diu
515 972 589 1011 pro
617 955 828 1006 Gereonii,
856 957 1012 998 castelli
1036 957 1215 1011 Apuliae
1240 958 1393 1011 inopis,
1420 964 1629 1010 tamquam

209 1034 246 1062 1ῖ
273 1035 346 1074 1110
374 1019 636 1073 Carthaginis
667 1019 882 1060 moenibus
917 1019 1050 1059 sedetl
1088 1034 1138 1059 ne
1169 1020 1366 1060 adversus
1400 1026 1438 1060 te
1463 1020 1628 1072 quidem

273 1096 350 1135 ego
381 1080 603 1135 gloriabor:
643 1080 720 1121 Cn.
749 1079 948 1121 Servilius
981 1087 1102 1133 atque
1128 1080 1300 1129 Atilius,
1331 1081 1508 1134 proximi
1534 1096 1629 1121 con-

273 1141 400 1190 sules,
437 1142 530 1182 vide
561 1156 684 1194 quem
720 1142 772 1182 ad
808 1142 977 1182 modum
1013 1156 1106 1182 eum
1143 1142 1339 1182 ludificati
1376 1142 1467 1182 sint.
1527 1142 1628 1182 haec

273 1219 356 1244 una
382 1203 524 1244 salutis
545 1211 604 1244 est
625 1204 709 1253 via,
736 1204 789 1244 L.
805 1203 954 1252 Paule,
981 1218 1104 1257 quam
1125 1203 1334 1244 difficilem
1354 1204 1628 1257 infestamque

209 1278 247 1307 18
275 1265 384 1305 cives
411 1265 484 1305 tibi
509 1265 641 1320 magis
667 1280 791 1318 quam
810 1265 949 1306 hostes
969 1265 1134 1306 facient.
1182 1265 1293 1305 idem
1314 1266 1419 1305 0111111
1441 1266 1499 1305 tui
1518 1266 1628 1318 quod

273 1327 453 1367 hostium
477 1327 625 1367 milites
647 1327 803 1375 volent,
829 1327 938 1366 idem
958 1327 1090 1368 Varro
1116 1327 1259 1367 consul
1279 1327 1491 1367 Romanus
1518 1327 1627 1380 quod

271 1389 482 1430 Hannibal
502 1389 667 1430 Poenus
693 1389 913 1442 imperator
939 1389 1085 1443 cupiet.
1136 1388 1296 1429 duobus
1322 1389 1495 1429 ducibus
1521 1403 1627 1428 unus

271 1451 439 1491 resistas
472 1457 642 1504 oportet.
690 1450 856 1490 resistes
889 1457 1044 1499 autem,
1083 1450 1281 1491 adversus
1313 1450 1467 1490 famam
1492 1464 1629 1489 rumo-

272 1526 419 1564 resque
445 1512 657 1552 hominum
684 1512 781 1552 satis
809 1511 843 1551 si
867 1511 1008 1552 firmus
1035 1511 1215 1560 steteris,
1243 1512 1277 1552 si
1297 1518 1334 1551 te
1354 1525 1486 1564 neque
1507 1511 1629 1552 colle-

207 1587 245 1616 19
272 1588 349 1628 gae
375 1589 481 1613 vana
505 1573 635 1627 gloria
659 1587 791 1625 neque
817 1580 887 1613 tua
912 1572 1017 1613 falsa
1041 1572 1209 1612 infamia
1241 1573 1426 1613 moverit.
1481 1573 1628 1613 verita-

271 1642 354 1675 tem
401 1634 587 1675 laborare
635 1634 755 1674 nimis
805 1649 927 1687 saepe
975 1635 1107 1683 aiunt,
1158 1634 1342 1690 extingui
1383 1648 1626 1687 numquam:

204 1710 245 1738 20
270 1696 442 1751 gloriam
468 1696 537 1748 qui
565 1696 780 1749 spreverit,
808 1711 946 1735 veram
972 1695 1153 1736 habebit.
1205 1696 1309 1745 sine,
1343 1696 1530 1736 timidum
1555 1710 1628 1749 pro

271 1765 407 1805 cauto,
445 1757 607 1797 tardum
637 1772 710 1810 pro
743 1757 1017 1806 considerato,
1056 1757 1247 1798 inbellem
1279 1772 1352 1811 pro
1378 1757 1507 1811 perito
1533 1757 1629 1797 belli

272 1826 429 1859 vocent.
478 1818 586 1858 malo
619 1825 657 1858 te
691 1819 854 1872 sapiens
885 1818 1016 1859 hostis
1047 1826 1204 1858 metuat
1228 1833 1352 1871 quam
1379 1818 1491 1859 stulti
1517 1819 1626 1859 cives

270 1880 449 1920 laudent.
499 1880 635 1920 omnia
667 1881 885 1920 audentem
912 1886 1145 1920 contemnet
1168 1880 1399 1929 Hannibal,
1436 1880 1537 1919 nihil
1569 1886 1627 1920 te-

203 1958 241 1984 21
271 1956 379 1982 111010
417 1954 606 1996 agentem
644 1949 809 1983 metuet.
870 1956 947 1982 nec
984 1956 1060 1996 ego
1101 1940 1264 1996 [rogo]
1312 1950 1357 1982 ut
1392 1941 1492 1982 nihil
1529 1956 1627 1996 aga-

270 2012 352 2052 tur,
398 2005 471 2044 sed
506 2012 549 2044 ut
582 2012 773 2057 agentem
811 2010 848 2044 te
879 2004 980 2044 ratio
1012 2004 1152 2052 ducat,
1195 2019 1278 2044 non
1307 2004 1489 2051 fortuna,
1533 2013 1627 2043 tuae

268 2066 486 2119 potestatis
514 2080 675 2119 semper
700 2073 744 2106 tu
770 2073 920 2119 tuaque
946 2066 1083 2106 onmia.
1104 2066 1200 2114 sint,
1228 2072 1407 2106 armatus
1427 2065 1627 2105 intentus-

269 2141 347 2179 que
369 2128 424 2168 sis
445 2142 578 2180 neque
598 2128 804 2168 occasioni
824 2138 917 2168 tuae
939 2127 1047 2168 desis
1068 2142 1201 2180 neque
1227 2142 1345 2168 suam
1370 2126 1627 2167 occasionem

204 2203 243 2232 22
270 2188 378 2229 hosti
415 2189 500 2229 des.
561 2190 697 2230 onmia
734 2205 816 2230 non
852 2189 1086 2243 properanti
1123 2189 1232 2229 clara
1268 2196 1460 2242 certaque
1497 2195 1625 2236 erunt,

269 2250 476 2291 festinatio
502 2251 717 2304 inprovida
743 2258 805 2292 est
830 2258 868 2292 et
894 2250 1040 2291 caeca.’

228 2326 237 2354 1
354 2312 559 2352 XXXX.
609 2313 825 2354 Adversus
847 2327 894 2353 ea
914 2313 1042 2353 oratio
1063 2312 1242 2353 consulis
1262 2312 1373 2352 haud
1399 2325 1496 2352 sane
1521 2311 1627 2351 laeta

269 2374 363 2422 fuit,
392 2375 523 2428 magis
544 2374 709 2415 fatentis
731 2390 779 2415 ea
799 2390 903 2427 quae
925 2375 1076 2415 diceret
1096 2389 1193 2415 vera
1212 2389 1335 2427 quam
1354 2374 1491 2414 facilia
1515 2373 1627 2413 factu

227 2449 244 2477 Ξ.)
271 2450 373 2475 0550.
429 2436 615 2476 dictatori
647 2437 888 2491 magistrum
927 2437 1109 2489 equitum
1145 2435 1442 2476 intolerabilem
1478 2435 1625 2475 fuisse:

270 2497 368 2549 quid
393 2498 550 2537 consuli
576 2498 774 2538 adversus
801 2498 1016 2551 conlegam
1037 2498 1277 2538 seditiosum
1299 2511 1346 2538 ac
1366 2496 1624 2537 temerarium

229 2570 246 2598 3
271 2558 418 2597 virium
453 2564 575 2611 atque
613 2560 865 2600 auctoritatis
908 2559 1020 2599 fore?
1069 2574 1113 2599 se
1154 2559 1351 2613 populare
1392 2557 1624 2598 incendium

272 2619 404 2671 priore
441 2620 656 2660 consulatu
694 2628 920 2661 semustum
959 2620 1175 2675 effugisse,
1221 2628 1379 2674 optare,
1417 2625 1462 2659 ut
1491 2617 1626 2659 omnia

273 2694 465 2733 prospere
491 2681 673 2722 venirent
683 2698 693 2730 3
727 2688 766 2721 at
793 2682 826 2722 si
852 2682 950 2735 quid
975 2683 1137 2723 adversi
1163 2683 1343 2730 caderet,
1376 2680 1555 2721 hostium
1581 2693 1624 2720 se
