1815 3184
492 231 647 266 LIBER
671 232 856 277 XXVIII,
881 232 936 267 35.
957 233 1011 267 36.
1040 235 1088 276 [a.
1105 231 1143 267 C.
1157 233 1239 277 206]
1459 225 1542 267 423

190 335 337 377 ceteris
364 343 405 376 et
428 335 541 390 ipsos
569 335 738 384 sentire,
772 335 824 376 ad
847 335 925 376 hoc
951 335 1130 389 equitem
1153 350 1409 378 marcescere
1435 337 1543 378 desi-
1569 352 1587 382 3

191 398 275 447 dia,
305 396 530 452 [Poenum]
558 397 756 453 perpulit,
781 406 827 438 ut
853 412 896 438 se
923 398 1094 440 traicere
1118 398 1162 439 in
1187 399 1465 441 continentem
1491 400 1544 440 ad

191 461 503 515 depopulandos
526 460 737 515 proximos
758 459 989 514 Hispaniae
1009 476 1131 516 agros
1150 469 1372 516 pateretur.
1410 469 1544 503 trans·
1568 477 1590 505 4

191 537 360 577 gressus
393 523 465 563 tris
495 522 702 577 principes
732 522 1005 563 Numidarum
1036 523 1262 577 praemittit
1293 524 1345 564 ad
1381 532 1544 579 tempus

190 585 409 637 locumque
441 584 659 637 conloquio
691 584 974 634 statuendum3
1012 585 1115 625 duos
1140 601 1215 640 pro
1241 586 1456 628 obsidibus
1480 602 1545 628 re-

191 646 310 686 tineri
336 647 387 686 ab
415 644 609 701 Scipione
640 646 766 686 iubet.
825 646 1000 687 remisso
1034 647 1172 696 tertio,
1204 647 1273 700 qui
1299 662 1379 701 quo
1404 648 1544 690 iussus

191 717 278 749 erat
309 708 532 748 adduceret
559 708 851 757 BIasinissam,
896 722 989 748 cum
1023 709 1166 763 paucis
1203 709 1247 750 in
1282 710 1546 764 conloquium

190 778 405 812 venerunt.
467 778 633 826 ceperat
667 770 750 811 iam
786 778 880 812 ante
910 771 1134 812 Numidam
1171 786 1223 813 ex
1259 772 1371 814 fama
1405 788 1543 814 rerum
1571 787 1589 816 5

191 842 403 889 gestarum
441 835 656 876 admiratio
692 834 769 875 viri
806 835 1156 888 substitueratque
1193 835 1329 877 animo
1363 836 1545 891 speciem

191 912 355 950 quoque
381 897 563 952 corporis
591 897 771 951 amplam
803 911 851 937 ac
880 897 1162 951 magnificam3
1201 905 1384 939 ceterum
1412 898 1543 939 maior
1569 911 1586 940 6

189 959 420 1013 praesentis
447 958 657 999 veneratio
684 959 810 1012 cepit:
848 966 906 1006 et,
943 966 1232 1012 praeterquam
1263 960 1374 1012 quod
1400 968 1545 1014 suapte

190 1029 338 1061 natura
361 1021 492 1061 multa
516 1020 712 1060 maiestas
738 1020 887 1068 inerat,
921 1020 1150 1060 adornabat
1172 1021 1379 1074 promissa
1403 1035 1544 1062 caesa-

188 1082 268 1122 ries
295 1082 543 1134 habitusque
570 1081 772 1136 corporis,
799 1096 883 1122 non
908 1081 1042 1122 cultus
1063 1082 1293 1131 munditiis,
1322 1083 1397 1123 sed
1415 1083 1542 1123 virilis

187 1158 283 1184 vere
317 1159 363 1184 ac
393 1144 580 1184 militaris
614 1151 655 1184 et
684 1151 797 1185 aetas
829 1144 872 1184 in
899 1144 1036 1185 medio
1062 1144 1210 1184 virium
1234 1145 1400 1194 robore,
1433 1146 1544 1198 quod
1570 1159 1586 1187 7

186 1206 348 1260 plenius
380 1206 632 1259 nitidiusque
665 1221 716 1247 ex
741 1206 885 1247 morbo
912 1206 1025 1246 velut
1048 1214 1272 1247 renovatus
1298 1206 1374 1248 flos
1400 1207 1544 1248 iuven-

186 1275 252 1308 tae
294 1267 485 1309 faciebat.
556 1283 685 1322 prope
729 1268 925 1309 attonitus
967 1268 1059 1323 ipso
1100 1282 1329 1323 congressu
1363 1269 1545 1309 Numida
1570 1283 1588 1312 S

186 1329 341 1383 gratias
374 1330 423 1370 de
455 1329 592 1370 fratris
624 1329 708 1371 filio
739 1330 914 1371 remisso
946 1330 1044 1385 agit.
1105 1345 1158 1371 ex
1187 1345 1235 1371 eo
1261 1337 1446 1385 tempore
1473 1331 1544 1371 ad-

185 1391 323 1431 firmat
347 1406 438 1431 eam
464 1406 508 1432 se
534 1392 748 1445 quaesisse
774 1392 1054 1441 occasionem,
1088 1406 1213 1445 quam
1237 1393 1405 1433 tandem
1430 1393 1544 1433 obla-

187 1461 271 1493 tam
303 1453 426 1494 desim
456 1454 749 1495 immortalium
779 1454 980 1496 beneficio
1016 1470 1101 1495 non
1136 1455 1344 1496 omiserit:
1393 1469 1543 1510 cupere
1570 1469 1587 1498 9

188 1531 232 1556 se
268 1515 326 1555 illi
362 1516 599 1570 populoque
629 1517 820 1558 Romano
852 1532 1020 1572 operam
1050 1532 1203 1557 navare
1233 1517 1308 1566 ita,
1347 1525 1389 1557 ut
1420 1532 1542 1558 nemo

186 1592 293 1618 unus
321 1586 515 1618 externus
541 1578 675 1632 magis
702 1579 821 1619 enixe
849 1578 1051 1619 adiuverit
1081 1594 1169 1619 rem
1193 1578 1440 1619 Romanam.
1500 1579 1543 1619 id
1571 1594 1610 1623 10

188 1654 250 1687 se,
278 1639 440 1679 etiamsi
465 1639 547 1679 iam
571 1640 731 1694 pridem
756 1640 898 1689 vellet,
925 1640 1061 1681 minus
1087 1648 1299 1695 praestare
1323 1640 1367 1680 in
1386 1640 1543 1694 Hispa-

186 1701 272 1749 nia,
301 1700 434 1741 aliena
459 1709 581 1754 atque
606 1701 748 1756 ignota
773 1709 898 1750 terra,
924 1701 1128 1756 potuisse,
1151 1725 1209 1731 -—
1232 1702 1275 1741 in
1300 1716 1381 1754 qua
1406 1712 1543 1742 autem

187 1762 351 1817 genitus
378 1764 660 1817 educatusque
691 1764 734 1804 in
767 1779 883 1819 spem
915 1764 1076 1819 paterni
1105 1764 1223 1819 regni
1254 1773 1382 1814 esset,
1420 1765 1541 1806 facile

186 1832 505 1879 praestaturum.
567 1826 601 1865 si
638 1826 806 1878 quidem
842 1826 1019 1866 eundem
1051 1825 1291 1881 Scipionem
1322 1826 1469 1867 ducem
1500 1827 1542 1868 in
1571 1842 1605 1869 11

186 1886 376 1926 Africam
411 1887 590 1928 Romani
627 1888 809 1937 mittant,
855 1888 954 1928 satis
993 1903 1159 1942 sperare
1194 1888 1407 1943 perbrevis
1451 1889 1541 1930 aevi

187 1947 486 2003 Carthaginem
523 1964 628 1990 esse.
688 1950 822 1990 lactus
855 1965 948 1990 eum
982 1948 1123 2005 Scipio
1155 1950 1258 1991 vidit
1288 1951 1538 2005 audivitque,
1571 1965 1607 1993 10

186 2024 281 2050 cum
311 2019 435 2065 caput
464 2025 601 2051 rerum
632 2011 673 2051 in
705 2011 815 2052 omni
847 2011 1029 2052 hostium
1059 2012 1244 2065 equitatu
1267 2012 1541 2054 Masinissam

187 2072 316 2113 fuisse
344 2073 466 2114 sciret
491 2081 531 2113 et
551 2073 641 2128 ipse
662 2073 822 2114 iuvenis
845 2074 1055 2128 specimen
1076 2074 1201 2114 animi
1218 2090 1317 2129 prae
1339 2090 1382 2116 se
1402 2075 1539 2116 ferret.

186 2134 266 2174 fide
282 2135 378 2175 data
393 2144 643 2190 acceptaque
658 2137 869 2191 profectus
886 2145 995 2178 retro
1010 2137 1290 2178 Tarraconem
1306 2145 1381 2178 est.
1407 2138 1541 2178 Masi-

187 2196 301 2237 nissa
314 2197 521 2251 permissu
535 2199 832 2248 Romanorum,
849 2214 900 2240 ne
916 2199 1004 2240 sine
1020 2213 1145 2240 causa
1158 2199 1368 2240 traiecisse
1382 2199 1425 2240 in
1444 2214 1540 2241 con-

188 2258 385 2299 tinentem
406 2259 626 2310 videretur,
652 2261 873 2316 populatus
892 2261 1104 2316 proximos
1120 2277 1242 2317 agros
1259 2261 1390 2303 Gadis
1406 2263 1538 2304 rediit.

271 2319 496 2363 XXXVI.
556 2322 733 2377 Magoni
765 2323 993 2378 desperatis
1025 2323 1067 2364 in
1091 2323 1300 2378 Hispania
1323 2324 1466 2373 rebus,
1499 2324 1541 2365 in
1570 2338 1583 2367 1

186 2396 359 2435 quarum
398 2398 515 2437 spem
551 2385 697 2425 seditio
728 2385 906 2439 primum
937 2385 1144 2434 militaris,
1183 2386 1332 2427 deinde
1363 2386 1540 2428 defectio

184 2444 374 2485 Indibilis
402 2445 560 2487 animos
587 2446 674 2487 eius
702 2447 971 2496 sustulerant,
997 2447 1160 2502 paranti
1180 2448 1350 2488 traicere
1370 2448 1413 2488 in
1425 2448 1542 2489 Afri-

185 2520 276 2547 cam
313 2507 545 2548 nuntiatum
583 2509 634 2549 ab
667 2507 922 2564 Carthagine
960 2518 1041 2558 est,
1078 2509 1219 2550 iubere
1252 2518 1459 2559 senatum,
1496 2518 1542 2551 ut

185 2568 380 2618 classem,
425 2584 548 2622 quam
587 2570 776 2612 Gadibus
820 2572 1009 2621 haberet,
1058 2572 1100 2612 in
1136 2572 1300 2613 Italiam
1336 2573 1539 2623 traiceret,

184 2630 389 2671 conducta
418 2631 475 2672 ibi
501 2631 719 2674 Gallorum
750 2648 797 2674 ac
821 2633 1029 2689 Ligurum
1059 2643 1214 2687 quanta
1238 2635 1419 2676 maxima
1442 2651 1540 2690 pos-
1565 2649 1582 2678 2

184 2699 247 2732 set
288 2691 500 2735 iuventute
543 2695 812 2751 coniungeret
854 2711 898 2738 se
934 2697 1163 2738 Hannibali
1204 2712 1286 2738 neu
1322 2712 1539 2739 senescere
