1815 3184
528 220 682 256 LIBER
705 221 831 265 XXV,
856 220 912 254 40.
932 219 986 253 41.
1014 221 1061 262 [a.
1077 217 1212 262 0212]
1471 206 1553 248 263

201 328 446 383 degenerem
482 324 635 366 Afrum
669 323 903 378 imperatori
941 320 1292 376 Carthaginiensi,
1340 319 1467 360 misso
1504 318 1555 359 ab

202 399 347 431 senatu
377 386 631 457 populoque!
679 386 713 426 is
743 385 920 440 pelpulit
950 390 1209 425 cunctantem
1239 382 1473 436 Epicyden,
1511 387 1556 420 ut

201 450 448 505 transgressi
483 449 636 490 flumen
671 448 712 488 in
749 447 877 487 aciem
915 446 1088 486 exirent·
1137 459 1232 485 nam
1269 444 1303 484 si
1334 442 1555 483 Muttinem

202 513 484 566 opperirentur
515 518 554 551 et
585 510 764 550 secunda
795 522 957 563 pugnae
988 507 1153 548 fortuna
1188 521 1237 547 ex
1241 505 1410 554 enisset,
1447 504 1556 544 haud

201 574 324 615 dubie
348 573 540 613 Muttinis
565 571 737 626 gloriam
763 570 862 611 fore.

319 634 548 675 XXXXI.
625 633 850 673 Enimvero
897 630 1113 685 indignum
1158 635 1270 669 ratus
1317 627 1554 675 Marcellus,

202 712 269 745 se,
319 696 389 749 qui
435 694 714 736 Hannibalem
762 692 983 734 subnixum
1035 691 1205 731 victoria
1249 689 1459 731 Cannensi
1505 688 1556 729 ab

200 759 305 799 Nola.
339 757 602 811 reppulisset,
652 756 714 795 his
753 762 859 795 terra
894 754 1077 806 marique
1113 753 1231 792 victis
1263 751 1314 792 ab
1347 766 1390 792 se
1432 750 1558 791 hosti-

200 820 278 861 bus
327 820 495 867 cedere,
557 833 670 858 arma
721 830 892 870 propere
941 829 1086 868 capere
1139 813 1288 854 milites
1337 820 1377 853 et
1423 811 1558 853 efferri

202 881 319 935 signa
354 880 479 920 iubet.
550 879 775 918 instruente
819 876 1041 916 exercitum
1078 875 1220 915 decem
1263 874 1405 914 effusis
1442 873 1556 926 equis

200 942 394 982 advolant
437 955 487 981 ex
528 940 709 980 hostium
755 938 842 978 acie
873 937 1100 986 Numidae,
1156 936 1389 976 nuntiantes
1427 950 1558 989 popu-

199 1004 303 1044 lares
342 1017 457 1050 suos,
506 1001 683 1055 primum
726 1014 773 1039 ea
817 999 1015 1039 seditione
1057 1004 1215 1045 motos,
1265 1012 1347 1049 qua
1389 996 1557 1037 trecenti

200 1080 250 1105 ex
275 1078 444 1104 numero
471 1078 544 1103 suo
575 1061 853 1102 concesserint
879 1059 1144 1107 Heracleam,
1182 1059 1276 1098 dein
1307 1058 1417 1110 quod
1442 1072 1558 1111 prae-

198 1126 352 1165 fectum
385 1139 505 1164 suum
537 1123 588 1163 ab
621 1121 942 1163 obtrectantibus
975 1120 1149 1160 ducibus
1181 1119 1335 1173 gloriae
1365 1119 1453 1159 eius
1481 1118 1557 1159 sub

197 1187 331 1241 ipsam
367 1185 598 1227 certaminis
636 1184 744 1224 diem
781 1183 1017 1237 ablegatum
1054 1181 1237 1229 videant,
1276 1181 1484 1233 quieturos
1517 1181 1556 1219 in

197 1263 349 1303 pugna.
409 1262 512 1301 gens
560 1246 687 1286 fallax
734 1245 927 1299 promissi
973 1244 1096 1284 fidem
1144 1242 1357 1297 praestitit.
1418 1242 1555 1295 itaque

199 1317 238 1351 et
273 1310 472 1351 Romanis
521 1308 648 1349 crevit
695 1307 855 1348 animus
910 1306 1052 1346 nuntio
1101 1304 1222 1345 celeri
1274 1319 1347 1358 per
1394 1304 1557 1345 ordines

199 1373 344 1421 misso,
383 1371 623 1412 destitutum
648 1369 699 1410 ab
726 1369 860 1423 equite
892 1368 1054 1409 hostem
1085 1381 1194 1416 esse,
1233 1381 1356 1420 quem
1381 1367 1558 1407 maxime

199 1435 440 1482 timuerant,
490 1439 529 1473 et
565 1432 691 1472 territi
727 1431 889 1479 hostes,
939 1436 1225 1484 praeterquam
1267 1429 1377 1482 quod
1413 1428 1556 1483 (quia)

199 1496 379 1535 maxima
420 1501 535 1549 parte
577 1494 725 1534 virium
769 1508 934 1533 suarum
977 1508 1058 1533 non
1101 1491 1363 1540 iuvabantur,
1414 1492 1558 1533 timore

200 1558 322 1597 ctiam
364 1557 549 1605 incusso,
598 1570 649 1596 ne
691 1555 742 1596 ab
787 1562 947 1595 suomet
984 1555 1063 1608 ipsi
1100 1554 1235 1606 equite
1272 1568 1559 1608 oppugnaren-

200 1628 276 1659 tur.
336 1620 472 1672 itaque
503 1618 613 1658 haud
644 1618 782 1672 magni
812 1617 1043 1657 certaminis
1075 1616 1169 1665 fuit,
1219 1616 1373 1670 primus
1405 1616 1558 1657 clamor

201 1689 321 1733 atque
352 1681 529 1734 impetus
560 1694 645 1719 rem
678 1679 868 1719 decrevit.
928 1678 1132 1718 Numidae
1164 1692 1257 1717 cum
1287 1677 1330 1716 in
1355 1691 1556 1718 concursu

200 1742 325 1795 quieti
363 1742 569 1782 stetissent
601 1741 641 1780 in
673 1740 883 1788 cornibus,
921 1746 966 1779 ut
998 1746 1113 1793 terga
1143 1739 1277 1779 dantis
1308 1753 1406 1779 suos
1443 1739 1557 1779 vide-

199 1811 310 1853 runt,
360 1804 485 1858 fugae
522 1810 680 1843 tantum
716 1816 936 1856 parumper
972 1801 1141 1842 comites
1178 1800 1294 1849 facti,
1336 1807 1555 1854 postquam

201 1880 342 1905 omnes
379 1865 657 1919 Agrigentum
706 1863 863 1917 trepido
911 1863 1073 1917 agmine
1120 1868 1305 1916 petentes
1353 1862 1554 1911 viderunt,

200 1927 278 1981 ipsi
304 1934 416 1967 metu
441 1926 665 1967 obsidionis
691 1925 846 1979 passim
872 1925 914 1965 in
940 1924 1114 1965 civitatis
1145 1939 1368 1978 proxumas
1394 1924 1554 1978 dilapsi.

200 1989 328 2029 multa
363 1989 475 2028 milia
511 1988 722 2028 hominum
760 2001 880 2027 caesa
916 1994 1115 2041 captaque
1146 1992 1185 2026 et
1216 1992 1307 2026 octo
1338 1985 1554 2039 elephanti.

200 2050 301 2090 haec
338 2050 480 2090 ultima
510 2050 551 2089 in
584 2048 725 2090 Sicilia
754 2048 942 2088 Marcelli
977 2063 1116 2102 pugna
1155 2047 1242 2087 fuit.
1303 2047 1433 2087 victor
1462 2047 1555 2087 inde

204 2111 431 2164 Syracusas
458 2110 589 2151 rediit.

285 2172 375 2211 Iam
411 2172 539 2212 ferme
575 2173 617 2211 in
653 2171 764 2211 exitu
795 2186 925 2211 annus
964 2177 1066 2219 erat,
1104 2170 1241 2223 itaque
1273 2176 1439 2210 senatus
1471 2170 1555 2210 Ro-

201 2249 291 2274 mae
322 2234 519 2282 decrevit,
568 2240 613 2273 nt
642 2232 692 2273 P.
726 2232 941 2274 Cornelius
978 2239 1139 2286 praetor
1174 2232 1327 2273 litteras
1367 2231 1555 2287 Capuam

201 2297 253 2337 ad
300 2296 487 2337 consules
537 2296 735 2344 mitteret,
791 2296 889 2335 dum
939 2295 1151 2336 Hannibal
1203 2294 1345 2349 procul
1392 2295 1555 2336 abesset

201 2372 275 2398 nec
316 2358 399 2398 ulla
439 2357 579 2412 magni
620 2357 864 2398 discriminis
908 2372 973 2397 res
1015 2357 1068 2397 ad
1105 2356 1293 2411 Capuam
1334 2363 1553 2411 gereretur,

201 2419 301 2459 alter
332 2434 490 2468 eorum,
540 2419 573 2459 si
604 2419 660 2459 ita
689 2419 911 2468 videretur,
950 2419 1002 2459 ad
1032 2418 1295 2473 magistratus
1328 2417 1555 2473 subrogan-

201 2481 274 2521 dos
306 2480 482 2521 Romam
517 2480 685 2521 veniret.
750 2480 893 2520 litteris
930 2480 1107 2534 acceptis
1144 2480 1248 2520 inter
1284 2494 1328 2520 se
1364 2480 1552 2521 consules

201 2548 504 2596 compararunt,
555 2548 598 2582 ut
635 2540 836 2583 Claudius
885 2541 1048 2582 comitia
1097 2541 1330 2596 perficeret,
1381 2541 1552 2582 Fulvius

1584 387 1623 416 13

1584 885 1601 913 [ό

1583 2495 1620 2523 10

200 2604 252 2645 ad
279 2604 466 2659 Capuam
492 2610 686 2645 maneret.
736 2603 925 2645 consules
953 2603 1153 2644 Claudius
1179 2603 1329 2645 creavit
1357 2602 1434 2644 Cn.
1454 2602 1491 2643 F
1494 2603 1553 2643 ul-
1581 2617 1617 2645 11
