1815 3184
458 251 612 286 LIBER
635 251 840 296 XXVIIII,
866 251 921 285 33.
941 249 995 284 34.
1024 253 1072 294 [a.
1089 250 1126 284 C.
1141 249 1222 293 204]
1435 241 1518 282 477

166 371 290 410 quem
315 370 366 396 ex
392 354 593 409 dissipata
611 354 879 395 convenirent
896 354 1009 409 suga.
1046 354 1149 408 ipse,
1176 368 1257 407 qua
1274 353 1519 401 intenderat,
1547 367 1564 395 7

165 418 271 459 inter
306 417 443 458 media
480 417 562 457 tela
592 416 773 457 hostium
809 417 959 465 evasit3
1003 416 1108 456 duae
1140 423 1298 456 turmae
1330 415 1519 456 haesere:

167 479 295 520 altera
319 487 432 520 metu
457 479 596 519 dedita
620 479 746 527 hosti,
784 478 1031 533 pertinacior
1060 478 1103 517 in
1133 478 1403 532 repugnando
1429 477 1521 517 telis

166 542 314 582 obruta
339 548 378 581 et
404 541 566 581 confixa
591 547 666 581 est.
724 540 969 582 Verminam
998 554 1127 594 prope
1152 539 1338 594 vestigiis
1363 539 1521 579 instan-
1545 550 1565 580 8

167 611 250 644 tem
274 603 317 643 in
342 603 422 644 alia
447 610 568 656 atque
595 603 675 643 alia
699 603 902 643 fiectendo
927 602 1074 642 itinera
1098 602 1287 650 eludens,
1320 601 1456 642 taedio
1482 608 1523 641 et.

167 666 454 720 desperatione
492 665 659 705 tandem
695 665 854 705 fessum
892 664 1092 705 absistere
1130 663 1341 716 sequendo
1372 662 1520 717 coegit.

166 727 256 782 ipse
277 741 371 768 cum
392 727 610 781 sexaginta
629 726 836 780 equitibus
858 727 909 766 ad
928 725 1129 766 minorem
1145 724 1301 779 Syrtim
1321 724 1521 779 pervenit.

165 789 223 830 ibi
254 803 348 830 cum
377 788 630 830 conscientia
666 788 834 843 egregia
865 803 988 843 saepe
1018 787 1181 842 repetiti
1210 787 1329 842 regni
1362 785 1523 841 paterni
1549 798 1567 828 9

166 851 272 892 inter
285 851 445 892 Punica
462 850 663 905 Emporia
683 858 931 904 gentemque
948 849 1248 890 Garamantum
1272 864 1393 889 omne
1419 855 1522 888 tem-

166 928 244 968 pus
270 927 402 966 usque
428 914 481 953 ad
507 912 556 954 C.
583 912 704 953 Laeli
730 912 959 964 classisque
983 912 1199 952 Romanae
1231 911 1455 951 adventum
1479 909 1522 949 in

167 975 357 1015 Africam
395 974 663 1028 consumpsit.
735 973 838 1013 haec
875 973 1058 1012 animum
1092 973 1309 1021 inclinant,
1346 979 1393 1012 ut
1428 986 1521 1012 cum
1550 984 1590 1013 10

167 1036 329 1077 modico
366 1036 502 1090 potius
539 1050 663 1088 quam
700 1049 794 1074 cum
828 1049 981 1088 magno
1016 1034 1224 1088 praesidio
1256 1034 1440 1087 equitum
1471 1034 1523 1074 ad

168 1097 408 1152 Scipionem
445 1111 607 1149 quoque
643 1103 790 1150 postea
826 1096 990 1136 venisse
1026 1095 1301 1135 Blasinissam
1343 1096 1521 1143 credam,

167 1160 318 1213 quippe
344 1158 415 1199 illa
438 1158 629 1213 regnanti
655 1157 894 1206 multitudo,
931 1156 1034 1197 haec
1062 1157 1249 1211 paucitas
1276 1157 1408 1197 exulis
1440 1158 1524 1197 for-

167 1228 289 1261 tunae
316 1220 566 1261 conveniens
594 1226 668 1260 est.

250 1282 504 1324 XXXHH.
567 1281 938 1337 Carthaginienses
971 1281 1036 1322 ala
1067 1280 1251 1334 equitum
1283 1295 1375 1322 cum
1404 1296 1524 1336 prae-
1554 1294 1565 1321 1

165 1347 274 1388 fecto
306 1346 478 1394 amissa,
517 1345 596 1386 alio
628 1345 812 1398 equitatu
841 1360 915 1400 per
944 1360 1100 1386 novum
1131 1344 1327 1385 dilectum
1358 1358 1525 1399 compa-

164 1415 273 1458 rato,
304 1409 558 1449 Hannonem
582 1407 835 1448 Hamilcaris
860 1407 990 1447 filium
1015 1407 1272 1462 praeficiunt.
1332 1407 1524 1447 Hasdru-

166 1470 302 1511 balem
351 1470 526 1510 subinde
575 1484 622 1510 ac
660 1469 898 1524 Syphacem
945 1484 1019 1524 per
1065 1469 1222 1509 litteras
1259 1469 1522 1522 nuntiosque,

165 1539 375 1587 postremo
395 1532 518 1573 etiam
539 1532 791 1586 per-legatos
813 1539 1045 1572 arcessunt:
1071 1531 1384 1571 Hasdrubalem
1403 1546 1524 1585 opem

166 1596 274 1635 ferre
298 1610 428 1649 prope
449 1595 746 1635 circumsessae
768 1594 925 1649 patriae
945 1594 1106 1643 iubent,
1134 1592 1372 1648 Syphacem
1392 1600 1523 1643 orant,

165 1664 210 1697 ut
226 1655 489 1712 Carthagini,
514 1664 560 1697 ut
583 1657 802 1698 universae
822 1657 993 1697 Africae
1019 1656 1249 1697 subveniat.
1289 1657 1341 1697 ad
1354 1656 1524 1698 Uticam
1551 1666 1569 1695 3

167 1728 254 1759 tum
280 1727 415 1760 castra
441 1718 601 1774 Scipio,
634 1720 763 1760 ferme
790 1719 900 1759 mille
924 1734 1075 1774 passus
1101 1719 1153 1759 ab
1177 1719 1298 1767 urbe,
1330 1718 1523 1768 habebat,

167 1781 313 1822 tralata
346 1797 369 1822 a
398 1782 518 1830 mari,
555 1781 627 1821 ubi
663 1796 818 1836 paucos
851 1781 938 1822 dies
971 1781 1121 1821 stativa
1152 1780 1370 1822 coniuncta
1401 1781 1525 1821 classi

166 1844 344 1885 fuerant.
404 1844 577 1892 Hanno,
615 1858 879 1898 nequaquam
910 1843 1010 1884 satis
1042 1842 1179 1884 valido
1209 1858 1293 1883 non
1323 1843 1446 1884 modo
1472 1843 1524 1883 ad
1550 1858 1570 1886 4

166 1906 458 1948 lacessendum
482 1906 662 1954 hostem,
698 1907 772 1947 sed
795 1921 847 1947 ne
873 1906 926 1946 ad
951 1906 1125 1946 tuendos
1152 1905 1319 1958 quidem
1344 1921 1368 1946 a
1392 1920 1524 1960 popu—

165 1969 388 2010 lationibus
427 1984 549 2023 agros
588 1968 772 2021 equitatu
810 1974 1005 2022 accepto,
1052 1967 1096 2007 id
1126 1967 1309 2009 omnium
1345 1967 1525 2022 primum

167 2031 270 2086 egit,
308 2038 354 2071 ut
387 2045 461 2085 per
499 2030 844 2083 conquisitionem
873 2044 1092 2070 numerum
1124 2029 1309 2083 equitum
1340 2038 1523 2084 augeret.

166 2107 243 2133 nec
269 2092 441 2133 aliarum
466 2092 652 2147 gentium
678 2099 937 2146 aspernatus,
963 2092 1142 2132 maxime
1168 2099 1307 2132 tamen
1320 2091 1523 2132 Numidas
1551 2106 1569 2134 5

165 2155 261 2194 —id
291 2154 414 2208 longe
446 2154 625 2209 primum
655 2154 839 2207 equitum
868 2154 911 2193 in
942 2153 1089 2194 Africa
1120 2160 1184 2194 est
1214 2168 1346 2208 genus
1371 2178 1404 2182 —
1429 2167 1526 2194 con-

167 2216 290 2256 ducit.
350 2215 432 2256 iam
458 2216 511 2256 ad
536 2222 728 2269 quattuor
751 2216 865 2256 milia
890 2215 1073 2269 equitum
1098 2215 1295 2264 habebat,
1329 2230 1420 2256 cum
1448 2214 1525 2256 Sa·
1552 2230 1569 2258 6

166 2278 324 2319 laecam
355 2278 520 2319 nomine
551 2279 696 2319 urbem
728 2278 946 2333 occupavit
976 2277 1212 2331 quindecim
1248 2278 1377 2318 ferme
1413 2277 1527 2318 milia

167 2341 219 2381 ab
260 2339 462 2381 Romanis
506 2340 666 2382 castris.
738 2341 850 2394 quod
891 2340 962 2380 ubi
1000 2338 1187 2394 Scipioni
1230 2339 1406 2380 relatum
1449 2347 1524 2388 est,
1553 2355 1569 2382 7

168 2401 345 2443 ‘aestiva
376 2402 453 2442 sub
485 2402 603 2443 tectis
642 2401 887 2456 equitatusl’
931 2402 1083 2455 inquit:
1133 2401 1235 2442 ‘sint
1270 2401 1337 2443 vel
1371 2402 1524 2457 plures,

167 2465 265 2505 dum
302 2464 427 2505 talem
463 2465 610 2506 ducem
647 2465 852 2506 habeant.'
902 2479 951 2506 eo
987 2464 1123 2505 minus
1162 2464 1241 2505 sibi
1277 2465 1526 2505 cessandum
1551 2476 1570 2505 8

165 2534 299 2575 ratus,
344 2541 425 2580 quo
462 2527 521 2567 illi
558 2527 727 2583 segnius
764 2542 852 2568 rem
890 2535 1078 2582 agerent,
1122 2527 1396 2568 Masinissam
1433 2541 1526 2568 cum

166 2589 351 2643 equitatu
386 2589 662 2644 praemissum
692 2590 821 2644 portis
853 2590 1092 2642 obequitare
1125 2596 1247 2643 atque
1279 2589 1442 2631 hostem
1473 2590 1526 2630 ad

164 2666 349 2707 pugnam
376 2652 522 2693 elicere
551 2652 678 2693 iubet.
738 2652 809 2692 ubi
834 2652 966 2693 omnis
992 2652 1212 2693 multitudo
1239 2667 1283 2693 se
1309 2651 1526 2693 effudisset

165 2713 413 2768 graviorque
432 2714 514 2754 iam
534 2714 576 2754 in
597 2714 819 2755 certamine
840 2722 952 2756 esset
976 2729 1100 2768 quam
1119 2722 1164 2755 ut
1188 2714 1309 2755 facile
1331 2713 1524 2755 sustineri

1551 1417 1568 1445 [Ο
