1815 3184
432 234 586 268 LIBER
610 233 780 278 XXVII,
808 234 933 268 18.19.
962 233 1159 278 [a.o.<.>09]
1396 223 1477 265 347

127 339 260 379 matis.
331 345 512 378 ceterum
554 352 804 391 quamquam
846 351 1042 378 ascensus
1086 336 1263 377 difficilis
1307 343 1391 377 erat
1439 342 1477 376 et

126 414 252 454 prope
278 399 554 440 obruebantur
578 399 668 440 telis
695 400 905 452 saxisque,
932 399 1201 439 adsuetudine
1226 406 1363 439 tamen
1389 412 1480 439 sue-

127 462 298 502 ccdendi
333 475 471 501 muros
503 467 542 501 et
572 461 794 514 pertinacia
823 461 947 500 animi
978 460 1189 501 subierunt
1219 461 1350 514 primi.
1411 460 1480 513 qui

128 523 249 564 simul
284 537 427 576 cepere
459 523 611 575 aliquid
648 522 768 575 aequi
804 522 901 571 loci,
950 522 1021 562 ubi
1056 522 1173 562 firmo
1211 522 1480 562 consisterent

126 586 275 640 gradU,
312 585 445 625 levem
482 593 521 624 et
557 591 885 624 concursatorem
923 584 1083 624 hostem
1115 591 1236 636 atque
1266 584 1479 624 intervallo

128 654 278 695 tutum,
317 661 410 687 cum
436 647 577 700 procul
602 646 826 686 missilibus
853 661 992 700 pugna
1018 646 1210 695 eluditur,
1247 646 1480 687 instabilem

127 709 303 749 eundem
340 709 392 749 ad
434 709 662 749 comminus
705 708 976 748 conserendas
1019 723 1188 755 manus,
1239 707 1480 761 expulerunt

126 771 217 811 loco
249 778 288 810 et
318 785 409 810 cum
442 771 566 810 caede
596 785 747 824 magna
777 770 818 809 in
849 770 978 810 aciem
1009 770 1149 810 altiore
1181 776 1481 823 superstantem

128 832 284 872 tumulo
320 832 525 886 inpegere.
601 832 695 871 inde
734 830 873 884 Scipio
909 831 1032 871 iussis
1071 831 1267 871 adversus
1303 831 1479 871 mediam
1529 843 1543 869 .·

128 894 299 934 evadere
325 894 454 934 aciem
480 892 701 933 victoribus
728 899 882 932 ceteras
904 892 1041 945 copias
1062 907 1155 932 cum
1168 892 1314 933 Laelio
1339 893 1482 933 dividit

127 962 248 1008 atque
275 970 367 996 eum
392 961 505 1008 parte
531 955 673 994 dextra
698 954 842 994 tumuli
868 954 1099 1002 circumire,
1132 955 1260 995 donec
1285 955 1480 996 mollioris

127 1031 322 1057 ascensus
354 1017 462 1056 viam
493 1015 710 1063 inveniret,
747 1014 877 1063 iubet3
915 1015 1003 1068 ipse
1034 1015 1085 1056 ab
1116 1016 1232 1056 laeva
1269 1016 1482 1056 circumitu

126 1078 235 1117 haud
271 1092 421 1131 magno
458 1077 500 1116 in
536 1083 789 1117 transversos
826 1076 955 1116 hostis
987 1077 1165 1116 incurrit.
1226 1077 1319 1117 inde
1351 1078 1482 1130 primo

127 1139 287 1179 turbata
318 1139 425 1179 acies
457 1145 536 1186 est,
575 1138 673 1177 dum
703 1138 755 1178 ad
787 1138 1156 1178 circumsonantem
1186 1138 1366 1191 undique
1403 1139 1484 1179 cla-

125 1215 281 1241 morem
311 1200 472 1240 flectere
504 1214 655 1240 cornua
687 1207 725 1240 et
757 1199 969 1240 obvertere
1001 1200 1163 1240 ordines
1190 1200 1344 1241 volunt.
1404 1201 1481 1241 hoc

126 1261 302 1303 tumultu
328 1268 368 1302 et
392 1261 563 1302 Laelius
591 1261 715 1302 subiit
739 1269 796 1310 et,
836 1262 933 1301 (lum
964 1262 1111 1315 pedem
1142 1261 1324 1303 referunt
1355 1277 1405 1303 ne
1431 1263 1482 1304 ab

126 1332 241 1378 tergo
267 1324 593 1371 vulnerarentur,
631 1323 768 1364 laxata
792 1324 923 1377 prima
954 1323 1063 1364 acies
1088 1323 1286 1376 locusque
1313 1325 1364 1364 ad
1390 1339 1484 1365 cva-

127 1387 306 1427 dendum
333 1393 371 1426 et
395 1386 540 1426 mediis
567 1386 686 1426 datus
713 1392 791 1434 est,
831 1386 899 1440 qui
925 1401 998 1440 per
1022 1393 1105 1426 tam
1130 1386 1316 1439 iniquum
1346 1387 1482 1427 locum

129 1447 330 1488 stantibus
356 1448 525 1501 integris
551 1447 762 1488 ordinibus
789 1448 1099 1501 elephantisque
1125 1455 1217 1488 ante
1239 1448 1356 1502 signa
1374 1449 1483 1489 loca-

128 1510 179 1549 tis
205 1523 428 1561 numquam
456 1509 695 1549 evasissent.
741 1524 834 1549 cum
853 1509 904 1550 ab
926 1510 1036 1549 omni
1055 1516 1169 1563 parte
1189 1510 1335 1551 caedes
1356 1510 1481 1559 fieret,

131 1570 288 1624 Scipio,
316 1571 384 1623 qui
410 1570 527 1610 laevo
553 1585 678 1611 cornu
704 1571 745 1610 in
771 1571 959 1610 dextrum
984 1572 1279 1620 incucurrerat,
1305 1572 1483 1612 maxime

127 1633 169 1672 in
193 1633 303 1672 nuda
332 1632 459 1672 latera
489 1632 668 1672 hostium
698 1631 921 1686 pugnabat.
982 1639 1023 1672 et
1053 1633 1135 1672 iam
1165 1647 1216 1673 ne
1241 1633 1365 1687 fugae
1396 1633 1484 1686 qui-

129 1694 221 1734 dem
247 1693 413 1747 patebat
437 1694 564 1734 locus.
603 1700 641 1734 et
668 1694 862 1734 stationes
888 1694 1091 1746 utrimque
1105 1694 1317 1735 Romanae
1343 1695 1486 1736 (lextra

128 1755 325 1808 laevaque
361 1756 594 1795 insederant
630 1755 718 1795 vias
756 1761 795 1795 et
825 1762 942 1808 porta
973 1768 1198 1796 castrorum
1229 1756 1344 1796 ducis
1375 1757 1486 1810 prin-

128 1819 347 1871 cipumque
372 1818 473 1872 fuga
499 1818 638 1858 clausa
663 1824 765 1866 erat,
793 1818 931 1858 addita
957 1819 1224 1872 trepidatione
1251 1819 1486 1873 elephanto-

127 1895 236 1928 rum,
275 1894 378 1932 quos
415 1879 574 1920 territos
612 1894 740 1932 aeque
777 1886 898 1932 atque
929 1879 1058 1921 hostis
1095 1880 1304 1921 timebant.
1366 1896 1487 1922 caesa

128 1941 252 1995 igitur
278 1942 329 1981 ad
355 1948 446 1981 octo
472 1941 584 1981 milia
608 1941 833 1982 hominum.

213 2003 301 2043 XV
304 2003 408 2043 IIII.
445 2003 702 2051 Hasdrubal,
729 2004 810 2043 iam
825 2009 1043 2057 antequam
1057 2004 1287 2054 dimicaret,
1314 2006 1486 2059 pecunia

128 2072 244 2118 rapta
280 2065 589 2120 elephantisque
626 2066 883 2120 praemissis,
922 2081 1044 2119 quam
1080 2067 1291 2121 plurumos
1328 2076 1487 2122 poterat

129 2126 180 2166 de
212 2126 311 2180 fuga
342 2128 548 2181 excipiens
580 2134 741 2181 praeter
771 2127 936 2182 Tagum
967 2128 1119 2169 flumen
1150 2130 1201 2169 ad
1226 2129 1486 2184 Pyrenaeum

130 2188 269 2228 tendit.
321 2186 460 2242 Scipio
486 2190 629 2229 castris
655 2189 833 2230 hostium
860 2190 1031 2243 potitus,
1059 2205 1152 2230 cum
1176 2198 1336 2245 praeter
1359 2190 1487 2233 libera

131 2249 264 2303 capita
300 2265 462 2290 omnem
493 2251 687 2305 praedam
719 2251 915 2292 militibus
949 2253 1238 2301 concessisset,
1276 2254 1317 2293 in
1348 2268 1488 2294 recen-

131 2311 267 2351 sendis
301 2312 471 2365 captivis
504 2313 644 2353 decem
670 2313 782 2354 milia
812 2314 1014 2367 peditum,
1048 2315 1130 2355 duo
1161 2315 1273 2355 milia
1304 2316 1488 2368 equitum

129 2373 296 2413 invenit.
357 2388 407 2413 ex
438 2374 501 2415 his
532 2374 745 2429 Hispanos
779 2375 864 2416 sine
896 2377 1024 2430 pretio
1055 2392 1196 2417 omnes
1230 2378 1398 2418 domum
1429 2378 1489 2418 di-

129 2435 258 2483 misit,
285 2435 413 2476 Afros
439 2437 615 2477 vendere
642 2444 902 2490 quaestorem
926 2438 1057 2478 iussit.
1119 2439 1369 2480 circumfusa
1392 2440 1487 2480 inde

130 2496 347 2537 multitudo
372 2497 657 2552 Hispanorum
683 2509 722 2539 et
747 2506 840 2540 ante
866 2500 1096 2540 deditorum
1123 2508 1163 2541 et
1187 2501 1317 2555 pridie
1349 2508 1488 2555 capto-

129 2574 221 2599 rum
244 2574 385 2614 regem
411 2575 503 2601 eum
529 2561 684 2616 ingenti
709 2576 913 2602 consensu
945 2563 1177 2617 appellavit.
1232 2570 1319 2604 tum
1346 2562 1486 2618 Scipio

130 2621 290 2662 silentio
327 2637 400 2676 per
434 2637 678 2677 praeconem
714 2623 823 2664 sacto
861 2623 939 2665 sibi
975 2625 1201 2666 maximum
1231 2640 1382 2666 nomen
1412 2625 1488 2665 im-

129 2684 326 2738 peratoris
359 2700 450 2726 esse
481 2686 600 2735 dixit,
638 2700 719 2739 quo
751 2700 794 2727 se
825 2687 973 2728 milites
1001 2688 1064 2728 sui
1095 2688 1389 2742 appellassent:
1425 2703 1488 2729 re—

1505 349 1544 379 13

1509 472 1548 501 14

1510 1093 1548 1122 16

1510 1216 1548 1244 1?

1511 1400 1550 1429 18

1510 1524 1548 1552 19
