1815 3184
321 258 401 300 190
612 263 765 298 LIBER
789 263 956 307 XXIIII,
982 263 1036 297 ⁶25.
1058 263 1112 297 26.
1141 266 1190 306 [a.
1203 274 1239 297 u.
1254 264 1380 309 e.540]

271 382 290 410 s
317 382 407 410 esse
433 374 697 422 tyrannorum
725 365 874 420 stirpis.
912 365 1013 406 haec
1037 374 1182 406 natura
1206 365 1476 408 multitudinis
1496 375 1575 410 est:
1601 376 1669 410 aut

317 430 441 471 servit
465 428 671 469 humiliter
696 435 765 469 aut
795 427 971 483 superbe
995 428 1244 477 dominatur,
1281 427 1528 478 libertatem,
1565 445 1669 484 quae

271 507 289 535 9
316 492 451 532 media
475 498 554 540 est,
591 505 667 531 nec
693 497 848 531 struere
879 490 1038 531 modice
1062 504 1138 531 neo
1162 489 1312 531 habere
1339 490 1489 540 sciunt,
1526 498 1566 532 et
1588 507 1670 533 non

314 553 443 594 ferme
486 552 634 593 desunt
674 552 825 592 irarum
869 551 1129 606 indulgentes
1175 551 1368 621 ministri,
1417 552 1486 605 qui
1527 552 1669 594 avidos

315 622 437 668 atque
473 614 789 668 intemperantes
827 613 1120 668 suppliciorum
1151 613 1308 654 animos
1340 613 1393 654 ad
1428 614 1669 669 sanguinem

250 690 290 719 10
315 683 355 718 et
386 676 532 717 caedes
567 676 743 716 inritent.
804 675 909 716 sicut
944 681 1032 715 tum
1069 675 1273 729 extemplo
1308 681 1516 729 praetores
1551 690 1671 730 loga-

314 737 465 778 tionem
490 736 820 791 promulgarunt
858 743 1107 806 acceptaque
1131 751 1261 791 paene
1286 736 1399 790 prius
1424 750 1549 789 quam
1578 751 1672 791 pro-

314 799 500 854 mulgata
547 806 632 847 est,
687 805 732 838 ut
779 813 921 839 omnes
969 799 1106 853 regiae
1154 798 1289 853 stirpis
1337 798 1669 839 interficerentur.

251 875 287 904 11
315 861 511 914 missique
558 876 582 901 a
623 860 878 915 praetoribus
921 859 1190 901 Demaratam
1239 859 1435 901 Hieronis
1483 867 1522 901 et
1562 859 1672 900 Har-

314 923 494 963 moniam
521 920 691 964 Gelonis
716 922 860 971 filiam,
887 922 1083 976 coniuges
1103 920 1365 962 Adranodori
1391 928 1430 962 et
1454 921 1670 970 Themisti,

315 984 617 1025 interfecerunt.

273 1060 287 1087 1
400 1045 573 1086 XXVI.
639 1045 835 1086 Heraclia
871 1052 957 1086 erat
993 1044 1077 1086 filia
1106 1044 1321 1094 Hieronis,
1370 1059 1474 1086 uxor
1511 1043 1670 1098 Zoippi,

315 1108 386 1161 qui
410 1108 570 1162 legatus
602 1107 653 1148 ab
679 1107 937 1162 Hieronymo
962 1108 1014 1148 ad
1044 1122 1184 1162 regem
1209 1107 1494 1148 Ptolemaeum
1518 1107 1670 1148 missus

271 1182 290 1211 2
318 1169 592 1210 voluntarium
625 1169 879 1210 consciverat
909 1169 1088 1209 exilium.
1150 1183 1198 1209 ea
1228 1183 1321 1209 cum
1352 1168 1404 1209 ad
1435 1183 1478 1210 se
1508 1183 1670 1222 quoque

316 1231 454 1271 venire
479 1231 744 1284 praescisset,
783 1231 825 1271 in
850 1231 1073 1271 sacrarium
1098 1230 1150 1270 ad
1173 1237 1342 1284 penates
1368 1230 1554 1285 confugit
1578 1245 1672 1271 cum

315 1292 475 1333 duabus
497 1292 664 1334 filiabus
691 1292 917 1347 virginibus
942 1291 1131 1333 resolutis
1163 1291 1342 1333 crinibus
1368 1291 1672 1345 miserabilique

271 1367 289 1396 3
315 1353 394 1394 alio
420 1353 580 1403 habitu,
620 1361 659 1394 et
683 1354 736 1394 ad
761 1369 809 1394 ea
833 1354 989 1394 addidit
1012 1367 1172 1407 preces,
1205 1367 1313 1393 nune
1337 1368 1410 1407 per
1433 1354 1672 1394 memoriam

315 1415 509 1455 Hieronis
535 1416 661 1469 patris
678 1414 931 1468 Gelonisque
956 1414 1113 1463 fratris,
1140 1429 1191 1454 ne
1217 1428 1260 1455 se
1285 1415 1494 1455 innoxiam
1518 1415 1673 1455 invidia

270 1490 291 1518 4
315 1476 559 1530 Hieronymi
590 1476 845 1530 conflagrare
877 1476 1072 1516 sinerent:
1109 1474 1210 1515 nihil
1248 1489 1291 1515 se
1323 1489 1374 1515 ex
1404 1489 1532 1529 regno
1561 1475 1671 1516 illius

316 1544 477 1592 praeter
501 1537 667 1578 exilium
692 1537 767 1577 viri
792 1536 943 1577 habere
968 1550 1100 1589 neque
1126 1536 1332 1577 fortunam
1359 1551 1475 1577 suam
1500 1537 1672 1578 eandem

317 1599 411 1639 vivo
441 1598 698 1652 Hieronymo
729 1597 857 1638 fuisse
888 1612 1013 1651 quam
1044 1597 1194 1638 sororis
1225 1612 1358 1650 neque
1383 1597 1597 1638 interfecto
1622 1612 1670 1639 eo

272 1675 289 1703 5
317 1674 483 1700 causam
516 1660 688 1699 eandem
720 1673 824 1700 esse.
884 1659 1000 1712 quid,
1038 1659 1167 1712 quod,
1206 1659 1240 1700 si
1270 1658 1544 1700 Adranodoro
1575 1674 1670 1700 con-

315 1720 405 1761 silia
439 1720 756 1774 processissent,
799 1719 868 1760 illa
903 1735 997 1761 cum
1032 1720 1120 1761 viro
1156 1720 1279 1761 fuerit
1312 1728 1550 1775 regnatura,
1594 1720 1672 1762 sibi

271 1796 288 1825 6
316 1797 410 1823 cum
441 1782 586 1823 ceteris
619 1782 910 1823 serviendum?
958 1782 992 1823 si
1023 1783 1114 1836 quis
1146 1782 1305 1837 Zoippo
1335 1783 1512 1832 nuntiet,
1548 1783 1672 1823 inter-

313 1844 467 1884 fectum
495 1844 796 1898 Hieronymum
828 1858 875 1884 ac
905 1843 1097 1885 liberatas
1125 1843 1374 1898 Syracusas,
1411 1845 1476 1884 cui
1501 1843 1671 1885 dubium

315 1920 425 1954 esse,
474 1905 573 1958 quin
610 1905 815 1959 extemplo
853 1919 1152 1946 conscensurus
1196 1906 1248 1946 sit
1288 1920 1436 1946 navem
1473 1912 1594 1958 atque
1629 1905 1670 1944 in

272 1982 288 2010 7
315 1967 489 2021 patriam
517 1967 750 2008 rediturus?
797 1974 994 2020 quantum
1027 1981 1120 2021 spes
1151 1966 1363 2007 hominum
1394 1965 1498 2007 falli!
1553 1966 1596 2006 in
1624 1965 1672 2006 li-

313 2029 454 2069 berata
478 2029 609 2083 patria
633 2029 850 2083 coniugem
875 2029 963 2070 eius
989 2043 1036 2069 ac
1060 2028 1208 2069 liberos
1234 2028 1284 2069 <le
1310 2028 1393 2068 vita
1412 2027 1671 2068 dimicare-

271 2106 289 2132 s
316 2091 414 2143 quid
438 2090 647 2131 obstantes
673 2090 852 2131 libertati
877 2097 946 2131 aut
971 2090 1157 2145 legibus?
1198 2090 1308 2143 quod
1333 2089 1384 2130 ab
1411 2104 1454 2130 se
1481 2089 1672 2142 cuiquam

314 2152 560 2206 periculum,
598 2168 622 2194 a
653 2152 740 2193 sola
771 2167 818 2194 ac
848 2166 976 2207 prope
1010 2153 1135 2193 vidua
1171 2159 1210 2193 et
1244 2152 1391 2206 puellis
1422 2152 1463 2191 in
1500 2151 1672 2192 orbitate

315 2214 559 2269 degentibus
597 2215 713 2256 esse?
771 2222 811 2255 at
847 2215 955 2256 enim
992 2214 1162 2269 periculi
1203 2215 1370 2268 quidem
1404 2213 1505 2254 nihil
1541 2212 1592 2253 ab
1628 2227 1672 2253 se

272 2290 289 2318 9
316 2276 476 2325 timere,
513 2276 690 2317 invisam
721 2283 859 2317 tamen
890 2277 1058 2330 stirpem
1087 2277 1244 2332 regiam
1269 2290 1373 2317 esse.
1436 2275 1673 2329 ablegarent

316 2352 413 2392 ergo
438 2338 579 2392 procul
611 2337 661 2379 ab
690 2336 909 2392 Syracusis
938 2337 1159 2392 Siciliaque
1190 2344 1230 2379 et
1260 2337 1459 2392 asportari
1489 2336 1673 2377 Alexan-

316 2399 446 2440 driam
470 2399 656 2441 iuberent
682 2400 734 2440 ad
758 2400 892 2440 virum
917 2415 1104 2449 uxorem,
1131 2400 1184 2440 ad
1206 2406 1365 2454 patrem
1389 2398 1507 2439 filias.

253 2472 292 2501 10
400 2461 574 2502 Aversis
600 2461 766 2502 auribus
793 2462 1039 2515 animisque,
1077 2476 1194 2503 casse
1218 2475 1270 2502 ne
1295 2468 1458 2515 tempus
1485 2466 1670 2507 tererent,

317 2528 360 2562 ut
385 2522 538 2563 ferrum
563 2523 765 2576 quosdam
785 2524 1049 2577 expedientes
1068 2523 1278 2565 cernebat:
1304 2530 1390 2563 tum
1411 2522 1573 2563 omissis
1598 2536 1672 2575 pro

254 2594 290 2622 11
319 2597 362 2623 se
391 2584 601 2637 precibus,
639 2585 785 2639 puellis
816 2594 861 2625 ut
893 2585 1038 2626 saltem
1068 2592 1281 2639 parcerent
1312 2599 1426 2626 orare
1450 2583 1611 2631 institit,
1648 2597 1672 2621 a

319 2657 399 2695 qua
424 2651 555 2685 aetate
580 2645 702 2686 etiam
728 2646 866 2686 hostes
898 2647 1022 2688 iratos
1056 2646 1278 2695 abstinere,
1315 2660 1367 2686 ne
1392 2652 1585 2700 tyrannos
1610 2641 1671 2681 ul-

255 2716 293 2745 12
320 2704 508 2746 ciscendo
533 2720 637 2759 quae
663 2707 846 2747 odissent
865 2707 1019 2748 scelera
1037 2708 1116 2761 ipsi
1134 2708 1401 2748 imitarentur.
1450 2706 1553 2745 inter
1570 2703 1670 2743 haec
