1815 3184
451 240 604 274 LIBER
630 239 741 283 xxi,
767 239 822 274 51.
841 239 896 273 52.
926 242 973 283 [a.
989 238 1027 274 0.
1041 239 1124 279 ⁶218]
1411 230 1464 271 43

112 345 304 400 praesidii
331 359 424 385 cum
449 344 571 398 paulo
597 343 731 384 minus
758 342 919 383 duobus
951 342 1114 383 milibus
1146 342 1319 383 militum
1351 343 1465 397 oppi—

112 409 291 460 dumque
318 422 410 447 cum
436 406 570 447 insula
595 406 777 446 traditur.
831 405 926 445 inde
950 411 1042 459 post
1067 418 1221 459 paucos
1248 405 1334 446 dies
1359 405 1466 445 redi-

112 476 197 509 tum
228 468 497 522 Lilybaeum,
541 468 772 521 captivique
809 473 848 507 et
884 482 907 507 a
943 467 1109 507 consule
1147 473 1186 507 et
1221 482 1245 507 a
1279 473 1465 521 praetore

112 537 272 584 praeter
313 530 495 584 insignes
537 529 748 569 nobilitate
791 528 899 569 viros
941 528 1016 568 sub
1054 543 1204 569 corona
1239 529 1463 569 venierunt.

111 598 328 645 postquam
361 591 412 631 ab
445 606 492 631 ea
522 597 635 644 parte
662 590 760 630 satis
787 596 916 630 tutam
944 588 1127 630 Siciliam
1153 589 1344 630 censebat
1370 604 1466 630 con-

113 653 194 701 sul,
221 653 273 693 ad
297 653 452 693 insulas
474 652 667 701 Vulcani,
695 651 791 704 quia
810 651 921 691 sama
946 658 1031 691 crat
1057 659 1163 692 stare
1188 651 1244 691 ibi
1263 650 1464 691 Punicam

113 715 305 762 classem,
332 714 505 763 traiecit,
534 727 607 753 1100
633 713 850 766 quisquam
876 713 1056 753 hostium
1082 713 1188 753 circa
1215 728 1283 754 eas
1309 714 1464 753 insulas

111 776 315 816 inventus.
365 776 445 815 iam
483 775 586 815 sorte
623 775 932 815 transmiserant
967 775 1018 815 ad
1049 775 1290 815 vastandam
1322 775 1465 816 Italiae

113 853 246 885 oram,
279 837 608 891 depopulatoque
634 836 878 877 Viboniensi
904 851 1002 891 agro
1028 836 1171 877 urbem
1197 837 1318 877 etiam
1345 845 1468 878 10110-

113 900 223 940 bant.
283 899 481 953 repetenti
520 898 703 939 Siciliam
746 898 903 938 consuli
946 899 1160 939 exscensio
1203 899 1382 939 hostium
1425 899 1467 939 in

115 978 259 1017 agrum
286 962 581 1002 Viboniensem
614 960 722 1000 faeta
748 960 958 1000 nuntiatur
981 961 1219 1013 litteraequc
1246 961 1297 1002 ab
1324 967 1468 1001 senatu

114 1024 164 1063 dc
201 1024 372 1063 transitu
408 1024 449 1062 in
485 1022 647 1062 Italiam
683 1021 931 1062 Hannibalis
970 1028 1009 1061 ct
1045 1028 1087 1061 ut
1131 1023 1261 1076 primo
1303 1037 1466 1075 quoque

114 1092 294 1138 tempore
321 1084 515 1138 conlegae
536 1084 657 1123 ferret
678 1083 874 1123 auxilium
894 1083 1044 1123 missae
1065 1084 1290 1124 traduntur.
1330 1084 1466 1124 multis

113 1146 234 1186 simul
260 1145 406 1186 anxius
433 1146 539 1185 curis
566 1145 789 1184 exercitum
815 1145 1020 1198 extemplo
1041 1145 1082 1184 in
1100 1160 1225 1185 naves
1246 1145 1468 1198 inpositum

112 1208 345 1248 Ariminum
372 1207 472 1246 mari
499 1221 647 1260 supcro
668 1206 790 1254 misit,
820 1205 948 1246 Sexto
969 1205 1199 1260 Pomponio
1217 1206 1354 1261 legato
1375 1221 1468 1246 cum

112 1269 256 1323 viginti
281 1269 460 1321 quinque
486 1268 619 1322 longis
646 1267 820 1308 navibus
848 1267 1144 1308 Viboniensem
1171 1283 1316 1322 agrum
1349 1268 1469 1307 mari-

114 1331 336 1382 timamque
374 1344 486 1370 oram
522 1329 665 1369 Italiae
703 1330 896 1369 tuendam
934 1329 1145 1377 adtribuit,
1189 1329 1250 1369 M.
1288 1329 1468 1370 Aemilio

113 1391 288 1446 praetori
313 1391 610 1445 quinquaginta
635 1391 799 1431 navium
828 1391 1001 1431 classem
1029 1391 1219 1445 explevit.
1257 1392 1345 1445 ipse
1371 1406 1467 1431 0011-

116 1453 260 1507 positis
289 1451 453 1493 Siciliae
484 1452 606 1493 rebus
638 1453 779 1493 decem
810 1452 984 1493 navibus
1017 1468 1128 1493 oram
1155 1453 1298 1493 Italiae
1327 1453 1468 1507 legens

115 1514 348 1554 Ariminum
380 1514 575 1568 pervenit.
625 1514 719 1554 inde
751 1529 843 1554 cum
875 1515 1055 1555 exercitu
1082 1530 1156 1555 suo
1182 1515 1390 1569 profectus
1416 1515 1469 1555 ad

116 1574 311 1615 Trebiam
337 1575 487 1615 flumen
515 1575 709 1630 conlegae
736 1576 1007 1631 coniungitur.

199 1636 298 1676 LII.
362 1637 447 1676 Iam
490 1637 611 1677 ambo
648 1637 838 1678 consules
876 1644 915 1678 et
950 1638 1150 1690 quidquid
1187 1638 1467 1679 Romanarum

117 1698 262 1738 virium
295 1705 378 1738 crat
410 1698 637 1738 Hannibali
669 1700 900 1752 oppositum
933 1707 1003 1739 aut
1033 1700 1112 1740 illis
1144 1701 1271 1754 copiis
1304 1700 1470 1740 defendi

115 1774 238 1813 posse
269 1759 500 1799 Romanum
537 1760 752 1813 imperium
789 1768 859 1800 aut
896 1775 1010 1814 spem
1041 1761 1193 1801 nullam
1226 1762 1346 1802 aliam
1379 1776 1469 1802 esse

117 1823 215 1861 satis
248 1821 492 1861 declarabat.
542 1829 679 1861 tamen
711 1822 853 1862 consul
879 1822 980 1862 alter
1005 1823 1182 1875 equestri
1209 1823 1362 1876 proelio
1387 1838 1468 1863 uno

116 1890 153 1922 01
186 1882 351 1922 vulnere
384 1898 458 1923 suo
489 1882 565 1936 (et)
597 1883 777 1924 minutus
810 1884 914 1924 trahi
945 1899 1031 1924 rcm
1062 1884 1258 1933 malebat,
1296 1885 1469 1925 rcccntis

115 1944 239 1984 animi
276 1944 377 1984 alter
406 1959 535 1997 eoque
567 1945 742 1985 ferocior
772 1945 926 1986 nullam
958 1946 1195 1987 dilationem
1227 1946 1469 2000 patiebatur.

116 2006 225 2057 quod
249 2006 353 2046 inter
378 2006 571 2047 Trebiam
597 2006 841 2060 Padumque
868 2008 955 2061 agri
981 2014 1042 2047 cst
1068 2006 1178 2048 Galli
1210 2016 1296 2048 tum
1321 2008 1472 2048 incole·
1498 2022 1513 2032 ⁰

117 2066 232 2114 bant,
265 2067 306 2106 in
332 2067 505 2107 duorum
531 2069 856 2121 praepotentium
884 2069 1128 2122 populorum
1154 2070 1373 2109 certamine
1399 2084 1472 2122 per

118 2127 356 2181 ambiguum
383 2129 565 2168 favorem
584 2128 682 2168 haut
703 2129 825 2170 dubie
845 2130 1017 2183 gratiam
1038 2131 1201 2170 victoris
1224 2138 1468 2184 spectantes.

118 2189 157 2228 id
177 2188 372 2238 Romani,
400 2191 520 2231 modo
546 2205 596 2230 ne
622 2191 719 2243 quid
746 2199 972 2239 moverent,
1001 2206 1132 2244 aequo
1159 2193 1276 2240 satis,
1303 2192 1469 2232 Poenus

118 2250 329 2303 periniquo
355 2251 490 2291 animo
516 2252 691 2301 ferebat,
725 2252 776 2293 ab
804 2251 935 2293 Gallis
962 2253 1136 2293 accitum
1163 2268 1206 2293 se
1231 2253 1394 2294 venisse
1420 2254 1471 2294 ad

118 2311 349 2352 liberandos
376 2327 445 2353 eos
472 2313 674 2354 dictitans.
725 2314 776 2354 ob
815 2329 905 2354 eam
937 2315 1056 2362 iram,
1095 2315 1215 2354 simul
1246 2321 1290 2355 ut
1320 2316 1472 2369 praeda

120 2374 287 2413 militem
319 2375 461 2424 alerct‚
500 2376 580 2416 duo
612 2376 723 2416 milia
753 2377 935 2430 peditum
968 2383 1007 2417 et
1038 2377 1146 2417 mille
1179 2377 1353 2430 equites,
1386 2378 1472 2418 Nu-

120 2435 249 2475 midas
292 2436 528 2489 plerosque,
573 2437 722 2478 mixtos
759 2438 958 2490 quosdam
1002 2445 1040 2478 ct
1079 2437 1242 2487 Gallos,
1285 2440 1471 2495 populari

119 2513 281 2537 omnem
330 2498 523 2551 deinceps
572 2514 716 2553 agrum
764 2514 894 2552 usque
928 2500 995 2540 -ad
1038 2499 1141 2540 Padi
1181 2501 1290 2554 ripas
1338 2502 1470 2542 iussit.

119 2566 286 2612 egentes
319 2574 394 2613 ope
424 2558 551 2609 Galli,
589 2575 680 2600 cum
713 2561 764 2600 ad
794 2561 835 2600 id
865 2561 1012 2615 dubios
1040 2571 1273 2603 servassent
1298 2563 1469 2611 animos,

120 2621 247 2660 coacti
273 2621 323 2661 ab
351 2621 585 2662 auctoribus
612 2622 782 2662 iniuriae
808 2623 859 2662 ad
885 2623 1066 2663 vindices
1086 2623 1246 2665 futuros
1268 2624 1470 2665 declinant

120 2683 346 2737 legatisque
373 2684 423 2723 ad
450 2684 638 2725 consules
665 2685 801 2725 missis
828 2685 1022 2725 auxilium
1044 2686 1322 2727 Romanorum
1344 2694 1471 2727 tcrrac

1495 1836 1512 1864 [ὗ

1497 2035 1515 2049 ι)

1498 2578 1515 2606 «3
