1815 3184
494 221 648 256 LIBER
670 222 797 266 XXX,
821 221 976 256 38—40.
1004 224 1052 265 [a.
1068 220 1200 265 C.202]
1447 212 1530 253 523

193 324 417 366 abundavit
451 325 639 374 Tiberis,
686 332 732 365 ut
772 325 857 365 ludi
892 325 1155 380 Apollinares
1192 324 1299 366 circo
1334 324 1531 366 inundato

192 394 308 428 extra
331 394 491 442 portam
512 386 718 428 Collinam
743 388 795 428 ad
820 387 965 428 aedem
983 387 1188 429 Erucinae
1201 387 1376 430 Veneris
1401 387 1532 442 parati

193 449 285 489 sint.
345 456 525 488 ceterum
565 448 755 488 ludorum
790 449 880 503 ipso
917 449 982 489 die
1019 449 1154 490 subita
1191 448 1408 490 serenitate
1445 456 1534 490 orta

191 525 343 565 pompa
367 509 460 549 duci
490 518 636 564 coepta
667 510 719 550 ad
749 518 910 565 portam
937 509 1143 551 Collinam
1171 518 1364 552 revocata
1393 511 1533 551 ducta-

191 586 269 624 que
299 571 341 611 in
373 571 525 611 circum
556 578 636 621 est,
673 586 767 612 cum
797 572 971 613 cessisse
1002 572 1096 614 inde
1127 587 1275 626 aquam
1303 572 1534 613 nuntiatum

192 641 319 682 esset,
355 632 633 686 laetitiamque
669 634 822 688 populo
859 641 899 675 et
933 634 1040 675 ludis
1071 635 1349 676 celebritatem
1379 634 1535 676 addidit

192 695 311 736 sedes
338 710 413 735 sua
438 695 626 736 sollemni
652 696 885 750 spectaculo
911 697 1082 738 reddita.

273 756 567 800 XXXVIIII.
613 757 834 799 Claudium
859 759 1088 808 consulem,
1113 759 1343 814 profectum
1368 758 1534 800 tandem

190 820 241 860 ab
266 820 384 868 urbe,
421 820 527 861 inter
550 828 692 875 portus
720 820 933 862 Cosanum
957 822 1293 875 Loretanumque
1325 829 1441 862 atrox
1470 821 1532 862 vis

190 883 445 937 tempestatis
478 883 621 924 adorta
651 884 693 924 in
722 892 877 925 metum
908 885 1117 939 ingentem
1148 885 1330 925 adduXit.
1394 884 1535 938 Popu-

189 945 345 985 lonium
374 944 468 986 inde
500 960 593 986 cum
624 946 881 1000 pervenisset
912 947 1174 999 stetissetque
1203 946 1278 996 ibi,
1316 946 1413 986 dum
1442 945 1536 986 reli-

190 1021 316 1059 quum
340 1007 596 1061 tempestatis
622 1008 870 1056 exsacviret,
897 1008 939 1047 in
952 1008 1086 1048 Ilvam
1110 1008 1286 1048 insulam
1311 1016 1351 1048 et
1376 1008 1426 1048 ab
1445 1007 1536 1047 Ilva

191 1067 423 1117 Corsicam,
450 1084 473 1109 a
500 1068 671 1110 Corsica
695 1069 737 1109 in
764 1068 998 1110 Sardiniam
1024 1070 1193 1111 traiecit.
1252 1070 1309 1110 ibi
1340 1085 1536 1125 superan-

189 1138 272 1170 tem
290 1131 467 1171 Insanos
492 1131 643 1171 montis
669 1131 798 1172 multo
824 1139 864 1171 et
889 1132 1051 1172 saevior
1076 1139 1116 1171 et
1134 1131 1415 1172 infestioribus
1434 1132 1534 1172 locis

189 1200 411 1246 tempestas
443 1193 585 1233 adorta
616 1192 776 1233 disiecit
806 1193 1000 1241 classem3
1037 1192 1191 1233 multae
1222 1201 1442 1246 quassatae
1473 1208 1535 1233 ar-

187 1254 486 1307 mamentisque
507 1254 704 1309 spoliatae
724 1269 865 1303 naves,
886 1254 1089 1307 quaedam
1109 1255 1277 1295 fractae.
1313 1255 1371 1295 ita
1389 1263 1538 1295 vexata

188 1330 235 1356 ac
260 1316 438 1356 lacerata
462 1316 606 1357 classis
623 1315 785 1357 Caralis
812 1317 954 1357 tenuit.
1002 1315 1073 1356 ubi
1098 1316 1197 1356 dum
1222 1317 1447 1357 subductae
1471 1331 1535 1356 re-

186 1377 377 1418 ficiuntur
412 1393 557 1427 naves,
596 1378 727 1419 hiems
764 1378 987 1433 oppressit,
1032 1378 1404 1431 circumactumque
1442 1378 1537 1418 anni

188 1448 350 1495 tempus
381 1447 421 1480 et
444 1441 556 1481 nullo
587 1450 836 1496 prorogante
861 1440 1078 1496 imperium
1109 1441 1293 1495 privatus
1319 1441 1383 1481 Ti.
1413 1439 1537 1481 Clau-

189 1502 280 1542 dius
306 1501 481 1542 classem
505 1502 683 1543 Romam
706 1503 881 1543 reduxit.
940 1503 1003 1543 M.
1031 1501 1251 1552 Servilius,
1277 1518 1328 1543 ne
1354 1502 1537 1543 comitio-

187 1579 279 1604 rum
304 1578 429 1604 causa
455 1564 506 1604 ad
531 1565 675 1605 urbem
699 1572 980 1613 revocaretur,
1008 1564 1205 1606 dictatore
1231 1565 1338 1606 dicto
1365 1563 1414 1606 C.
1442 1563 1538 1605 Scr-

188 1626 284 1666 vilio
312 1625 489 1667 Gemino
519 1626 562 1666 in
590 1627 844 1681 provinciam
876 1634 940 1668 est
969 1627 1192 1682 profectus.
1253 1627 1427 1668 dictator
1450 1642 1538 1667 ma-

189 1688 364 1742 gistrum
389 1688 573 1741 equitum
595 1689 646 1730 P.
671 1689 841 1730 Aelium
863 1689 1042 1730 Paetum
1067 1689 1181 1730 dixit.
1204 1697 1206 1701 ’
1226 1705 1349 1744 saepe
1375 1689 1538 1730 comitia

188 1749 342 1790 indicta
382 1750 522 1805 perfici
564 1758 830 1806 tempestates
873 1752 1183 1807 prohibuerunt.
1265 1752 1403 1805 itaque
1445 1765 1537 1791 cum

187 1812 318 1867 pridie
354 1812 446 1853 idus
477 1813 653 1855 BIartias
691 1821 851 1855 veteres
888 1814 1155 1869 magistratus
1193 1814 1394 1862 abissent,
1442 1813 1537 1854 novi

189 1875 350 1915 suffecti
374 1890 457 1916 non
483 1883 639 1926 essent,
675 1891 741 1917 res
772 1876 938 1932 publica
968 1877 1056 1918 sine
1087 1876 1296 1917 curulibus
1321 1875 1538 1931 magistra-

188 1936 297 1977 tibus
324 1944 423 1978 erat.

271 1998 321 2039 T.
347 1999 531 2040 Manlius
557 2000 792 2054 Torquatus
818 2000 1005 2055 pontifex
1037 2015 1084 2041 eo
1117 2016 1223 2041 anno
1254 2007 1458 2048 mortuus3
1495 1999 1537 2038 in

188 2060 324 2101 locum
349 2061 436 2101 eius
469 2063 667 2103 suffectus
695 2061 744 2104 C.
775 2061 983 2117 Sulpicius
1011 2061 1159 2103 Galba.
1220 2063 1270 2102 ab
1296 2061 1348 2101 L.
1374 2060 1537 2101 Licinio

189 2122 367 2163 Lucullo
393 2131 433 2164 et
457 2123 510 2176 Q
525 2125 674 2166 Fulvio
700 2125 900 2166 aedilibus
928 2124 1137 2165 curulibus
1163 2124 1251 2164 ludi
1274 2122 1452 2164 Romani
1477 2130 1538 2163 ter

189 2184 262 2224 toti
286 2184 512 2227 instaurati.
572 2187 791 2241 pecuniam
821 2202 872 2227 eX
903 2186 1058 2227 aerario
1093 2185 1251 2226 scribae
1276 2185 1536 2237 viatoresque

189 2245 364 2286 aedilicii
395 2247 500 2288 clam
535 2249 742 2303 egessisse
778 2264 851 2303 per
881 2248 1059 2288 indicem
1091 2246 1274 2287 damnati
1305 2254 1418 2295 sunt,
1455 2261 1538 2287 non

189 2307 277 2348 sine
312 2307 483 2350 infamia
517 2310 683 2351 Luculli
721 2311 877 2351 aedilis.
942 2310 992 2350 P.
1024 2309 1171 2350 Aelius
1209 2308 1374 2349 Tubero
1412 2316 1452 2348 et
1481 2308 1534 2348 L.

188 2369 408 2410 Laetorius
440 2371 592 2413 aediles
622 2372 754 2427 plebis
787 2372 886 2412 vitio
917 2371 1043 2412 creati
1073 2370 1318 2425 magistratu
1352 2385 1396 2411 se
1422 2370 1537 2410 abdi-

189 2440 403 2481 caverunt,
441 2447 534 2474 cum
565 2434 684 2475 ludos
715 2435 988 2486 ludorumque
1013 2447 1139 2473 causa
1170 2433 1337 2487 epulum
1361 2432 1453 2473 Iovi
1478 2432 1538 2472 fc-

189 2493 342 2534 cissent
367 2502 408 2535 et
432 2494 551 2549 signa
574 2496 651 2536 tria
675 2511 727 2536 ex
751 2495 975 2536 multaticio
1008 2502 1179 2549 argento
1211 2495 1321 2535 facta
1343 2494 1386 2535 in
1413 2493 1538 2549 Capi-

190 2556 287 2596 tolio
329 2556 578 2610 posuissent.
661 2556 842 2598 Cerialia
881 2557 1001 2597 ludos
1044 2557 1218 2598 dictator
1259 2565 1299 2598 et
1340 2556 1537 2612 magister

190 2617 372 2670 equitum
397 2633 448 2658 ex
474 2626 640 2659 senatus
667 2619 854 2660 consulto
880 2620 1078 2660 fecerunt.

272 2678 478 2721 XXXX.
538 2681 691 2736 Legati
727 2696 778 2721 cX
813 2681 960 2722 Africa
993 2681 1172 2722 Romani
1209 2681 1329 2722 simul
1361 2679 1535 2722 Cartha-

1560 462 1595 491 11

1563 2695 1576 2724 1
