1815 3184
457 232 611 266 LIBER
636 232 784 276 xxm,
809 232 864 266 40.
882 232 938 265 41.
967 234 1015 275 [a.
1031 231 1166 275 C.‘215]
1410 221 1490 263 155

130 335 360 390 thaginem,
398 335 502 376 duce
527 335 806 390 Hampsicora
837 334 889 376 ad
915 335 1121 376 sociorum
1144 333 1287 389 populi
1311 333 1490 375 Romani

130 413 275 452 agrum
300 398 581 452 populandum
605 398 814 452 profectus
843 396 1002 438 Caralis
1028 403 1298 450 perventurus
1325 402 1423 445 erat,
1450 396 1491 435 ni

129 457 313 500 Manlius
350 459 471 501 obvio
508 459 689 501 exercitu
726 459 776 500 ab
809 458 941 499 effusa
973 473 1067 499 eum
1096 457 1359 512 populatione
1395 472 1491 498 con-

130 521 333 562 timuisset.

215 583 355 623 Primo
392 589 524 624 castra
561 583 703 624 castris
740 583 901 624 modico
938 581 1150 622 intervallo
1194 588 1287 622 sunt
1319 580 1490 630 obiecta,

130 644 324 698 deinceps
344 645 687 699 procursationes,
708 644 814 685 levia
834 643 1057 684 certamina
1078 643 1190 684 vario
1211 650 1359 683 eventu
1378 643 1490 692 inita,

129 713 337 760 postremo
358 707 605 748 descensum
624 707 666 747 in
687 707 835 756 aciem,
864 706 992 760 signis
1014 705 1185 746 conlatis
1206 706 1313 746 iusto
1338 705 1491 759 proelio

130 784 203 822 per
238 775 430 821 quattuor
466 769 587 809 horas
625 775 868 823 pugnatum.
941 768 1011 808 diu
1046 782 1230 822 pugnam
1275 767 1492 821 ancipitem

129 830 262 871 Poeni
290 829 433 871 Sardis
465 830 585 871 facile
618 831 726 871 111101
757 830 938 871 adsuetis
970 829 1174 878 fecerunt,
1216 837 1423 882 postremo
1455 835 1494 869 01

130 893 229 946 ipsi,
268 907 361 933 cum
393 893 531 933 omnia
562 892 668 933 cirea
700 898 836 946 strage
868 906 916 932 ac
946 891 1048 945 fuga
1081 890 1307 931 Sardorum
1337 891 1493 945 repleta

132 962 289 1004 essent,
327 954 421 995 fusi.
484 960 665 994 ceterum
702 960 817 1007 terga
854 953 998 993 dantes
1037 952 1315 992 circumducto
1352 967 1490 1001 cornu,

131 1030 213 1068 quo
249 1016 460 1070 pepulerat
500 1014 675 1063 Sardos,
713 1014 879 1055 inclusit
914 1014 1141 1054 Romanus.
1215 1014 1362 1053 caedes
1399 1013 1493 1053 inde

129 1077 262 1131 magis
295 1091 419 1129 quam
449 1091 590 1131 pugna
621 1076 710 1117 fuit.
772 1075 990 1116 duodecim
1021 1075 1133 1115 milia
1158 1074 1339 1115 hostium
1372 1089 1493 1116 caesa

132 1137 358 1179 Saniorum
384 1138 506 1178 simul
527 1138 860 1191 Poenorumque,
887 1138 1018 1177 ferme
1044 1137 1119 1177 tria
1140 1136 1252 1177 milia
1278 1143 1316 1177 et
1343 1137 1495 1191 septin-

128 1200 241 1254 genti
267 1199 375 1253 eapti
404 1205 442 1240 ct
469 1199 588 1254 signa
613 1199 803 1240 militaria
830 1207 987 1253 septem
1014 1204 1053 1239 et
1078 1198 1237 1253 viginti.

213 1261 443 1301 XXXXI.
481 1262 594 1302 Ante
609 1261 746 1302 onmia
767 1261 918 1301 claram
933 1267 971 1301 et
986 1260 1295 1300 memorabilem
1310 1275 1494 1315 pugnam

129 1323 226 1364 feeit
251 1323 492 1364 Hasdrubal
522 1323 742 1377 imperator
768 1330 912 1377 captus
945 1329 984 1363 et
1009 1322 1164 1362 Hanno
1197 1328 1235 1362 ct
1260 1321 1391 1376 Mago
1422 1337 1495 1362 no-

129 1385 233 1426 biles
256 1385 640 1440 Carthaginienses,
666 1385 797 1440 Mago
823 1400 875 1426 ex
899 1391 1022 1440 gente
1043 1384 1238 1433 Barcina,
1264 1384 1495 1438 propinqua

131 1448 374 1503 cognatione
411 1448 639 1488 Hannibali
675 1448 857 1497 iunctus,
894 1448 1051 1489 Hanno
1088 1454 1229 1488 auctor
1260 1447 1494 1488 rebellionis

132 1509 276 1551 Sardis
303 1509 479 1563 bellique
506 1511 592 1550 eius
619 1510 730 1550 haud
755 1510 877 1551 dubie
910 1510 1102 1551 conciter.
1163 1524 1238 1550 nec
1267 1508 1493 1551 Sardorum

130 1572 257 1613 duces
282 1572 418 1612 minus
444 1572 624 1613 nobilem
651 1587 742 1613 eam
766 1588 950 1627 pugnam
971 1572 1156 1613 cladibus
1180 1572 1264 1613 suis
1290 1572 1493 1612 fecerunt:

130 1650 226 1675 nam
252 1642 291 1675 01
315 1635 423 1676 filius
443 1635 744 1690 Hampsicorae
767 1636 927 1676 Hostus
953 1636 996 1676 in
1021 1636 1107 1676 acie
1135 1635 1281 1676 cecidit
1306 1643 1343 1676 01
1363 1635 1497 1675 Ham-

130 1697 293 1752 psicora
323 1712 416 1738 eum
447 1698 590 1752 paucis
623 1698 829 1751 equitibus
860 1698 1044 1753 fugiens,
1081 1704 1126 1738 ut
1158 1712 1280 1752 super
1309 1698 1494 1739 adflictas

130 1773 196 1800 res
221 1774 365 1800 necem
391 1775 553 1814 quoque
579 1760 636 1800 fili
662 1760 831 1809 audivit,
858 1767 995 1810 110010,
1021 1774 1073 1801 110
1100 1760 1215 1801 cuius
1241 1760 1494 1801 interventus

131 1829 276 1876 coepta
288 1822 501 1876 inpediret,
519 1830 691 1863 mortem
706 1822 784 1863 sibi
800 1823 1010 1863 conscivit.
1055 1822 1200 1863 ceteris
1215 1822 1312 1863 urbs
1330 1821 1493 1863 Cornus

131 1884 276 1924 eadem
313 1899 418 1938 quae
451 1892 543 1926 ante
577 1886 701 1940 fugae
732 1884 1037 1939 receptaculum
1069 1885 1170 1925 fuit:
1218 1888 1344 1938 quam
1373 1884 1496 1925 Man-

131 1946 210 1986 lius
236 1947 392 1988 victorc
425 1948 607 1988 exercitu
638 1948 860 2002 adgressus
892 1947 998 1988 intra
1028 1947 1116 1988 dies
1147 1962 1302 2001 paucos
1327 1947 1494 2001 recepit.

132 2007 279 2048 deinde
317 2009 420 2050 aliae
462 2024 627 2063 quoque
671 2010 881 2058 civitates,
931 2023 1036 2062 quae
1079 2009 1132 2050 ad
1173 2009 1495 2064 Hampsicoram

132 2068 380 2123 Poenosque
418 2072 671 2120 defecerant,
721 2071 934 2112 obsidibus
972 2071 1076 2112 datis
1111 2071 1354 2112 dediderunt
1386 2085 1495 2119 sese3

133 2131 283 2184 quibus
315 2133 518 2187 stipendio
552 2134 840 2186 frumentoque
870 2134 1070 2188 imperato
1101 2149 1175 2188 pro
1203 2134 1402 2186 cuiusque
1428 2139 1497 2173 aut

134 2193 289 2234 viribus
316 2203 385 2235 aut
411 2196 558 2236 delicto
575 2196 734 2237 Caralis
763 2196 988 2236 exercitum
1013 2196 1188 2236 reduxit.
1238 2195 1294 2236 ibi
1318 2194 1494 2235 navibus

133 2256 267 2311 longis
288 2257 474 2299 deductis
496 2259 769 2312 inpositoque,
797 2273 921 2311 quem
942 2273 1082 2299 secum
1102 2259 1341 2306 advexerat,
1367 2257 1496 2298 milite

134 2318 312 2359 Romam
338 2321 506 2375 navigat
534 2320 850 2374 Sardiniamque
882 2321 1154 2375 perdomitam
1184 2321 1343 2361 nuntiat
1374 2321 1497 2374 patri-

134 2380 212 2421 bus
251 2387 290 2422 et
333 2383 581 2436 stipendium
623 2383 936 2436 quaestoribus,
985 2383 1238 2424 frumentum
1280 2382 1494 2432 aedilibus,

135 2443 318 2497 captivos
346 2443 397 2497 Q.
418 2445 566 2486 Fulvio
591 2446 769 2500 praetori
795 2445 929 2486 tradit.

218 2505 301 2547 Per
337 2507 447 2547 idem
483 2514 645 2562 tempus
683 2508 731 2548 T.
765 2506 969 2549 Otacilius
1005 2513 1168 2561 praetor
1204 2507 1255 2548 ab
1291 2505 1495 2561 Lilybaeo

135 2569 257 2610 classi
281 2569 323 2609 111
347 2570 537 2610 Africam
564 2577 820 2611 transvectus
847 2570 1203 2624 depopulatusque
1229 2585 1373 2624 agrum
1395 2568 1497 2610 Car-

134 2631 435 2686 thaginiensem
460 2647 552 2673 cum
582 2632 816 2674 Sardiniam
841 2633 935 2673 inde
961 2638 1133 2687 peteret,
1167 2647 1248 2685 quo
1274 2632 1385 2673 fama
1411 2638 1496 2673 erat

134 2693 443 2736 Hasdrubalem
468 2695 737 2737 aBaliaribus
764 2710 894 2749 nuper
918 2695 1145 2744 traiecisse,
1172 2694 1295 2736 classi
1308 2693 1495 2735 Africam

1521 781 1560 810 10

1521 967 1557 996 11

1521 1398 1539 1427 2

1520 1524 1538 1553 3

1521 1648 1540 1677 4

1521 2519 1540 2550 S

1522 2647 1539 2676 9
