<?xml version="1.0" encoding="UTF-8"?>
<!DOCTYPE html PUBLIC "-//W3C//DTD XHTML 1.0 Transitional//EN"
    "http://www.w3.org/TR/xhtml1/DTD/xhtml1-transitional.dtd">
<html xmlns="http://www.w3.org/1999/xhtml" xml:lang="en" lang="en">
 <head>
  <title>
</title>
<meta http-equiv="Content-Type" content="text/html;charset=utf-8" />
  <meta name='ocr-system' content='tesseract 3.04.00' />
  <meta name='ocr-capabilities' content='ocr_page ocr_carea ocr_par ocr_line ocrx_word'/>
</head>
<body>
  <div class='ocr_page' id='page_1' title='image "./aburbeconditalib02livyuoft_0112.png"; bbox 0 0 1815 3184; ppageno 0'>
   <div class='ocr_carea' id='block_1_1' title="bbox 268 218 1288 266">
    <p class='ocr_par' dir='ltr' id='par_1_1' title="bbox 268 218 1288 266">
     <span class='ocr_line' id='line_1_1' title="bbox 268 218 1288 266; baseline -0.002 -8"><span class='ocrx_word' id='word_1_1' title='bbox 268 218 293 258; x_wconf 84' lang='grc'>8</span> <span class='ocrx_word' id='word_1_2' title='bbox 601 223 755 258; x_wconf 81' lang='lat' dir='ltr'>LIBER</span> <span class='ocrx_word' id='word_1_3' title='bbox 781 223 892 265; x_wconf 77' lang='lat' dir='ltr'>XXI,</span> <span class='ocrx_word' id='word_1_4' title='bbox 918 225 949 257; x_wconf 72' lang='lat'>9.</span> <span class='ocrx_word' id='word_1_5' title='bbox 970 224 1022 256; x_wconf 90' lang='lat'>10.</span> <span class='ocrx_word' id='word_1_6' title='bbox 1053 225 1147 265; x_wconf 52' lang='lat' dir='ltr'>[au.</span> <span class='ocrx_word' id='word_1_7' title='bbox 1163 223 1288 266; x_wconf 75' lang='lat' dir='ltr'>e.536]</span> 
     </span>
    </p>
   </div>
   <div class='ocr_carea' id='block_1_2' title="bbox 221 325 1677 2732">
    <p class='ocr_par' dir='ltr' id='par_1_2' title="bbox 267 325 1624 381">
     <span class='ocr_line' id='line_1_2' title="bbox 267 325 1624 381; baseline -0.001 -12"><span class='ocrx_word' id='word_1_8' title='bbox 267 329 374 377; x_wconf 89' lang='lat' dir='ltr'>tinis,</span> <span class='ocrx_word' id='word_1_9' title='bbox 401 329 495 381; x_wconf 87' lang='lat' dir='ltr'>quia</span> <span class='ocrx_word' id='word_1_10' title='bbox 520 334 680 381; x_wconf 89' lang='lat' dir='ltr'>praeter</span> <span class='ocrx_word' id='word_1_11' title='bbox 700 340 815 379; x_wconf 88' lang='lat' dir='ltr'>spem</span> <span class='ocrx_word' id='word_1_12' title='bbox 835 325 1083 373; x_wconf 78' lang='lat' dir='ltr'>resisterent,</span> <span class='ocrx_word' id='word_1_13' title='bbox 1111 325 1336 365; x_wconf 72' lang='lat' dir='ltr'>crevissent</span> <span class='ocrx_word' id='word_1_14' title='bbox 1356 326 1492 375; x_wconf 89' lang='lat' dir='ltr'>animi,</span> <span class='ocrx_word' id='word_1_15' title='bbox 1517 326 1624 368; x_wconf 83' lang='lat' dir='ltr'>Poe-</span> 
     </span>
    </p>

    <p class='ocr_par' dir='ltr' id='par_1_3' title="bbox 265 386 1623 443">
     <span class='ocr_line' id='line_1_3' title="bbox 265 386 1623 443; baseline -0.001 -12"><span class='ocrx_word' id='word_1_16' title='bbox 265 406 356 439; x_wconf 87' lang='lat' dir='ltr'>nus,</span> <span class='ocrx_word' id='word_1_17' title='bbox 384 391 479 443; x_wconf 85' lang='lat' dir='ltr'>quia</span> <span class='ocrx_word' id='word_1_18' title='bbox 504 404 587 429; x_wconf 88' lang='lat' dir='ltr'>non</span> <span class='ocrx_word' id='word_1_19' title='bbox 612 388 798 435; x_wconf 72' lang='lat' dir='ltr'>vicisset,</span> <span class='ocrx_word' id='word_1_20' title='bbox 825 402 897 440; x_wconf 88' lang='lat' dir='ltr'>pro</span> <span class='ocrx_word' id='word_1_21' title='bbox 923 386 1031 427; x_wconf 60' lang='lat' dir='ltr'>victo</span> <span class='ocrx_word' id='word_1_22' title='bbox 1057 393 1184 435; x_wconf 85' lang='lat' dir='ltr'>esset,</span> <span class='ocrx_word' id='word_1_23' title='bbox 1212 387 1432 428; x_wconf 88' lang='lat' dir='ltr'>clamorem</span> <span class='ocrx_word' id='word_1_24' title='bbox 1457 395 1623 442; x_wconf 88' lang='lat' dir='ltr'>repente</span> 
     </span>
    </p>

    <p class='ocr_par' dir='ltr' id='par_1_4' title="bbox 265 448 1624 629">
     <span class='ocr_line' id='line_1_4' title="bbox 267 448 1623 506; baseline -0.002 -13"><span class='ocrx_word' id='word_1_25' title='bbox 267 451 461 506; x_wconf 80' lang='lat' dir='ltr'>oppidani</span> <span class='ocrx_word' id='word_1_26' title='bbox 486 450 631 491; x_wconf 86' lang='lat' dir='ltr'>tollunt</span> <span class='ocrx_word' id='word_1_27' title='bbox 658 449 902 501; x_wconf 75' lang='lat' dir='ltr'>hostemque</span> <span class='ocrx_word' id='word_1_28' title='bbox 928 448 972 488; x_wconf 90' lang='lat' dir='ltr'>in</span> <span class='ocrx_word' id='word_1_29' title='bbox 996 448 1135 489; x_wconf 86' lang='lat' dir='ltr'>ruinas</span> <span class='ocrx_word' id='word_1_30' title='bbox 1156 449 1262 489; x_wconf 89' lang='lat' dir='ltr'>muri</span> <span class='ocrx_word' id='word_1_31' title='bbox 1282 449 1503 503; x_wconf 77' lang='lat' dir='ltr'>expellunt,</span> <span class='ocrx_word' id='word_1_32' title='bbox 1529 450 1623 490; x_wconf 87' lang='lat' dir='ltr'>inde</span> 
     </span>
     <span class='ocr_line' id='line_1_5' title="bbox 265 510 1624 568; baseline -0.002 -14"><span class='ocrx_word' id='word_1_33' title='bbox 265 514 493 568; x_wconf 88' lang='lat' dir='ltr'>inpeditum</span> <span class='ocrx_word' id='word_1_34' title='bbox 519 512 873 565; x_wconf 82' lang='lat' dir='ltr'>trepidantemque</span> <span class='ocrx_word' id='word_1_35' title='bbox 899 510 1131 559; x_wconf 78' lang='lat' dir='ltr'>exturbant,</span> <span class='ocrx_word' id='word_1_36' title='bbox 1158 518 1367 565; x_wconf 89' lang='lat' dir='ltr'>postremo</span> <span class='ocrx_word' id='word_1_37' title='bbox 1393 511 1534 552; x_wconf 89' lang='lat' dir='ltr'>fusum</span> <span class='ocrx_word' id='word_1_38' title='bbox 1559 511 1624 551; x_wconf 87' lang='lat' dir='ltr'>fu-</span> 
     </span>
     <span class='ocr_line' id='line_1_6' title="bbox 265 573 944 629; baseline -0.003 -15"><span class='ocrx_word' id='word_1_39' title='bbox 265 585 488 629; x_wconf 84' lang='lat' dir='ltr'>gatumque</span> <span class='ocrx_word' id='word_1_40' title='bbox 514 574 555 613; x_wconf 91' lang='lat' dir='ltr'>in</span> <span class='ocrx_word' id='word_1_41' title='bbox 581 580 714 613; x_wconf 88' lang='lat' dir='ltr'>castra</span> <span class='ocrx_word' id='word_1_42' title='bbox 740 573 944 627; x_wconf 89' lang='lat' dir='ltr'>redigunt.</span> 
     </span>
    </p>

    <p class='ocr_par' dir='ltr' id='par_1_5' title="bbox 221 635 1628 875">
     <span class='ocr_line' id='line_1_7' title="bbox 221 635 1625 689; baseline 0.001 -14"><span class='ocrx_word' id='word_1_43' title='bbox 221 652 238 680; x_wconf 87' lang='lat'>3</span> <span class='ocrx_word' id='word_1_44' title='bbox 349 635 519 675; x_wconf 84' lang='lat' dir='ltr'>Interim</span> <span class='ocrx_word' id='word_1_45' title='bbox 545 635 596 675; x_wconf 86' lang='lat' dir='ltr'>ab</span> <span class='ocrx_word' id='word_1_46' title='bbox 623 635 757 675; x_wconf 86' lang='lat' dir='ltr'>Roma</span> <span class='ocrx_word' id='word_1_47' title='bbox 782 635 940 689; x_wconf 85' lang='lat' dir='ltr'>legatos</span> <span class='ocrx_word' id='word_1_48' title='bbox 967 635 1131 675; x_wconf 71' lang='lat' dir='ltr'>venisse</span> <span class='ocrx_word' id='word_1_49' title='bbox 1157 635 1389 675; x_wconf 84' lang='lat' dir='ltr'>nuntiatum</span> <span class='ocrx_word' id='word_1_50' title='bbox 1417 642 1490 676; x_wconf 89' lang='lat' dir='ltr'>est.</span> <span class='ocrx_word' id='word_1_51' title='bbox 1536 636 1625 689; x_wconf 85' lang='lat' dir='ltr'>qui-</span> 
     </span>
     <span class='ocr_line' id='line_1_8' title="bbox 264 695 1625 749; baseline 0.001 -13"><span class='ocrx_word' id='word_1_52' title='bbox 264 697 342 738; x_wconf 88' lang='lat' dir='ltr'>bus</span> <span class='ocrx_word' id='word_1_53' title='bbox 369 696 533 738; x_wconf 78' lang='lat' dir='ltr'>obviam</span> <span class='ocrx_word' id='word_1_54' title='bbox 560 697 611 736; x_wconf 88' lang='lat' dir='ltr'>ad</span> <span class='ocrx_word' id='word_1_55' title='bbox 637 711 748 736; x_wconf 86' lang='lat' dir='ltr'>mare</span> <span class='ocrx_word' id='word_1_56' title='bbox 774 696 891 736; x_wconf 85' lang='lat' dir='ltr'>missi</span> <span class='ocrx_word' id='word_1_57' title='bbox 910 696 961 737; x_wconf 90' lang='lat' dir='ltr'>ab</span> <span class='ocrx_word' id='word_1_58' title='bbox 982 695 1218 736; x_wconf 75' lang='lat' dir='ltr'>Hannibale</span> <span class='ocrx_word' id='word_1_59' title='bbox 1240 697 1310 749; x_wconf 87' lang='lat' dir='ltr'>qui</span> <span class='ocrx_word' id='word_1_60' title='bbox 1329 697 1522 746; x_wconf 76' lang='lat' dir='ltr'>dicerent,</span> <span class='ocrx_word' id='word_1_61' title='bbox 1550 712 1625 738; x_wconf 90' lang='lat' dir='ltr'>nec</span> 
     </span>
     <span class='ocr_line' id='line_1_9' title="bbox 265 759 1627 813; baseline 0.001 -15"><span class='ocrx_word' id='word_1_62' title='bbox 265 766 352 799; x_wconf 84' lang='lat' dir='ltr'>tuto</span> <span class='ocrx_word' id='word_1_63' title='bbox 378 773 448 799; x_wconf 88' lang='lat' dir='ltr'>eos</span> <span class='ocrx_word' id='word_1_64' title='bbox 474 759 654 798; x_wconf 88' lang='lat' dir='ltr'>adituros</span> <span class='ocrx_word' id='word_1_65' title='bbox 681 759 786 798; x_wconf 89' lang='lat' dir='ltr'>inter</span> <span class='ocrx_word' id='word_1_66' title='bbox 811 766 869 798; x_wconf 89' lang='lat' dir='ltr'>tot</span> <span class='ocrx_word' id='word_1_67' title='bbox 895 766 979 798; x_wconf 84' lang='lat' dir='ltr'>tam</span> <span class='ocrx_word' id='word_1_68' title='bbox 1000 759 1290 798; x_wconf 83' lang='lat' dir='ltr'>effrenatarum</span> <span class='ocrx_word' id='word_1_69' title='bbox 1308 759 1493 813; x_wconf 84' lang='lat' dir='ltr'>gentium</span> <span class='ocrx_word' id='word_1_70' title='bbox 1514 775 1627 799; x_wconf 87' lang='lat' dir='ltr'>arma</span> 
     </span>
     <span class='ocr_line' id='line_1_10' title="bbox 266 820 1628 875; baseline 0.001 -15"><span class='ocrx_word' id='word_1_71' title='bbox 266 835 339 861; x_wconf 89' lang='lat' dir='ltr'>nec</span> <span class='ocrx_word' id='word_1_72' title='bbox 359 820 587 861; x_wconf 86' lang='lat' dir='ltr'>Hannibali</span> <span class='ocrx_word' id='word_1_73' title='bbox 612 821 653 860; x_wconf 89' lang='lat' dir='ltr'>in</span> <span class='ocrx_word' id='word_1_74' title='bbox 679 827 790 861; x_wconf 87' lang='lat' dir='ltr'>tanto</span> <span class='ocrx_word' id='word_1_75' title='bbox 811 820 1044 860; x_wconf 76' lang='lat' dir='ltr'>discrimine</span> <span class='ocrx_word' id='word_1_76' title='bbox 1064 835 1199 860; x_wconf 89' lang='lat' dir='ltr'>rerum</span> <span class='ocrx_word' id='word_1_77' title='bbox 1226 835 1372 874; x_wconf 86' lang='lat' dir='ltr'>operae</span> <span class='ocrx_word' id='word_1_78' title='bbox 1399 835 1489 861; x_wconf 89' lang='lat' dir='ltr'>esse</span> <span class='ocrx_word' id='word_1_79' title='bbox 1514 821 1628 875; x_wconf 86' lang='lat' dir='ltr'>lega-</span> 
     </span>
    </p>

    <p class='ocr_par' dir='ltr' id='par_1_6' title="bbox 222 881 1628 937">
     <span class='ocr_line' id='line_1_11' title="bbox 222 881 1628 937; baseline -0.001 -12"><span class='ocrx_word' id='word_1_80' title='bbox 222 898 240 925; x_wconf 83' lang='grc'>4</span> <span class='ocrx_word' id='word_1_81' title='bbox 268 883 398 923; x_wconf 87' lang='lat' dir='ltr'>tiones</span> <span class='ocrx_word' id='word_1_82' title='bbox 425 883 578 923; x_wconf 86' lang='lat' dir='ltr'>audire.</span> <span class='ocrx_word' id='word_1_83' title='bbox 623 882 847 936; x_wconf 84' lang='lat' dir='ltr'>apparebat</span> <span class='ocrx_word' id='word_1_84' title='bbox 872 897 954 923; x_wconf 89' lang='lat' dir='ltr'>non</span> <span class='ocrx_word' id='word_1_85' title='bbox 980 883 1184 923; x_wconf 85' lang='lat' dir='ltr'>admissos</span> <span class='ocrx_word' id='word_1_86' title='bbox 1213 881 1508 937; x_wconf 81' lang='lat' dir='ltr'>Carthaginem</span> <span class='ocrx_word' id='word_1_87' title='bbox 1533 898 1628 936; x_wconf 88' lang='lat' dir='ltr'>pro-</span> 
     </span>
    </p>

    <p class='ocr_par' dir='ltr' id='par_1_7' title="bbox 267 945 1626 998">
     <span class='ocr_line' id='line_1_12' title="bbox 267 945 1626 998; baseline 0.001 -14"><span class='ocrx_word' id='word_1_88' title='bbox 267 946 376 985; x_wconf 80' lang='lat' dir='ltr'>tinus</span> <span class='ocrx_word' id='word_1_89' title='bbox 408 946 549 985; x_wconf 90' lang='lat' dir='ltr'>ituros.</span> <span class='ocrx_word' id='word_1_90' title='bbox 599 945 753 985; x_wconf 78' lang='lat' dir='ltr'>litteras</span> <span class='ocrx_word' id='word_1_91' title='bbox 786 945 910 998; x_wconf 85' lang='lat' dir='ltr'>igitur</span> <span class='ocrx_word' id='word_1_92' title='bbox 941 945 1188 997; x_wconf 81' lang='lat' dir='ltr'>nuntiosque</span> <span class='ocrx_word' id='word_1_93' title='bbox 1221 945 1272 984; x_wconf 91' lang='lat' dir='ltr'>ad</span> <span class='ocrx_word' id='word_1_94' title='bbox 1304 945 1508 998; x_wconf 86' lang='lat' dir='ltr'>principes</span> <span class='ocrx_word' id='word_1_95' title='bbox 1540 945 1626 985; x_wconf 84' lang='lat' dir='ltr'>fac-</span> 
     </span>
    </p>

    <p class='ocr_par' dir='ltr' id='par_1_8' title="bbox 266 1007 1625 1123">
     <span class='ocr_line' id='line_1_13' title="bbox 266 1007 1625 1061; baseline -0.001 -14"><span class='ocrx_word' id='word_1_96' title='bbox 266 1008 386 1048; x_wconf 88' lang='lat' dir='ltr'>tionis</span> <span class='ocrx_word' id='word_1_97' title='bbox 406 1007 609 1048; x_wconf 80' lang='lat' dir='ltr'>Barcinae</span> <span class='ocrx_word' id='word_1_98' title='bbox 627 1007 861 1061; x_wconf 85' lang='lat' dir='ltr'>praemittit,</span> <span class='ocrx_word' id='word_1_99' title='bbox 889 1015 931 1046; x_wconf 89' lang='lat' dir='ltr'>ut</span> <span class='ocrx_word' id='word_1_100' title='bbox 952 1014 1241 1060; x_wconf 87' lang='lat' dir='ltr'>praepararent</span> <span class='ocrx_word' id='word_1_101' title='bbox 1267 1021 1433 1047; x_wconf 86' lang='lat' dir='ltr'>suorum</span> <span class='ocrx_word' id='word_1_102' title='bbox 1454 1007 1625 1055; x_wconf 87' lang='lat' dir='ltr'>animos,</span> 
     </span>
     <span class='ocr_line' id='line_1_14' title="bbox 266 1068 1527 1123; baseline -0.001 -14"><span class='ocrx_word' id='word_1_103' title='bbox 266 1084 317 1109; x_wconf 88' lang='lat' dir='ltr'>ne</span> <span class='ocrx_word' id='word_1_104' title='bbox 343 1070 440 1122; x_wconf 88' lang='lat' dir='ltr'>quid</span> <span class='ocrx_word' id='word_1_105' title='bbox 466 1084 560 1122; x_wconf 89' lang='lat' dir='ltr'>pars</span> <span class='ocrx_word' id='word_1_106' title='bbox 586 1069 712 1109; x_wconf 82' lang='lat' dir='ltr'>altera</span> <span class='ocrx_word' id='word_1_107' title='bbox 736 1068 957 1123; x_wconf 87' lang='lat' dir='ltr'>gratificari</span> <span class='ocrx_word' id='word_1_108' title='bbox 982 1068 1134 1122; x_wconf 91' lang='lat' dir='ltr'>populo</span> <span class='ocrx_word' id='word_1_109' title='bbox 1160 1068 1349 1108; x_wconf 83' lang='lat' dir='ltr'>Romano</span> <span class='ocrx_word' id='word_1_110' title='bbox 1375 1076 1527 1121; x_wconf 87' lang='lat' dir='ltr'>posset.</span> 
     </span>
    </p>

    <p class='ocr_par' dir='ltr' id='par_1_9' title="bbox 222 1130 1629 1369">
     <span class='ocr_line' id='line_1_15' title="bbox 350 1130 1625 1184; baseline -0.001 -14"><span class='ocrx_word' id='word_1_111' title='bbox 350 1131 410 1170; x_wconf 81' lang='lat' dir='ltr'>X.</span> <span class='ocrx_word' id='word_1_112' title='bbox 460 1131 605 1183; x_wconf 85' lang='lat' dir='ltr'>Itaque</span> <span class='ocrx_word' id='word_1_113' title='bbox 630 1137 916 1184; x_wconf 87' lang='lat' dir='ltr'>praeterquam</span> <span class='ocrx_word' id='word_1_114' title='bbox 942 1131 1054 1183; x_wconf 88' lang='lat' dir='ltr'>quod</span> <span class='ocrx_word' id='word_1_115' title='bbox 1079 1130 1248 1170; x_wconf 77' lang='lat' dir='ltr'>admissi</span> <span class='ocrx_word' id='word_1_116' title='bbox 1281 1130 1491 1182; x_wconf 87' lang='lat' dir='ltr'>auditique</span> <span class='ocrx_word' id='word_1_117' title='bbox 1519 1140 1625 1176; x_wconf 85' lang='lat' dir='ltr'>sunt,</span> 
     </span>
     <span class='ocr_line' id='line_1_16' title="bbox 268 1192 1628 1246; baseline -0.001 -13"><span class='ocrx_word' id='word_1_118' title='bbox 268 1207 504 1246; x_wconf 75' lang='lat' dir='ltr'>eaquoque</span> <span class='ocrx_word' id='word_1_119' title='bbox 532 1208 636 1233; x_wconf 84' lang='lat' dir='ltr'>vana</span> <span class='ocrx_word' id='word_1_120' title='bbox 661 1200 783 1245; x_wconf 87' lang='lat' dir='ltr'>atque</span> <span class='ocrx_word' id='word_1_121' title='bbox 809 1192 929 1232; x_wconf 87' lang='lat' dir='ltr'>inrita</span> <span class='ocrx_word' id='word_1_122' title='bbox 949 1192 1099 1246; x_wconf 88' lang='lat' dir='ltr'>legatio</span> <span class='ocrx_word' id='word_1_123' title='bbox 1126 1192 1215 1232; x_wconf 86' lang='lat' dir='ltr'>fuit.</span> <span class='ocrx_word' id='word_1_124' title='bbox 1254 1192 1407 1232; x_wconf 90' lang='lat' dir='ltr'>Hanno</span> <span class='ocrx_word' id='word_1_125' title='bbox 1428 1207 1534 1232; x_wconf 89' lang='grc'><strong>1111115</strong></span> <span class='ocrx_word' id='word_1_126' title='bbox 1557 1193 1628 1232; x_wconf 90' lang='lat' dir='ltr'>ad-</span> 
     </span>
     <span class='ocr_line' id='line_1_17' title="bbox 268 1254 1628 1308; baseline -0.001 -13"><span class='ocrx_word' id='word_1_127' title='bbox 268 1269 413 1295; x_wconf 74' lang='lat' dir='ltr'>versus</span> <span class='ocrx_word' id='word_1_128' title='bbox 446 1262 633 1295; x_wconf 86' lang='lat' dir='ltr'>senatum</span> <span class='ocrx_word' id='word_1_129' title='bbox 665 1269 832 1294; x_wconf 86' lang='lat' dir='ltr'>causam</span> <span class='ocrx_word' id='word_1_130' title='bbox 864 1254 1041 1294; x_wconf 85' lang='lat' dir='ltr'>foederis</span> <span class='ocrx_word' id='word_1_131' title='bbox 1074 1268 1226 1308; x_wconf 89' lang='lat' dir='ltr'>magno</span> <span class='ocrx_word' id='word_1_132' title='bbox 1266 1254 1425 1294; x_wconf 82' lang='lat' dir='ltr'>silentio</span> <span class='ocrx_word' id='word_1_133' title='bbox 1462 1260 1628 1307; x_wconf 88' lang='lat' dir='ltr'>propter</span> 
     </span>
     <span class='ocr_line' id='line_1_18' title="bbox 222 1316 1629 1369; baseline -0.003 -10"><span class='ocrx_word' id='word_1_134' title='bbox 222 1330 240 1359; x_wconf 86' lang='lat'><strong>3</strong></span> <span class='ocrx_word' id='word_1_135' title='bbox 268 1317 551 1357; x_wconf 85' lang='lat' dir='ltr'>auctoritatem</span> <span class='ocrx_word' id='word_1_136' title='bbox 578 1331 707 1363; x_wconf 89' lang='lat' dir='ltr'>suam,</span> <span class='ocrx_word' id='word_1_137' title='bbox 734 1331 816 1356; x_wconf 88' lang='lat' dir='ltr'>non</span> <span class='ocrx_word' id='word_1_138' title='bbox 837 1330 929 1356; x_wconf 89' lang='lat' dir='ltr'>cum</span> <span class='ocrx_word' id='word_1_139' title='bbox 950 1316 1129 1356; x_wconf 89' lang='lat' dir='ltr'>adsensu</span> <span class='ocrx_word' id='word_1_140' title='bbox 1155 1316 1407 1355; x_wconf 81' lang='lat' dir='ltr'>audientium</span> <span class='ocrx_word' id='word_1_141' title='bbox 1429 1316 1530 1369; x_wconf 85' lang='lat' dir='ltr'>egit:</span> <span class='ocrx_word' id='word_1_142' title='bbox 1556 1330 1629 1369; x_wconf 91' lang='lat' dir='ltr'>per</span> 
     </span>
    </p>

    <p class='ocr_par' dir='ltr' id='par_1_10' title="bbox 267 1377 1629 1617">
     <span class='ocr_line' id='line_1_19' title="bbox 267 1377 1626 1430; baseline -0.001 -12"><span class='ocrx_word' id='word_1_143' title='bbox 267 1378 365 1418; x_wconf 89' lang='lat' dir='ltr'>deos</span> <span class='ocrx_word' id='word_1_144' title='bbox 391 1378 605 1418; x_wconf 82' lang='lat' dir='ltr'>foederum</span> <span class='ocrx_word' id='word_1_145' title='bbox 632 1377 804 1418; x_wconf 80' lang='lat' dir='ltr'>arbitros</span> <span class='ocrx_word' id='word_1_146' title='bbox 832 1392 879 1417; x_wconf 89' lang='lat' dir='ltr'>ae</span> <span class='ocrx_word' id='word_1_147' title='bbox 905 1377 1019 1417; x_wconf 88' lang='lat' dir='ltr'>testis</span> <span class='ocrx_word' id='word_1_148' title='bbox 1040 1377 1263 1425; x_wconf 87' lang='lat' dir='ltr'>monuisse,</span> <span class='ocrx_word' id='word_1_149' title='bbox 1290 1377 1543 1430; x_wconf 83' lang='lat' dir='ltr'>praedixisse</span> <span class='ocrx_word' id='word_1_150' title='bbox 1570 1392 1626 1425; x_wconf 91' lang='lat' dir='ltr'>se,</span> 
     </span>
     <span class='ocr_line' id='line_1_20' title="bbox 267 1439 1629 1494; baseline -0.001 -15"><span class='ocrx_word' id='word_1_151' title='bbox 267 1454 317 1479; x_wconf 91' lang='grc'>110</span> <span class='ocrx_word' id='word_1_152' title='bbox 337 1439 588 1479; x_wconf 86' lang='lat' dir='ltr'>Hamilcaris</span> <span class='ocrx_word' id='word_1_153' title='bbox 608 1439 848 1494; x_wconf 86' lang='lat' dir='ltr'>progeniem</span> <span class='ocrx_word' id='word_1_154' title='bbox 869 1439 920 1479; x_wconf 86' lang='lat' dir='ltr'>ad</span> <span class='ocrx_word' id='word_1_155' title='bbox 940 1439 1164 1479; x_wconf 81' lang='lat' dir='ltr'>exercitum</span> <span class='ocrx_word' id='word_1_156' title='bbox 1185 1439 1402 1478; x_wconf 85' lang='lat' dir='ltr'>mitterent.</span> <span class='ocrx_word' id='word_1_157' title='bbox 1442 1453 1523 1478; x_wconf 91' lang='lat' dir='ltr'>non</span> <span class='ocrx_word' id='word_1_158' title='bbox 1543 1453 1629 1478; x_wconf 83' lang='lat' dir='ltr'>ma-</span> 
     </span>
     <span class='ocr_line' id='line_1_21' title="bbox 267 1500 1627 1555; baseline -0.001 -15"><span class='ocrx_word' id='word_1_159' title='bbox 267 1516 360 1549; x_wconf 78' lang='lat' dir='ltr'>nes,</span> <span class='ocrx_word' id='word_1_160' title='bbox 398 1516 480 1541; x_wconf 90' lang='grc'><strong>11011</strong></span> <span class='ocrx_word' id='word_1_161' title='bbox 512 1501 680 1555; x_wconf 87' lang='lat' dir='ltr'>stirpem</span> <span class='ocrx_word' id='word_1_162' title='bbox 717 1501 805 1541; x_wconf 90' lang='grc'><strong>01115</strong></span> <span class='ocrx_word' id='word_1_163' title='bbox 843 1500 1133 1553; x_wconf 85' lang='lat' dir='ltr'>conquiescere</span> <span class='ocrx_word' id='word_1_164' title='bbox 1176 1500 1269 1548; x_wconf 73' lang='lat' dir='ltr'>viri,</span> <span class='ocrx_word' id='word_1_165' title='bbox 1306 1515 1383 1540; x_wconf 91' lang='lat' dir='ltr'>nec</span> <span class='ocrx_word' id='word_1_166' title='bbox 1419 1515 1627 1553; x_wconf 82' lang='lat' dir='ltr'>umquam,</span> 
     </span>
     <span class='ocr_line' id='line_1_22' title="bbox 267 1562 1627 1617; baseline 0 -16"><span class='ocrx_word' id='word_1_167' title='bbox 267 1562 397 1603; x_wconf 89' lang='grc'><strong>(101100</strong></span> <span class='ocrx_word' id='word_1_168' title='bbox 430 1563 643 1617; x_wconf 85' lang='lat' dir='ltr'>sanguinis</span> <span class='ocrx_word' id='word_1_169' title='bbox 680 1563 940 1615; x_wconf 81' lang='lat' dir='ltr'>nominisque</span> <span class='ocrx_word' id='word_1_170' title='bbox 973 1562 1139 1602; x_wconf 84' lang='lat' dir='ltr'>Barcini</span> <span class='ocrx_word' id='word_1_171' title='bbox 1180 1562 1400 1615; x_wconf 84' lang='lat' dir='ltr'>quisquam</span> <span class='ocrx_word' id='word_1_172' title='bbox 1439 1562 1627 1616; x_wconf 87' lang='lat' dir='ltr'>supersit,</span> 
     </span>
    </p>

    <p class='ocr_par' dir='ltr' id='par_1_11' title="bbox 223 1624 1630 1865">
     <span class='ocr_line' id='line_1_23' title="bbox 223 1624 1629 1679; baseline -0.002 -13"><span class='ocrx_word' id='word_1_173' title='bbox 223 1638 242 1666; x_wconf 80' lang='grc'>4</span> <span class='ocrx_word' id='word_1_174' title='bbox 269 1625 454 1677; x_wconf 85' lang='lat' dir='ltr'>quietura</span> <span class='ocrx_word' id='word_1_175' title='bbox 481 1625 670 1665; x_wconf 80' lang='lat' dir='ltr'>Romana</span> <span class='ocrx_word' id='word_1_176' title='bbox 695 1625 875 1665; x_wconf 84' lang='lat' dir='ltr'>foedera.</span> <span class='ocrx_word' id='word_1_177' title='bbox 928 1625 1137 1665; x_wconf 77' lang='lat' dir='ltr'>‘iuvenem</span> <span class='ocrx_word' id='word_1_178' title='bbox 1169 1624 1411 1679; x_wconf 85' lang='lat' dir='ltr'>flagrantem</span> <span class='ocrx_word' id='word_1_179' title='bbox 1438 1624 1629 1678; x_wconf 87' lang='lat' dir='ltr'>cupidine</span> 
     </span>
     <span class='ocr_line' id='line_1_24' title="bbox 268 1685 1630 1741; baseline -0.001 -15"><span class='ocrx_word' id='word_1_180' title='bbox 268 1687 383 1741; x_wconf 87' lang='lat' dir='ltr'>regni</span> <span class='ocrx_word' id='word_1_181' title='bbox 415 1687 607 1739; x_wconf 50' lang='lat' dir='ltr'>viamque</span> <span class='ocrx_word' id='word_1_182' title='bbox 640 1702 763 1727; x_wconf 87' lang='lat' dir='ltr'>unam</span> <span class='ocrx_word' id='word_1_183' title='bbox 796 1687 847 1727; x_wconf 87' lang='lat' dir='ltr'>ad</span> <span class='ocrx_word' id='word_1_184' title='bbox 878 1687 920 1726; x_wconf 88' lang='lat' dir='ltr'>id</span> <span class='ocrx_word' id='word_1_185' title='bbox 947 1694 1199 1734; x_wconf 88' lang='lat' dir='ltr'>cernentem,</span> <span class='ocrx_word' id='word_1_186' title='bbox 1238 1687 1271 1726; x_wconf 88' lang='lat' dir='ltr'>si</span> <span class='ocrx_word' id='word_1_187' title='bbox 1304 1701 1354 1727; x_wconf 79' lang='lat' dir='ltr'>ex</span> <span class='ocrx_word' id='word_1_188' title='bbox 1379 1686 1496 1726; x_wconf 85' lang='lat' dir='ltr'>bellis</span> <span class='ocrx_word' id='word_1_189' title='bbox 1524 1685 1630 1726; x_wconf 83' lang='lat' dir='ltr'>bella</span> 
     </span>
     <span class='ocr_line' id='line_1_25' title="bbox 269 1748 1630 1803; baseline -0.001 -15"><span class='ocrx_word' id='word_1_190' title='bbox 269 1749 440 1789; x_wconf 87' lang='lat' dir='ltr'>serendo</span> <span class='ocrx_word' id='word_1_191' title='bbox 468 1749 700 1789; x_wconf 88' lang='lat' dir='ltr'>succinctus</span> <span class='ocrx_word' id='word_1_192' title='bbox 728 1749 850 1789; x_wconf 90' lang='lat' dir='ltr'>armis</span> <span class='ocrx_word' id='word_1_193' title='bbox 877 1748 1193 1803; x_wconf 80' lang='lat' dir='ltr'>legionibusque</span> <span class='ocrx_word' id='word_1_194' title='bbox 1220 1749 1343 1797; x_wconf 65' lang='lat' dir='ltr'>vivat,</span> <span class='ocrx_word' id='word_1_195' title='bbox 1372 1748 1630 1788; x_wconf 56' lang='grc' dir='ltr'><strong>1011111110ῒο-</strong></span> 
     </span>
     <span class='ocr_line' id='line_1_26' title="bbox 268 1809 1629 1865; baseline -0.002 -15"><span class='ocrx_word' id='word_1_196' title='bbox 268 1811 368 1850; x_wconf 85' lang='lat' dir='ltr'>riam</span> <span class='ocrx_word' id='word_1_197' title='bbox 401 1811 487 1865; x_wconf 83' lang='lat' dir='ltr'>igni</span> <span class='ocrx_word' id='word_1_198' title='bbox 519 1810 762 1864; x_wconf 85' lang='lat' dir='ltr'>praebentes</span> <span class='ocrx_word' id='word_1_199' title='bbox 794 1811 846 1850; x_wconf 90' lang='lat' dir='ltr'>ad</span> <span class='ocrx_word' id='word_1_200' title='bbox 878 1810 1081 1850; x_wconf 78' lang='lat' dir='ltr'>exercitus</span> <span class='ocrx_word' id='word_1_201' title='bbox 1113 1810 1296 1850; x_wconf 83' lang='lat' dir='ltr'>misistis.</span> <span class='ocrx_word' id='word_1_202' title='bbox 1347 1809 1505 1850; x_wconf 88' lang='lat' dir='ltr'>aluistis</span> <span class='ocrx_word' id='word_1_203' title='bbox 1531 1823 1629 1862; x_wconf 88' lang='lat' dir='ltr'>ergo</span> 
     </span>
    </p>

    <p class='ocr_par' dir='ltr' id='par_1_12' title="bbox 224 1870 1677 2050">
     <span class='ocr_line' id='line_1_27' title="bbox 224 1870 1630 1925; baseline -0.002 -13"><span class='ocrx_word' id='word_1_204' title='bbox 224 1886 242 1914; x_wconf 82' lang='lat'>5</span> <span class='ocrx_word' id='word_1_205' title='bbox 268 1872 345 1912; x_wconf 89' lang='lat' dir='ltr'>hoc</span> <span class='ocrx_word' id='word_1_206' title='bbox 371 1873 625 1920; x_wconf 89' lang='lat' dir='ltr'>incendium,</span> <span class='ocrx_word' id='word_1_207' title='bbox 664 1887 744 1924; x_wconf 87' lang='lat' dir='ltr'>quo</span> <span class='ocrx_word' id='word_1_208' title='bbox 769 1886 878 1912; x_wconf 90' lang='lat' dir='ltr'>nune</span> <span class='ocrx_word' id='word_1_209' title='bbox 904 1872 1067 1912; x_wconf 87' lang='lat' dir='ltr'>ardetis.</span> <span class='ocrx_word' id='word_1_210' title='bbox 1131 1870 1367 1925; x_wconf 80' lang='lat' dir='ltr'>Saguntum</span> <span class='ocrx_word' id='word_1_211' title='bbox 1397 1870 1523 1910; x_wconf 69' lang='lat' dir='ltr'>vestri</span> <span class='ocrx_word' id='word_1_212' title='bbox 1554 1870 1630 1909; x_wconf 86' lang='lat' dir='ltr'>cir-</span> 
     </span>
     <span class='ocr_line' id='line_1_28' title="bbox 269 1930 1677 1982; baseline -0.003 -8"><span class='ocrx_word' id='word_1_213' title='bbox 269 1935 509 1974; x_wconf 88' lang='lat' dir='ltr'>cumsedent</span> <span class='ocrx_word' id='word_1_214' title='bbox 535 1933 751 1982; x_wconf 80' lang='lat' dir='ltr'>exercitus,</span> <span class='ocrx_word' id='word_1_215' title='bbox 778 1934 887 1973; x_wconf 90' lang='lat' dir='ltr'>unde</span> <span class='ocrx_word' id='word_1_216' title='bbox 912 1940 1102 1973; x_wconf 89' lang='lat' dir='ltr'>arcentur</span> <span class='ocrx_word' id='word_1_217' title='bbox 1127 1933 1304 1980; x_wconf 86' lang='lat' dir='ltr'>foedere,</span> <span class='ocrx_word' id='word_1_218' title='bbox 1331 1947 1428 1972; x_wconf 77' lang='lat' dir='ltr'>mox</span> <span class='ocrx_word' id='word_1_219' title='bbox 1455 1930 1630 1972; x_wconf 83' lang='lat' dir='ltr'>Cartha·</span> <span class='ocrx_word' id='word_1_220' title='bbox 1674 1936 1677 1939; x_wconf 84' lang='lat'>&#39;</span> 
     </span>
     <span class='ocr_line' id='line_1_29' title="bbox 269 1993 1626 2050; baseline -0.002 -15"><span class='ocrx_word' id='word_1_221' title='bbox 269 1996 407 2050; x_wconf 83' lang='lat' dir='ltr'>ginem</span> <span class='ocrx_word' id='word_1_222' title='bbox 439 1995 797 2036; x_wconf 86' lang='lat' dir='ltr'>circumsedebunt</span> <span class='ocrx_word' id='word_1_223' title='bbox 830 1996 1040 2035; x_wconf 84' lang='lat' dir='ltr'>Romanae</span> <span class='ocrx_word' id='word_1_224' title='bbox 1077 1995 1260 2049; x_wconf 77' lang='lat' dir='ltr'>legiones</span> <span class='ocrx_word' id='word_1_225' title='bbox 1292 1993 1466 2034; x_wconf 85' lang='lat' dir='ltr'>ducibus</span> <span class='ocrx_word' id='word_1_226' title='bbox 1498 1993 1626 2033; x_wconf 76' lang='lat' dir='ltr'>isdem</span> 
     </span>
    </p>

    <p class='ocr_par' dir='ltr' id='par_1_13' title="bbox 226 2055 1631 2422">
     <span class='ocr_line' id='line_1_30' title="bbox 226 2055 1628 2112; baseline -0.004 -12"><span class='ocrx_word' id='word_1_227' title='bbox 226 2071 242 2100; x_wconf 79' lang='grc'>6</span> <span class='ocrx_word' id='word_1_228' title='bbox 270 2058 361 2107; x_wconf 87' lang='grc'><strong>(1115,</strong></span> <span class='ocrx_word' id='word_1_229' title='bbox 387 2073 460 2112; x_wconf 89' lang='lat' dir='ltr'>per</span> <span class='ocrx_word' id='word_1_230' title='bbox 485 2073 588 2111; x_wconf 88' lang='lat' dir='ltr'>quos</span> <span class='ocrx_word' id='word_1_231' title='bbox 614 2058 749 2112; x_wconf 89' lang='lat' dir='ltr'>priore</span> <span class='ocrx_word' id='word_1_232' title='bbox 775 2057 881 2098; x_wconf 87' lang='lat' dir='ltr'>bello</span> <span class='ocrx_word' id='word_1_233' title='bbox 907 2066 1027 2111; x_wconf 86' lang='lat' dir='ltr'>rupta</span> <span class='ocrx_word' id='word_1_234' title='bbox 1054 2057 1221 2097; x_wconf 86' lang='lat' dir='ltr'>foedera</span> <span class='ocrx_word' id='word_1_235' title='bbox 1248 2063 1343 2097; x_wconf 87' lang='lat' dir='ltr'>sunt</span> <span class='ocrx_word' id='word_1_236' title='bbox 1367 2055 1453 2095; x_wconf 87' lang='lat' dir='ltr'>ulti.</span> <span class='ocrx_word' id='word_1_237' title='bbox 1492 2062 1628 2095; x_wconf 89' lang='lat' dir='ltr'>utrum</span> 
     </span>
     <span class='ocr_line' id='line_1_31' title="bbox 269 2117 1631 2172; baseline -0.002 -13"><span class='ocrx_word' id='word_1_238' title='bbox 269 2120 430 2160; x_wconf 88' lang='lat' dir='ltr'>hostem</span> <span class='ocrx_word' id='word_1_239' title='bbox 467 2136 519 2160; x_wconf 87' lang='lat' dir='ltr'>an</span> <span class='ocrx_word' id='word_1_240' title='bbox 551 2135 624 2161; x_wconf 72' lang='lat' dir='ltr'>vos</span> <span class='ocrx_word' id='word_1_241' title='bbox 657 2136 709 2160; x_wconf 84' lang='lat' dir='ltr'>an</span> <span class='ocrx_word' id='word_1_242' title='bbox 744 2119 951 2160; x_wconf 87' lang='lat' dir='ltr'>fortunam</span> <span class='ocrx_word' id='word_1_243' title='bbox 988 2119 1200 2171; x_wconf 86' lang='lat' dir='ltr'>utriusque</span> <span class='ocrx_word' id='word_1_244' title='bbox 1231 2117 1373 2172; x_wconf 86' lang='lat' dir='ltr'>populi</span> <span class='ocrx_word' id='word_1_245' title='bbox 1408 2117 1631 2171; x_wconf 82' lang='lat' dir='ltr'>ignoratis?</span> 
     </span>
     <span class='ocr_line' id='line_1_32' title="bbox 270 2179 1631 2236; baseline -0.002 -15"><span class='ocrx_word' id='word_1_246' title='bbox 270 2181 428 2236; x_wconf 86' lang='lat' dir='ltr'>legatos</span> <span class='ocrx_word' id='word_1_247' title='bbox 455 2181 506 2223; x_wconf 91' lang='lat' dir='ltr'>ab</span> <span class='ocrx_word' id='word_1_248' title='bbox 534 2182 654 2223; x_wconf 89' lang='lat' dir='ltr'>sociis</span> <span class='ocrx_word' id='word_1_249' title='bbox 683 2188 721 2221; x_wconf 87' lang='lat' dir='ltr'>et</span> <span class='ocrx_word' id='word_1_250' title='bbox 746 2196 819 2235; x_wconf 89' lang='lat' dir='ltr'>pro</span> <span class='ocrx_word' id='word_1_251' title='bbox 853 2181 974 2222; x_wconf 85' lang='lat' dir='ltr'>sociis</span> <span class='ocrx_word' id='word_1_252' title='bbox 1008 2181 1219 2221; x_wconf 72' lang='lat' dir='ltr'>venientes</span> <span class='ocrx_word' id='word_1_253' title='bbox 1251 2180 1384 2220; x_wconf 89' lang='lat' dir='ltr'>bonus</span> <span class='ocrx_word' id='word_1_254' title='bbox 1410 2179 1631 2233; x_wconf 87' lang='lat' dir='ltr'>imperator</span> 
     </span>
     <span class='ocr_line' id='line_1_33' title="bbox 269 2241 1629 2298; baseline -0.001 -15"><span class='ocrx_word' id='word_1_255' title='bbox 269 2251 406 2284; x_wconf 66' lang='lat' dir='ltr'>vester</span> <span class='ocrx_word' id='word_1_256' title='bbox 424 2244 466 2284; x_wconf 87' lang='lat' dir='ltr'>in</span> <span class='ocrx_word' id='word_1_257' title='bbox 487 2251 619 2285; x_wconf 83' lang='lat' dir='ltr'>castra</span> <span class='ocrx_word' id='word_1_258' title='bbox 639 2259 722 2284; x_wconf 90' lang='lat' dir='ltr'>non</span> <span class='ocrx_word' id='word_1_259' title='bbox 743 2244 922 2293; x_wconf 86' lang='lat' dir='ltr'>admisit,</span> <span class='ocrx_word' id='word_1_260' title='bbox 943 2244 1006 2283; x_wconf 88' lang='lat' dir='ltr'>ius</span> <span class='ocrx_word' id='word_1_261' title='bbox 1028 2243 1213 2298; x_wconf 87' lang='lat' dir='ltr'>gentium</span> <span class='ocrx_word' id='word_1_262' title='bbox 1229 2242 1411 2291; x_wconf 85' lang='lat' dir='ltr'>sustulit3</span> <span class='ocrx_word' id='word_1_263' title='bbox 1438 2241 1479 2281; x_wconf 90' lang='lat' dir='ltr'>hi</span> <span class='ocrx_word' id='word_1_264' title='bbox 1494 2248 1629 2282; x_wconf 89' lang='lat' dir='ltr'>tamen</span> 
     </span>
     <span class='ocr_line' id='line_1_34' title="bbox 270 2303 1630 2360; baseline -0.002 -15"><span class='ocrx_word' id='word_1_265' title='bbox 270 2306 378 2346; x_wconf 87' lang='lat' dir='ltr'>unde</span> <span class='ocrx_word' id='word_1_266' title='bbox 404 2321 455 2346; x_wconf 91' lang='lat' dir='ltr'>ne</span> <span class='ocrx_word' id='word_1_267' title='bbox 481 2306 661 2346; x_wconf 88' lang='lat' dir='ltr'>hostium</span> <span class='ocrx_word' id='word_1_268' title='bbox 687 2306 854 2359; x_wconf 87' lang='lat' dir='ltr'>quidem</span> <span class='ocrx_word' id='word_1_269' title='bbox 878 2305 1003 2360; x_wconf 89' lang='lat' dir='ltr'>legati</span> <span class='ocrx_word' id='word_1_270' title='bbox 1030 2312 1219 2345; x_wconf 84' lang='lat' dir='ltr'>arcentur</span> <span class='ocrx_word' id='word_1_271' title='bbox 1249 2304 1357 2358; x_wconf 89' lang='lat' dir='ltr'>pulsi</span> <span class='ocrx_word' id='word_1_272' title='bbox 1383 2303 1435 2343; x_wconf 88' lang='lat' dir='ltr'>ad</span> <span class='ocrx_word' id='word_1_273' title='bbox 1459 2317 1535 2343; x_wconf 89' lang='lat' dir='ltr'>nos</span> <span class='ocrx_word' id='word_1_274' title='bbox 1560 2317 1630 2343; x_wconf 67' lang='lat' dir='ltr'>ve-</span> 
     </span>
     <span class='ocr_line' id='line_1_35' title="bbox 270 2364 1629 2422; baseline -0.001 -15"><span class='ocrx_word' id='word_1_275' title='bbox 270 2376 434 2417; x_wconf 88' lang='lat' dir='ltr'>nerunt,</span> <span class='ocrx_word' id='word_1_276' title='bbox 460 2383 526 2409; x_wconf 86' lang='lat' dir='ltr'>res</span> <span class='ocrx_word' id='word_1_277' title='bbox 553 2383 605 2409; x_wconf 80' lang='lat' dir='ltr'>ex</span> <span class='ocrx_word' id='word_1_278' title='bbox 629 2369 794 2409; x_wconf 84' lang='lat' dir='ltr'>foedere</span> <span class='ocrx_word' id='word_1_279' title='bbox 820 2374 1078 2422; x_wconf 85' lang='lat' dir='ltr'>repetuntur3</span> <span class='ocrx_word' id='word_1_280' title='bbox 1111 2366 1278 2421; x_wconf 83' lang='lat' dir='ltr'>publica</span> <span class='ocrx_word' id='word_1_281' title='bbox 1302 2365 1416 2406; x_wconf 81' lang='lat' dir='ltr'>fraus</span> <span class='ocrx_word' id='word_1_282' title='bbox 1443 2364 1551 2406; x_wconf 84' lang='lat' dir='ltr'>absit</span> <span class='ocrx_word' id='word_1_283' title='bbox 1575 2390 1629 2393; x_wconf 93' lang='lat'>—-</span> 
     </span>
    </p>

    <p class='ocr_par' dir='ltr' id='par_1_14' title="bbox 230 2426 1631 2669">
     <span class='ocr_line' id='line_1_36' title="bbox 230 2426 1630 2484; baseline -0.004 -13"><span class='ocrx_word' id='word_1_284' title='bbox 230 2444 245 2471; x_wconf 78' lang='grc'>7</span> <span class='ocrx_word' id='word_1_285' title='bbox 273 2437 481 2470; x_wconf 85' lang='lat' dir='ltr'>auctorem</span> <span class='ocrx_word' id='word_1_286' title='bbox 507 2430 651 2484; x_wconf 86' lang='lat' dir='ltr'>culpae</span> <span class='ocrx_word' id='word_1_287' title='bbox 678 2437 716 2470; x_wconf 91' lang='lat' dir='ltr'>et</span> <span class='ocrx_word' id='word_1_288' title='bbox 741 2445 857 2470; x_wconf 89' lang='lat' dir='ltr'>reum</span> <span class='ocrx_word' id='word_1_289' title='bbox 888 2429 1069 2470; x_wconf 87' lang='lat' dir='ltr'>criminis</span> <span class='ocrx_word' id='word_1_290' title='bbox 1102 2430 1342 2482; x_wconf 88' lang='lat' dir='ltr'>deposcunt.</span> <span class='ocrx_word' id='word_1_291' title='bbox 1392 2442 1472 2481; x_wconf 88' lang='lat' dir='ltr'>quo</span> <span class='ocrx_word' id='word_1_292' title='bbox 1497 2426 1630 2467; x_wconf 81' lang='lat' dir='ltr'>lenius</span> 
     </span>
     <span class='ocr_line' id='line_1_37' title="bbox 273 2491 1631 2547; baseline -0.001 -16"><span class='ocrx_word' id='word_1_293' title='bbox 273 2499 412 2545; x_wconf 85' lang='lat' dir='ltr'>agunt,</span> <span class='ocrx_word' id='word_1_294' title='bbox 441 2493 608 2547; x_wconf 88' lang='lat' dir='ltr'>segnius</span> <span class='ocrx_word' id='word_1_295' title='bbox 628 2493 840 2546; x_wconf 89' lang='lat' dir='ltr'>incipiunt,</span> <span class='ocrx_word' id='word_1_296' title='bbox 867 2507 928 2540; x_wconf 89' lang='lat' dir='ltr'>eo,</span> <span class='ocrx_word' id='word_1_297' title='bbox 956 2507 1049 2532; x_wconf 90' lang='lat' dir='ltr'>eum</span> <span class='ocrx_word' id='word_1_298' title='bbox 1064 2491 1282 2545; x_wconf 88' lang='lat' dir='ltr'>coeperint,</span> <span class='ocrx_word' id='word_1_299' title='bbox 1309 2505 1452 2531; x_wconf 73' lang='lat' dir='ltr'>vereor</span> <span class='ocrx_word' id='word_1_300' title='bbox 1470 2504 1521 2530; x_wconf 89' lang='lat' dir='ltr'>ne</span> <span class='ocrx_word' id='word_1_301' title='bbox 1540 2503 1631 2543; x_wconf 90' lang='lat' dir='ltr'>per-</span> 
     </span>
     <span class='ocr_line' id='line_1_38' title="bbox 275 2553 1630 2609; baseline -0.001 -17"><span class='ocrx_word' id='word_1_302' title='bbox 275 2555 526 2595; x_wconf 73' lang='lat' dir='ltr'>severantius</span> <span class='ocrx_word' id='word_1_303' title='bbox 548 2555 742 2596; x_wconf 66' lang='lat' dir='ltr'>saeviant.</span> <span class='ocrx_word' id='word_1_304' title='bbox 780 2554 957 2609; x_wconf 87' lang='lat' dir='ltr'>Aegatis</span> <span class='ocrx_word' id='word_1_305' title='bbox 977 2553 1131 2594; x_wconf 88' lang='lat' dir='ltr'>insulas</span> <span class='ocrx_word' id='word_1_306' title='bbox 1145 2553 1407 2607; x_wconf 74' lang='lat' dir='ltr'>Erycemque</span> <span class='ocrx_word' id='word_1_307' title='bbox 1429 2557 1521 2591; x_wconf 88' lang='lat' dir='ltr'>ante</span> <span class='ocrx_word' id='word_1_308' title='bbox 1535 2565 1630 2591; x_wconf 91' lang='lat' dir='ltr'>ocu-</span> 
     </span>
     <span class='ocr_line' id='line_1_39' title="bbox 274 2611 1629 2669; baseline -0.001 -16"><span class='ocrx_word' id='word_1_309' title='bbox 274 2614 335 2654; x_wconf 92' lang='grc'>105</span> <span class='ocrx_word' id='word_1_310' title='bbox 361 2617 593 2669; x_wconf 87' lang='lat' dir='ltr'>proponite,</span> <span class='ocrx_word' id='word_1_311' title='bbox 627 2631 731 2669; x_wconf 89' lang='lat' dir='ltr'>quae</span> <span class='ocrx_word' id='word_1_312' title='bbox 757 2624 863 2657; x_wconf 82' lang='lat' dir='ltr'>terra</span> <span class='ocrx_word' id='word_1_313' title='bbox 893 2611 1078 2669; x_wconf 79' lang='lat' dir='ltr'>marique</span> <span class='ocrx_word' id='word_1_314' title='bbox 1102 2630 1175 2669; x_wconf 91' lang='lat' dir='ltr'>per</span> <span class='ocrx_word' id='word_1_315' title='bbox 1199 2621 1391 2668; x_wconf 85' lang='lat' dir='ltr'>quattuor</span> <span class='ocrx_word' id='word_1_316' title='bbox 1421 2620 1460 2654; x_wconf 90' lang='lat' dir='ltr'>et</span> <span class='ocrx_word' id='word_1_317' title='bbox 1484 2612 1629 2666; x_wconf 77' lang='lat' dir='ltr'>viginti</span> 
     </span>
    </p>

    <p class='ocr_par' dir='ltr' id='par_1_15' title="bbox 231 2674 1628 2732">
     <span class='ocr_line' id='line_1_40' title="bbox 231 2674 1628 2732; baseline -0.003 -15"><span class='ocrx_word' id='word_1_318' title='bbox 231 2687 249 2717; x_wconf 79' lang='lat'>8</span> <span class='ocrx_word' id='word_1_319' title='bbox 276 2691 403 2716; x_wconf 87' lang='lat' dir='ltr'>annos</span> <span class='ocrx_word' id='word_1_320' title='bbox 431 2678 544 2730; x_wconf 88' lang='lat' dir='ltr'>passi</span> <span class='ocrx_word' id='word_1_321' title='bbox 571 2678 670 2718; x_wconf 87' lang='lat' dir='ltr'>sitis.</span> <span class='ocrx_word' id='word_1_322' title='bbox 720 2693 795 2719; x_wconf 90' lang='lat' dir='ltr'>nee</span> <span class='ocrx_word' id='word_1_323' title='bbox 820 2692 922 2732; x_wconf 88' lang='lat' dir='ltr'>puer</span> <span class='ocrx_word' id='word_1_324' title='bbox 947 2677 1013 2718; x_wconf 89' lang='grc'><strong>1110</strong></span> <span class='ocrx_word' id='word_1_325' title='bbox 1043 2677 1127 2717; x_wconf 82' lang='lat' dir='ltr'>dux</span> <span class='ocrx_word' id='word_1_326' title='bbox 1159 2684 1262 2726; x_wconf 88' lang='lat' dir='ltr'>crat,</span> <span class='ocrx_word' id='word_1_327' title='bbox 1301 2677 1373 2717; x_wconf 88' lang='lat' dir='ltr'>sed</span> <span class='ocrx_word' id='word_1_328' title='bbox 1403 2682 1517 2729; x_wconf 88' lang='lat' dir='ltr'>pater</span> <span class='ocrx_word' id='word_1_329' title='bbox 1540 2674 1628 2727; x_wconf 85' lang='lat' dir='ltr'>ipse</span> 
     </span>
    </p>
   </div>
   <div class='ocr_carea' id='block_1_3' title="bbox 222 403 240 432">
    <p class='ocr_par' dir='ltr' id='par_1_16' title="bbox 222 403 240 432">
     <span class='ocr_line' id='line_1_41' title="bbox 222 403 240 432; textangle 90"><span class='ocrx_word' id='word_1_330' title='bbox 222 403 240 432; x_wconf 74' lang='lat'>10</span> 
     </span>
    </p>
   </div>
   <div class='ocr_carea' id='block_1_4' title="bbox 222 1145 239 1236">
    <p class='ocr_par' dir='ltr' id='par_1_17' title="bbox 222 1145 239 1236">
     <span class='ocr_line' id='line_1_42' title="bbox 222 1145 239 1236; textangle 90"><span class='ocrx_word' id='word_1_331' title='bbox 222 1145 239 1236; x_wconf 67' lang='grc' dir='ltr'>ῐΟι-Δ</span> 
     </span>
    </p>
   </div>
  </div>
 </body>
</html>
