1815 3184
304 252 386 293 226
651 258 804 292 LIBER
830 258 956 302 xxv,
984 259 1038 292 11.
1066 259 1305 302 [a.u.e.542]

305 367 500 403 tenuerat.
554 374 630 401 nec
656 360 884 401 sustinuere
909 361 1108 414 impetum
1132 360 1328 410 Romani,
1355 361 1429 402 sed
1452 361 1503 402 ab
1528 363 1660 404 effusa

304 424 405 477 fuga
428 422 507 462 loci
532 422 746 477 angustiae
772 436 842 463 eos
864 422 1142 476 impeditaque
1161 423 1240 463 alia
1261 437 1382 476 opere
1401 422 1483 463 iam
1502 431 1657 478 coepto,

260 500 277 529 6
305 484 381 525 alia
408 490 606 538 apparatu
631 483 764 538 operis
789 483 1065 524 morabantur.
1109 484 1275 538 plurimi
1299 484 1340 524 in
1364 483 1521 525 fossam
1545 499 1661 539 prae-

305 545 524 600 cipitavere
557 545 762 598 occisique
795 552 889 586 sunt
919 545 1057 599 plures
1089 546 1130 586 in
1161 546 1263 600 fuga
1294 560 1417 599 quam
1442 546 1483 586 in
1507 561 1659 601 pugna.

305 607 399 647 inde
425 619 463 647 et
488 622 591 661 opus
616 607 728 647 nullo
753 607 994 661 prohibente
1019 608 1106 648 fieri
1131 616 1340 662 coeptum:
1377 608 1492 648 fossa
1515 608 1660 663 ingens

305 669 426 709 ducta
452 676 491 709 et
515 669 667 709 vallum
692 669 797 710 intra
823 684 911 710 eam
939 670 1124 724 erigitur3
1156 670 1398 723 modicoque
1422 676 1516 724 post
1540 670 1663 710 inter-

304 730 411 771 vallo
443 746 604 771 murum
636 731 759 771 etiam
790 731 934 771 eadem
964 731 1131 786 regione
1163 731 1311 772 addere
1348 738 1480 785 parat,
1518 738 1563 771 ut
1598 731 1663 772 vel

260 803 278 833 8
306 793 392 834 sine
418 793 621 847 praesidio
648 794 751 834 tueri
777 809 819 834 se
841 794 1037 834 adversus
1052 793 1263 834 Romanos
1282 800 1462 848 possent.
1501 793 1663 847 reliquit

304 863 441 895 tamen
467 855 673 895 modicum
699 855 968 909 praesidium,
997 855 1117 896 simul
1143 862 1186 895 ut
1211 855 1251 895 in
1273 855 1520 909 perficiendo
1546 870 1662 896 muro

306 917 528 957 adiuvaret.
566 917 655 971 ipse
680 916 889 971 profectus
916 931 1009 957 cuin
1035 917 1180 957 ceteris
1207 917 1334 971 copiis
1361 917 1412 957 ad
1439 915 1662 958 Galaesum

261 990 278 1018 9
305 978 456 1019 flumen
476 1004 509 1008 —
527 979 706 1031 quinque
731 979 843 1019 milia
868 978 918 1019 ab
946 978 1045 1019 urbe
1071 978 1187 1019 abest
1205 979 1392 1033 —posuit
1419 986 1563 1020 castra.
1613 994 1664 1019 ex

304 1040 368 1080 his
407 1040 563 1080 stativis
595 1055 808 1095 regressus
847 1041 899 1081 ad
934 1040 1258 1094 inspiciendum,
1307 1041 1418 1094 quod
1453 1055 1556 1094 opus
1592 1040 1664 1081 ali-

305 1108 504 1154 quantum
531 1102 720 1156 opinione
747 1103 833 1143 eius
859 1102 1031 1143 celerius
1052 1109 1251 1151 creverat,
1280 1117 1395 1156 spem
1415 1103 1522 1156 cepit
1541 1102 1663 1143 etiam

307 1177 442 1203 arcem
469 1164 695 1218 expugnari
725 1179 860 1218 posse.
922 1171 961 1204 ct
987 1171 1049 1204 est
1080 1179 1162 1204 non
1188 1164 1419 1213 altitudine,
1446 1171 1490 1204 ut
1516 1171 1661 1213 cetera,

306 1230 410 1274 tuta,
449 1225 521 1265 sed
551 1225 641 1265 loco
672 1225 794 1279 plano
826 1225 959 1279 posita
990 1232 1029 1265 et
1059 1224 1110 1265 ab
1142 1224 1243 1266 urbe
1278 1240 1394 1266 muro
1425 1231 1584 1266 tantum
1616 1240 1663 1266 ao

240 1298 280 1328 10
305 1286 419 1328 fossa
455 1287 598 1327 divisa.
660 1301 751 1327 eum
788 1287 870 1327 iam
906 1287 1253 1328 machinationum
1292 1287 1403 1328 omni
1438 1302 1588 1342 genere
1625 1294 1663 1328 et

306 1348 497 1402 operibus
529 1356 853 1403 oppugnaretur,
891 1350 1065 1390 missum
1096 1365 1120 1390 a
1144 1348 1388 1403 Metaponto
1413 1350 1663 1403 praesidium

305 1410 504 1451 Romanis
553 1411 650 1451 fecit
697 1412 902 1460 animum,
952 1418 995 1451 ut
1036 1418 1155 1451 nocte
1199 1426 1250 1451 ex
1291 1411 1498 1464 inproviso
1541 1426 1663 1466 opera

305 1472 484 1513 hostium
504 1473 754 1512 invaderent.
793 1472 871 1512 alia
891 1472 1154 1520 disiecerunt,
1182 1472 1260 1512 alia
1279 1472 1365 1526 igni
1385 1481 1662 1526 corruperunt.

242 1545 278 1573 11
306 1534 422 1587 isque
447 1534 539 1574 finis
570 1533 796 1574 Hannibali
823 1533 899 1574 fuit
924 1548 970 1574 ea
995 1541 1110 1587 parte
1137 1547 1271 1573 arcem
1297 1548 1548 1587 oppugnare.
1602 1548 1665 1575 re-

305 1597 415 1650 liqua
452 1603 536 1637 erat
572 1597 612 1636 in
649 1596 861 1637 obsidione
899 1610 1012 1650 spes,
1050 1610 1125 1636 nec
1158 1610 1206 1636 ea
1237 1596 1334 1636 satis
1367 1596 1532 1645 efficax,
1570 1597 1666 1650 quia

305 1673 440 1698 arcem
467 1664 668 1706 tenentes,
707 1672 811 1710 quae
842 1658 882 1697 in
914 1657 1182 1712 paeneinsula
1206 1658 1342 1712 posita
1365 1658 1550 1699 imminet
1575 1658 1665 1699 fau-

306 1719 420 1760 cibus
446 1727 606 1774 portus,
633 1735 744 1760 marc
764 1719 937 1760 liberum
962 1719 1187 1769 habebant,
1215 1719 1312 1761 urbs
1334 1727 1474 1761 contra
1499 1720 1665 1762 exclusa

305 1781 518 1821 maritimis
556 1781 869 1831 commeatibus,
906 1782 1158 1836 propiusque
1194 1782 1374 1836 inopiam
1412 1788 1526 1823 erant
1556 1782 1666 1823 obsi-

240 1852 278 1881 12
306 1843 447 1883 dentes
485 1858 609 1896 quam
647 1843 819 1884 obsessi.
891 1843 1103 1884 Hannibal
1141 1844 1376 1884 convocatis
1411 1843 1664 1898 principibus

306 1905 538 1946 Tarentinis
565 1920 706 1946 omnes
737 1906 965 1960 praesentis
992 1905 1255 1946 difficultates
1288 1906 1494 1960 exposuit:
1531 1920 1664 1959 neque

306 1968 409 2008 arcis
446 1974 530 2008 tam
566 1969 746 2009 munitae
774 1966 1084 2023 'expugnandae
1121 1983 1285 2009 cernere
1322 1968 1431 2008 viam
1462 1982 1594 2021 neque
1623 1968 1664 2008 in

306 2029 517 2071 obsidione
550 2030 768 2083 quicquam
805 2030 957 2071 habere
990 2030 1096 2085 spei,
1135 2030 1265 2072 donee
1297 2030 1399 2070 mari
1429 2029 1568 2070 hostes
1593 2044 1666 2083 po-

242 2099 280 2129 13
307 2091 469 2132 tiantur.
508 2092 619 2145 quod
640 2093 673 2133 si
693 2107 819 2133 naves
847 2093 945 2142 sint,
973 2092 1122 2146 quibus
1143 2098 1395 2133 commeatus
1415 2091 1553 2132 invehi
1572 2105 1666 2145 pro-

306 2153 461 2202 hibeat,
489 2154 694 2208 extemplo
714 2162 783 2195 aut
803 2169 895 2195 arce
917 2169 1105 2195 cessuros
1127 2160 1195 2195 aut
1215 2154 1425 2194 dedituros
1451 2167 1494 2193 se
1520 2152 1663 2193 hostis.

242 2224 282 2252 14
307 2215 642 2256 adsentiebantur
672 2216 902 2265 Tarentini3
935 2223 1115 2257 ceterum
1146 2215 1201 2264 ei,
1246 2215 1316 2268 qui
1347 2214 1564 2256 consilium
1595 2213 1666 2254 ad-

306 2277 442 2326 ferret,
465 2291 585 2331 open]
600 2292 762 2331 quoque
777 2278 819 2318 in
834 2292 925 2318 eam
938 2293 1023 2318 rem
1037 2277 1303 2318 adferendam
1324 2275 1545 2317 censebant
1560 2289 1663 2317 esse.

242 2348 280 2377 15
306 2338 486 2380 Punicas
524 2339 632 2379 enim
668 2354 794 2380 naves
831 2354 882 2380 ex
920 2337 1062 2380 Sicilia
1092 2339 1242 2379 accitas
1274 2338 1315 2378 id
1352 2352 1475 2392 posse
1510 2336 1665 2386 facere3

308 2415 421 2449 suas,
449 2415 553 2454 quae
581 2401 672 2441 sinu
691 2401 840 2455 exiguo
861 2401 969 2441 intus
989 2400 1173 2441 inclusae
1193 2406 1348 2449 essent,
1375 2414 1469 2440 cum
1489 2399 1666 2440 claustra

306 2469 447 2515 portus
474 2462 603 2503 hostis
629 2462 816 2511 haberet,
844 2477 1015 2515 ecquem
1041 2463 1093 2502 ad
1118 2462 1286 2502 modum
1307 2462 1401 2502 inde
1419 2461 1462 2501 in
1480 2467 1664 2515 apertum

243 2533 281 2562 16
309 2538 418 2564 mare
445 2524 666 2565 evasuras?
716 2524 944 2573 ‘evadent3’
970 2524 1101 2577 inquit
1126 2523 1339 2564 Hannibal
1365 2522 1528 2571 ‘multa,
1561 2536 1665 2575 quae

307 2585 487 2638 inpedita
524 2593 670 2626 natura
706 2593 824 2636 sunt,
875 2587 1045 2627 consilio
1083 2586 1365 2640 expediuntur.
1444 2584 1587 2625 urbem
1622 2584 1664 2623 in

308 2660 451 2699 campo
479 2647 598 2687 sitam
623 2647 795 2689 habetis.
849 2648 996 2702 planae
1021 2654 1060 2688 et
1086 2648 1183 2688 satis
1208 2646 1314 2688 latae
1344 2647 1434 2687 viae
1458 2651 1598 2700 patent
1621 2644 1664 2683 in

244 2718 281 2747 17
310 2707 439 2747 omnis
465 2708 605 2761 partis.
665 2709 749 2758 via,
788 2723 893 2761 quae
917 2709 960 2749 in
984 2715 1148 2763 portum
1172 2723 1246 2762 per
1269 2708 1446 2748 mediam
1471 2705 1614 2747 urbem
1639 2719 1662 2744 a

261 623 277 650 *l
