1815 3184
483 260 637 295 LIBER
662 260 812 305 XXVI,
837 260 892 295 38.
911 261 965 294 39.
995 263 1043 304 [a.
1059 260 1098 295 o.
1112 261 1194 305 210]
1430 252 1511 293 307

160 362 328 412 adferri,
365 363 493 416 quod,
530 364 627 416 quia
661 370 807 404 testem
843 363 992 405 habere
1028 378 1110 404 non
1145 370 1303 418 posset,
1345 363 1512 405 liberius

157 424 328 479 fingenti
354 425 417 465 sit.
476 425 533 465 ita
556 425 651 465 inde
676 425 836 466 dimissi
862 432 967 466 sunt.
1021 439 1097 466 nec
1121 425 1299 466 Blattius
1324 432 1417 466 ante
1442 425 1514 466 ab-

158 486 260 526 stitit
284 492 421 527 tamen
451 492 535 527 tam
565 487 711 527 audaci
740 487 921 540 incepto,
960 501 1085 540 quam
1113 486 1222 527 idem
1249 486 1512 527 obtundendo

157 547 442 601 docendoque,
479 563 603 601 quam
628 562 677 589 ea
699 563 764 589 res
788 548 889 602 ipsis
914 549 1150 602 patriaeque
1176 548 1364 589 salutaris
1390 556 1510 598 esset,

157 609 345 662 pervicit,
371 616 416 650 ut
439 610 689 664 praesidium
702 609 907 650 Punicum
931 634 964 638 —
990 608 1241 665 [quingenti]
1269 617 1406 651 autem
1424 610 1512 651 Nu-

157 670 292 711 midae
317 679 433 711 erant
455 696 488 701 —
515 670 763 725 Salapiaque
794 671 1020 712 traderetur
1043 671 1256 712 Marcello.
1316 686 1392 713 nec
1423 672 1510 713 sine

158 731 283 772 caede
314 732 443 773 multa
472 733 577 773 tradi
606 733 746 786 potuit.
818 732 941 787 longe
971 732 1185 773 fortissimi
1216 733 1399 786 equitum
1424 740 1509 774 toto

157 791 315 833 Punico
347 794 527 834 exercitu
562 801 688 834 erant.
748 794 886 847 itaque
916 808 1166 847 quamquam
1202 794 1411 848 inprovisa
1444 810 1509 836 res

158 853 235 893 suit
270 869 346 896 nec
381 869 482 895 usus
515 869 712 908 equorum
742 855 785 894 in
814 854 915 895 urbe
946 862 1049 903 erat,
1087 861 1222 895 tamen
1253 856 1376 897 armis
1406 856 1512 897 inter

157 915 377 955 tumultum
414 916 541 970 captis
585 923 624 956 et
665 916 919 969 eruptionem
961 922 1262 969 temptaverunt
1304 924 1367 965 et,
1416 931 1511 958 cum

156 977 329 1017 evadere
365 977 597 1029 nequirent,
635 984 867 1030 pugnantes
904 976 956 1017 ad
994 976 1195 1017 ultumum
1231 977 1511 1018 occubuerunt

154 1051 230 1077 nec
254 1037 346 1091 plus
378 1038 675 1091 quinquaginta
705 1052 756 1077 ex
786 1037 849 1078 his
874 1037 916 1077 in
946 1044 1191 1091 potestatem
1222 1038 1402 1078 hostium
1427 1039 1511 1079 vivi

154 1104 364 1138 venerunt.
435 1099 609 1152 plusque
651 1099 860 1151 aliquanto
901 1098 1040 1138 damni
1081 1098 1183 1139 haec
1226 1099 1290 1139 ala
1326 1100 1509 1152 equitum

154 1158 307 1199 amissa
329 1159 556 1200 Hannibali
580 1174 704 1213 quam
727 1158 895 1214 Salapia
918 1159 1015 1208 fuit,
1041 1174 1117 1200 nec
1142 1160 1289 1201 deinde
1314 1175 1510 1214 umquam

152 1219 337 1270 Poenus,
369 1235 450 1274 quo
475 1221 596 1276 longe
621 1222 857 1276 plurumum
881 1221 1082 1271 valuerat,
1116 1222 1299 1276 equitatu
1325 1223 1510 1278 superior

153 1281 243 1323 fuit.

237 1343 530 1386 XXXVIIII.
590 1345 672 1387 Per
705 1347 815 1387 idem
845 1353 1008 1401 tempus
1040 1361 1134 1387 cum
1164 1346 1206 1387 in
1237 1361 1329 1388 arce
1356 1347 1510 1389 Taren-

154 1405 239 1446 tina
262 1406 332 1446 vix
356 1406 494 1460 inopia
518 1407 739 1448 tolerabilis
766 1415 894 1457 esset,
927 1423 1043 1462 spem
1071 1423 1233 1449 omnem
1259 1410 1510 1463 praesidium

153 1467 265 1520 quod
298 1467 356 1508 ibi
399 1475 483 1508 erat
519 1468 754 1510 Romanum
794 1470 1109 1524 praefectusque
1151 1472 1344 1526 praesidii
1386 1479 1508 1525 atque

153 1530 258 1570 arcis
284 1529 344 1569 M.
370 1530 519 1570 Livius
556 1531 596 1570 in
633 1532 914 1573 conmeatibus
952 1532 1003 1573 ab
1032 1532 1173 1574 Sicilia
1208 1534 1347 1575 missis
1383 1534 1508 1575 habe-

153 1589 269 1639 bant,
308 1591 378 1644 qui
403 1598 447 1631 ut
473 1598 559 1632 tuto
590 1593 995 1646 praeterveherentur
1025 1609 1138 1634 oram
1162 1595 1325 1644 Italiae,
1363 1595 1506 1636 classis

152 1652 298 1706 viginti
322 1652 451 1693 ferme
476 1654 643 1694 navium
673 1655 795 1710 Regii
826 1655 972 1695 stabat.
1032 1662 1219 1709 praeerat
1249 1657 1372 1697 classi
1396 1671 1507 1698 com-

153 1713 438 1767 meatibusque
457 1714 513 1755 D.
530 1714 767 1767 Quinctius,
794 1716 970 1757 obscuro
995 1731 1145 1770 genere
1169 1724 1299 1766 ortus,
1327 1725 1505 1759 ceterum

151 1775 290 1815 multis
315 1775 490 1817 fortibus
516 1777 636 1818 factis
662 1778 825 1818 militari
850 1777 981 1832 gloria
999 1778 1192 1819 inlustris.
1233 1779 1364 1833 primo
1389 1781 1506 1832 quin-

151 1851 230 1890 que
255 1852 400 1887 naves,
428 1853 601 1892 quarum
626 1839 829 1880 maximae
855 1840 960 1880 duae
985 1840 1169 1881 triremes
1195 1855 1219 1882 a
1243 1841 1442 1882 Marcello
1468 1843 1504 1882 ei

152 1899 323 1939 traditae
348 1908 480 1949 erant,
517 1900 677 1950 habuit3
714 1908 858 1955 postea
887 1916 974 1942 rem
998 1901 1173 1957 impigre
1199 1917 1321 1957 saepe
1345 1904 1504 1958 gerenti

151 1968 232 2002 tres
258 1962 420 2002 additae
440 1963 773 2015 quinqueremes3
799 1969 1006 2017 postremo
1025 1963 1113 2018 ipse
1133 1979 1157 2005 a
1177 1965 1297 2005 sociis
1311 1965 1504 2019 Reginis-

151 2036 230 2075 que
256 2030 343 2064 eta
367 2023 502 2064 Vellia
535 2032 573 2064 ct
604 2040 628 2065 a
651 2024 803 2065 Paesto
835 2024 992 2066 debitas
1025 2040 1075 2065 ex
1106 2025 1270 2067 foedere
1302 2027 1504 2081 exigendo

152 2083 326 2124 classem
361 2085 507 2139 viginti
542 2086 728 2135 navium,
777 2086 882 2127 sicut
918 2094 1010 2126 ante
1047 2087 1200 2127 dictum
1235 2094 1315 2134 est,
1366 2088 1502 2129 efficit.

150 2143 245 2185 huic
271 2144 322 2185 ab
336 2145 469 2199 Regio
493 2147 701 2200 profectae
727 2146 849 2187 classi
866 2146 1136 2189 Democrates
1157 2163 1250 2189 cum
1274 2150 1362 2203 pari
1382 2150 1503 2191 classi

151 2205 318 2245 navium
344 2205 657 2248 Tarentinarum
687 2223 857 2249 numero
888 2208 1123 2261 quindecim
1154 2209 1266 2250 milia
1296 2210 1425 2251 ferme
1450 2211 1502 2253 ab

150 2266 250 2307 urbe
276 2267 328 2307 ad
355 2267 637 2323 Sacriportum
662 2270 807 2311 obvius
833 2271 922 2311 fuit.
984 2272 1084 2312 velis
1115 2279 1201 2313 tum
1231 2273 1335 2314 forte
1365 2274 1502 2328 inpro-

150 2328 269 2369 vidus
296 2329 422 2370 futuri
446 2332 678 2372 certaminis
702 2332 915 2374 Romanus
941 2333 1149 2383 veniebat3
1176 2335 1248 2375 sed
1273 2335 1379 2376 circa
1400 2335 1503 2377 Cro-

149 2396 286 2430 tonem
304 2390 577 2445 Sybarimque
604 2393 867 2447 suppleverat
889 2395 1061 2449 remigio
1085 2396 1216 2445 navis,
1242 2396 1502 2438 instructam-

149 2466 229 2505 que
254 2460 292 2492 et
318 2460 516 2494 armatam
541 2455 705 2509 egregie
729 2470 803 2510 pro
828 2456 1110 2511 magnitudine
1134 2458 1301 2498 navium
1326 2459 1500 2500 classem

147 2513 338 2555 habebat.
411 2523 450 2555 et
486 2522 572 2556 tum
607 2517 712 2558 forte
749 2517 826 2559 sub
861 2518 970 2558 idem
1011 2525 1173 2573 tempus
1216 2527 1256 2560 et
1291 2520 1402 2561 venti
1437 2521 1499 2562 vis

148 2577 281 2616 omnis
320 2577 465 2618 cecidit
502 2586 541 2619 et
570 2579 709 2620 hostes
740 2579 782 2619 in
812 2588 1034 2635 conspectu
1065 2582 1197 2631 fuere,
1233 2588 1277 2623 ut
1307 2583 1360 2623 ad
1390 2597 1500 2624 com-

146 2639 336 2691 ponenda
361 2648 613 2681 armamenta
638 2642 1020 2696 expediendumque
1044 2644 1243 2699 remigem
1262 2659 1310 2685 ac
1329 2644 1498 2686 militem

147 2698 199 2739 ad
222 2699 439 2742 imminens
465 2708 669 2743 certamen
695 2703 793 2744 satis
819 2705 1013 2759 temporis
1040 2712 1160 2746 esset.

1204 2768 1272 2805 20³²

1541 440 1576 469 11

1538 685 1576 714 12

1538 931 1577 960 13

1539 1115 1576 1142 14

1538 1362 1552 1390 1

1538 1605 1556 1634 2

1532 1671 1550 1700 3

1531 1794 1551 1823 4
