1815 3184
451 263 604 297 LIBER
628 262 760 305 xxn,
786 262 839 295 29.
857 261 910 295 30.
941 263 989 304 [a.
1006 260 1043 295 C.
1059 261 1140 304 917]
1422 249 1475 290 83

202 366 445 408 XXVIIII.
507 365 617 406 Tum
651 365 806 406 Fabius
849 364 979 419 primo
1022 363 1199 405 clamore
1235 362 1473 418 paventium
1502 376 1514 403 1

118 431 276 479 audito,
310 430 403 470 dein
429 435 649 483 conspecta
674 428 816 483 procul
841 427 1004 468 turbata
1035 427 1140 475 acie,
1180 427 1254 467 ‘ita
1286 425 1378 475 est,'
1414 425 1476 465 in-

118 493 206 546 quit
239 496 338 533 ‘non
369 492 540 532 celerius
573 506 696 544 quam
727 490 844 530 timui
876 489 1090 543 deprendit
1120 489 1285 529 fortuna
1316 486 1476 528 temeri-

118 562 255 595 tatem.
310 554 441 594 Fabio
473 560 671 606 aequatus
696 552 867 606 imperio
893 551 1174 592 Hannibalem
1200 558 1239 591 et
1262 550 1411 590 virtute
1437 556 1476 589 et
1502 561 1520 590 2

119 616 283 656 fortuna
308 615 560 669 superiorem
586 615 708 654 videt.
770 614 843 655 sed
874 613 986 654 aliud
1016 613 1208 667 iurgandi
1234 625 1478 653 suscensen-

119 678 242 730 dique
264 684 424 731 tempus
445 677 537 717 erit:
564 691 673 716 nunc
694 675 812 730 signa
837 682 951 716 extra
976 675 1127 715 vallum
1154 673 1345 728 proferte.
1394 672 1479 712 vic-

120 739 264 779 toriam
289 739 397 779 hosti
424 746 760 791 extorqueamus,
793 737 1096 777 confessionem
1122 735 1267 776 erroris
1294 732 1478 775 civibus?

119 801 200 841 iam
226 816 378 855 magna
403 816 453 840 ex
478 807 591 854 parte
619 799 749 840 caesis
776 799 885 847 aliis,
919 798 1007 838 aliis
1041 795 1478 851 circumspectantibus

119 862 263 917 fugam
293 861 479 902 Fabiana
516 876 559 902 se
590 861 698 901 acies
731 869 897 914 repente
929 859 1041 899 velut
1072 859 1185 899 caelo
1217 858 1398 898 demissa
1428 857 1481 897 ad

120 924 317 964 auxilium
351 923 539 964 ostendit.
589 922 744 974 itaque,
782 921 1021 974 priusquam
1056 920 1108 960 ad
1145 920 1375 960 coniectum
1411 918 1481 958 teli

120 986 276 1025 veniret
309 992 378 1025 aut
409 999 576 1024 manum
609 989 860 1032 consereret,
898 990 937 1023 et
970 998 1065 1023 suos
1099 998 1123 1022 a
1154 982 1253 1037 fuga
1284 982 1417 1022 effusa
1442 989 1481 1020 et

106 1047 170 1087 ‘ab
197 1047 317 1087 nimis
342 1045 469 1086 feroci
493 1060 634 1099 pugna
658 1045 798 1085 hostes
819 1044 1030 1084 continuit.
1074 1043 1144 1096 qui
1167 1044 1311 1084 solutis
1332 1042 1482 1082 ordini-

119 1108 196 1148 bus
223 1122 327 1161 vage
353 1107 541 1161 dissipati
567 1113 681 1146 erant
706 1106 887 1159 undique
913 1105 1188 1160 confugerunt
1208 1105 1260 1144 ad
1280 1105 1481 1158 integram

119 1171 267 1218 aciem,
294 1169 363 1222 qui
380 1169 518 1223 plures
540 1168 662 1209 simul
682 1174 797 1223 terga
819 1168 1015 1208 dederant
1041 1167 1229 1207 conversi
1254 1166 1296 1206 in
1320 1165 1481 1205 hostem

119 1231 414 1284 volventesque
435 1230 575 1271 orbem
595 1245 704 1270 nunc
727 1230 880 1270 sensim
900 1229 1052 1269 referre
1072 1229 1232 1282 pedem,
1257 1242 1366 1268 nunc
1387 1241 1483 1267 con—

119 1292 274 1348 globati
305 1300 472 1333 restare.
523 1307 570 1333 ac
601 1293 683 1332 iam
714 1307 842 1346 prope
874 1307 955 1331 una
988 1291 1096 1331 acies
1129 1291 1239 1331 facta
1271 1296 1356 1330 erat
1387 1288 1485 1329 victi

121 1362 242 1408 atque
283 1355 432 1409 integri
476 1354 679 1394 exercitus
723 1353 1036 1406 inferebantque
1075 1353 1195 1407 signa
1230 1353 1271 1392 in
1309 1352 1482 1399 hostem,

121 1432 214 1457 curn
234 1416 401 1457 Poenus
427 1416 610 1470 receptui
637 1416 783 1456 cecinit
810 1416 944 1470 palam
972 1416 1128 1455 ferente
1149 1413 1405 1462 Hannibale,
1432 1412 1483 1453 ab

122 1494 165 1519 se
191 1478 442 1527 Minucium,
477 1493 520 1518 se
547 1478 598 1519 ab
624 1470 756 1519 Fabio
784 1478 951 1518 victum.

205 1540 270 1580 Ita
289 1555 362 1594 per
381 1540 535 1580 variam
561 1540 767 1581 fortunam
794 1541 875 1581 diei
901 1540 1054 1580 maiore
1080 1545 1195 1593 parte
1221 1545 1365 1579 exacta
1391 1552 1484 1577 cum

122 1603 163 1642 in
206 1610 339 1643 castra
381 1603 557 1642 reditum
594 1609 721 1651 esset,
759 1602 970 1643 Minucius
1008 1601 1244 1642 convocatis
1287 1599 1484 1640 militibus

124 1669 267 1717 ‘saepe
304 1664 398 1718 ego'
440 1664 571 1717 inquit
614 1664 790 1712 ‘audivi,
834 1664 1001 1713 milites,
1047 1678 1140 1703 cum
1177 1663 1354 1716 primum
1392 1675 1483 1701 esse

123 1727 273 1775 virum,
307 1727 377 1779 qui
401 1727 488 1780 ipse
515 1727 702 1767 consulat
727 1727 827 1780 quid
850 1727 892 1766 in
916 1741 1003 1768 rem
1030 1727 1100 1775 sit,
1139 1726 1365 1766 seeundum
1392 1739 1486 1764 eum

123 1788 193 1841 qui
230 1788 332 1829 bene
368 1788 551 1828 monenti
588 1788 798 1837 oboediat,
836 1788 906 1841 qui
937 1803 1011 1828 nec
1042 1788 1130 1841 ipse
1164 1786 1374 1828 consulere
1410 1801 1487 1826 nec

124 1850 239 1891 alteri
262 1865 404 1904 parere
431 1851 550 1899 sciat,
585 1865 679 1891 eum
705 1851 876 1891 extremi
902 1851 1056 1905 ingenii
1083 1864 1188 1890 esse.
1237 1848 1358 1889 nobis
1384 1862 1485 1901 quo-

123 1913 232 1952 niam
258 1913 389 1966 prima
414 1912 538 1952 animi
569 1912 805 1967 ingeniique
838 1923 988 1967 negata
1020 1927 1108 1953 sors
1140 1918 1221 1960 est,
1263 1911 1485 1952 secundam

124 1989 171 2015 ac
197 1975 373 2014 mediam
399 1981 611 2015 teneamus
638 1981 695 2023 et,
729 1976 827 2015 dum
858 1975 1059 2029 imperare
1090 1974 1306 2021 discimus,
1345 1986 1485 2025 parere

124 2036 313 2090 prudenti
337 2036 379 2075 in
404 2036 586 2076 animum
611 2036 868 2077 inducamus.
911 2044 1045 2076 castra
1071 2050 1164 2076 cum
1183 2034 1315 2074 Fabio
1341 2033 1486 2086 iunga-

126 2112 237 2146 mus3
275 2097 327 2136 ad
356 2098 603 2150 praetorium
637 2098 724 2138 eius
758 2098 878 2153 signa
910 2112 1003 2138 cum
1036 2097 1269 2144 tulerimus,
1308 2094 1378 2135 ubi
1409 2108 1487 2148 ego

127 2174 219 2200 eum
250 2166 461 2212 parentem
492 2160 773 2213 appellavero,
807 2160 918 2213 quod
943 2159 1142 2199 beneficio
1168 2158 1255 2198 eius
1282 2171 1380 2211 erga
1410 2171 1485 2196 nos

126 2236 173 2262 ac
198 2221 410 2261 maiestate
436 2221 522 2262 eius
549 2222 720 2276 dignum
748 2228 828 2270 cst,
860 2236 953 2270 vos,
987 2221 1156 2268 milites,
1190 2234 1279 2267 eos,
1312 2233 1485 2271 quorum

127 2298 200 2323 vos
226 2283 349 2322 modo
375 2298 505 2332 arma,
544 2284 735 2324 dexterae
767 2289 973 2329 texerunt,
1011 2288 1207 2336 patronos
1241 2279 1484 2329 salutabitis,

128 2352 184 2393 et,
213 2344 246 2384 si
267 2344 366 2383 nihil
385 2344 514 2393 aliud,
541 2352 750 2398 gratorum
778 2351 885 2384 certe
912 2343 1031 2385 nobis
1057 2343 1287 2384 animorum
1313 2341 1485 2396 gloriam

128 2406 214 2446 dies
240 2406 307 2446 hic
333 2406 515 2446 dederit?

211 2467 367 2508 XXX.
425 2467 555 2523 Signo
581 2469 676 2509 dato
708 2468 987 2509 conclamatur
1016 2466 1128 2515 inde,
1167 2473 1212 2506 ut
1243 2465 1487 2520 colligantur

129 2540 239 2565 vasa.
288 2524 461 2578 profecti
486 2533 526 2564 et
550 2525 713 2579 agmine
738 2525 973 2565 incedentes
1002 2522 1092 2578 [ad]
1120 2522 1328 2563 dictatoris
1355 2529 1488 2562 castra

127 2587 169 2626 in
201 2587 511 2627 admirationem
544 2594 583 2628 et
613 2587 750 2641 ipsum
783 2593 824 2627 et
855 2595 998 2626 omnes
1024 2585 1093 2638 qui
1120 2584 1227 2625 circa
1252 2590 1366 2624 erant
1391 2598 1489 2624 con-

128 2655 348 2688 verterunt.
403 2656 447 2689 ut
483 2649 704 2690 constituta
741 2655 835 2690 sunt
872 2655 964 2688 ante
1001 2647 1178 2688 tribunal
1215 2646 1351 2701 signa,
1394 2661 1489 2700 pro-

128 2725 294 2765 gressus
321 2717 413 2751 ante
439 2711 540 2752 alios
568 2711 764 2766 magister
789 2710 991 2763 equitum,
1018 2724 1111 2749 cum
1132 2714 1289 2763 patrem
1309 2707 1488 2748 Fabium

1214 2774 1259 2807 6*

1509 1426 1526 1453 (5

1513 2045 1554 2074 10

1514 2231 1550 2260 11

1514 2660 1532 2688 2
