1815 3184
479 240 633 275 LIBER
656 239 840 283 XXVIII,
864 238 920 272 40.
941 238 995 271 41.
1024 240 1071 281 [a.
1086 235 1124 271 c.
1137 236 1218 280 205]
1441 228 1524 268 429

174 345 462 400 pigritiamque
497 343 684 383 homines
720 341 1004 382 adulescentes
1037 354 1135 381 sane
1166 339 1387 394 appellent,
1427 340 1524 380 dum

174 423 225 448 nc
267 407 473 462 paeniteat
515 405 648 446 adhuc
690 405 861 445 aliorum
906 402 1154 457 speciosiora
1190 401 1320 456 primo
1358 412 1526 456 aspectu

175 469 345 509 consilia
370 482 532 521 semper
550 467 656 515 visa,
684 481 775 506 mea
799 480 880 505 usu
904 465 1089 512 meliora3
1116 463 1298 512 alterius,
1326 462 1527 503 obtrecta-

175 531 296 570 tionis
323 539 443 582 atque
468 528 648 568 invidiae
671 528 869 568 adversus
896 532 1147 566 crescentem
1172 525 1213 564 in
1238 525 1323 565 dies
1355 524 1527 579 gloriam

174 592 388 632 fortissimi
425 590 618 631 consulis.
679 605 703 629 a
739 604 819 641 qua
857 587 1088 641 suspicione
1121 587 1155 627 si
1186 601 1251 626 me
1281 600 1414 639 neque
1444 585 1527 625 vita

176 662 267 694 acta
297 660 336 693 et
366 667 500 692 mores
531 651 612 691 mei
636 665 768 703 neque
793 650 993 690 dictatura
1018 663 1111 689 cum
1136 648 1315 701 quinque
1341 647 1527 687 consula-

175 715 283 755 tibus
311 721 549 766 tantumque
574 713 727 767 gloriae
753 712 849 753 belli
875 712 1066 764 domique
1091 718 1230 765 partae
1255 711 1451 758 vindicat,
1483 717 1527 750 ut

175 776 342 830 propius
375 775 585 815 fastidium
615 774 701 815 eius
735 774 810 813 sim
844 788 967 825 quam
999 772 1267 820 desiderium,
1306 779 1417 812 aetas
1449 771 1528 812 sal-

176 846 258 878 tem
288 838 443 878 liberet.
505 851 608 889 quae
640 836 748 876 enim
779 835 879 875 mihi
904 834 1121 875 aemulatio
1147 848 1240 874 cum
1267 848 1314 874 eo
1341 848 1431 874 esse
1455 847 1529 886 po-

177 906 273 948 test,
301 900 370 952 qui
395 914 444 939 ne
470 898 552 938 filio
579 897 744 950 quidem
770 911 860 936 meo
886 896 1068 948 aequalis
1096 895 1173 936 sit?
1202 910 1267 935 me
1288 895 1527 936 dictatorem

177 976 271 1001 cum
296 961 478 1015 vigerem
503 959 637 1000 adhuc
662 958 816 998 viribus
843 964 882 997 et
900 958 942 997 in
962 972 1084 997 cursu
1103 957 1374 997 maximarum
1393 971 1529 996 rerum

177 1037 329 1071 essem,
356 1027 614 1062 recusantem
639 1034 758 1059 nemo
784 1025 854 1059 aut
877 1019 919 1058 in
945 1025 1089 1058 senatu
1114 1025 1183 1058 aut
1209 1026 1306 1071 aput
1330 1018 1527 1071 populum

176 1084 350 1132 audivit,
377 1098 456 1136 quo
482 1083 616 1122 minus
641 1081 858 1121 insectanti
883 1095 947 1120 me
973 1080 1170 1134 magistro
1190 1080 1392 1132 equitum,
1419 1080 1529 1132 quod

175 1145 300 1185 fando
341 1158 565 1196 numquam
603 1149 696 1182 ante
732 1142 916 1181 auditum
960 1148 1062 1189 erat,
1110 1141 1327 1194 imperium
1368 1155 1528 1180 mecum

175 1212 418 1258 aequaretur
441 1212 474 1233 —'
504 1204 627 1244 rebus
663 1218 786 1256 quam
823 1202 959 1243 verbis
996 1202 1168 1255 adsequi
1203 1202 1345 1251 malui,
1384 1209 1428 1241 ut
1459 1202 1529 1254 qui

176 1268 345 1308 aliorum
365 1266 515 1306 iudicio
535 1265 634 1305 mihi
655 1272 915 1319 comparatus
937 1271 1033 1313 erat,
1062 1279 1136 1305 sua
1155 1278 1251 1304 mox
1271 1263 1529 1304 confessione

175 1343 241 1368 me
278 1328 355 1368 sibi
390 1327 614 1382 praeferret
638 1343 688 1367 —:
726 1326 876 1367 nedum
914 1340 991 1380 ego
1027 1325 1268 1379 perfunctus
1305 1324 1528 1365 honoribus

177 1389 397 1430 certamina
428 1389 527 1428 mihi
558 1395 681 1441 atque
712 1388 1026 1428 aemulationem
1052 1402 1145 1428 cum
1171 1387 1432 1427 adulescente
1458 1386 1530 1426 flo-

177 1451 408 1491 rentissimo
444 1464 689 1504 proponam,
715 1474 772 1478 ——
800 1449 991 1490 videlicet
1020 1456 1065 1489 ut.
1095 1449 1195 1488 mihi
1225 1448 1307 1488 iam
1338 1448 1527 1496 vivendo,

177 1528 259 1553 non
296 1512 429 1552 solum
464 1512 586 1552 rebus
623 1512 814 1566 gerendis
852 1511 982 1560 fesso,
1023 1512 1057 1552 si
1086 1511 1181 1551 huic
1212 1517 1361 1565 negata
1391 1510 1525 1558 fuerit,

178 1575 323 1615 Africa
352 1575 562 1629 provincia
591 1574 843 1614 decernatur.
904 1588 997 1614 cum
1029 1588 1077 1614 ea
1101 1573 1248 1627 gloria,
1282 1587 1386 1625 quae
1411 1580 1528 1626 parta

179 1644 257 1685 est,
296 1636 515 1676 vivendum
546 1643 667 1689 atque
700 1635 956 1676 moriendum
987 1642 1061 1675 est.
1122 1635 1284 1675 vincere
1322 1649 1398 1688 ego
1435 1649 1529 1688 pro-

179 1698 293 1739 hibui
312 1698 608 1746 Hannibalem,
635 1704 679 1738 ut
704 1712 728 1737 a
752 1697 889 1746 vobis,
916 1711 1088 1750 quorum
1109 1697 1248 1751 vigent
1274 1711 1383 1736 nunc
1407 1696 1526 1744 vires,

180 1762 301 1801 ctiam
327 1761 433 1800 vinci
458 1768 611 1814 posset.

262 1822 490 1862 XXXXI.
527 1823 636 1862 Illud
656 1829 694 1863 te
714 1823 813 1863 :nihi
832 1823 1058 1877 ignoscere,
1079 1822 1127 1862 P.
1152 1820 1329 1869 Corneli,
1352 1835 1527 1874 aequum

179 1885 270 1933 crit,
299 1885 351 1933 si,
379 1899 470 1925 cum
496 1885 536 1923 in
563 1899 625 1924 me
646 1885 735 1938 ipso
755 1899 979 1937 numquam
998 1884 1124 1938 pluris
1144 1883 1297 1924 famam
1317 1883 1528 1923 hominum

179 1961 302 1998 quam
338 1961 422 1985 rem
459 1946 666 2000 publicam
696 1946 882 1995 fecerim,
920 1961 970 1985 ne
1007 1953 1119 1985 tuam
1155 1945 1320 1998 quidem
1356 1944 1528 1998 gloriam

179 2007 285 2047 bono
316 2007 480 2061 publico
506 2022 775 2061 praeponam,
809 2022 1076 2060 quamquam,
1110 2007 1144 2047 si
1169 2012 1238 2046 aut
1262 2006 1414 2046 bellum
1440 2005 1529 2045 nul-

179 2069 264 2108 lum
283 2070 324 2108 in
338 2069 455 2109 Italia
477 2077 543 2109 aut
570 2070 605 2109 is
631 2070 760 2110 hostis
788 2079 913 2118 esset,
940 2084 991 2109 ex
1016 2083 1096 2121 quo
1122 2069 1227 2108 victo
1252 2067 1352 2107 nihil
1376 2067 1529 2121 gloriae

180 2142 452 2182 quaereretur,
479 2131 549 2183 qui
575 2139 613 2171 te
633 2132 675 2171 in
695 2131 814 2172 Italia
833 2131 1038 2179 retineret,
1066 2130 1141 2170 etsi
1165 2130 1207 2169 id
1231 2129 1340 2169 bono
1365 2128 1529 2182 publico

180 2194 350 2240 faceret,
384 2193 504 2232 simul
530 2207 623 2233 cum
648 2193 754 2234 bello
781 2193 991 2233 materiam
1023 2192 1176 2247 gloriae
1207 2197 1300 2230 tuae
1332 2191 1414 2230 isse
1444 2205 1530 2230 cre-

179 2266 294 2308 ptum
326 2254 454 2294 videri
484 2262 638 2308 posset.
699 2270 792 2295 cum
823 2270 918 2295 vero
944 2253 1155 2294 Hannibal
1180 2253 1309 2293 hostis
1336 2252 1530 2292 incolumi

181 2315 360 2355 exercitu
392 2322 581 2368 quartum
607 2317 810 2357 decimum
836 2331 988 2356 annum
1012 2315 1175 2355 Italiam
1200 2314 1403 2362 obsideat,
1433 2328 1530 2367 pae-

180 2376 323 2417 nitebit
353 2383 410 2425 tc,
443 2377 489 2417 P.
518 2376 703 2426 Corneli,
735 2378 888 2432 gloriae
914 2384 1025 2426 tuae,
1059 2377 1093 2417 si
1116 2376 1278 2416 hostem
1310 2390 1421 2424 eum,
1459 2375 1530 2428 qui

181 2445 239 2479 tot
264 2438 472 2487 funerum,
506 2446 563 2480 tot
588 2440 764 2480 cladium
788 2439 906 2480 nobis
933 2453 1058 2479 causa
1081 2438 1177 2486 fuit,
1210 2444 1254 2477 tu
1279 2436 1422 2477 consul
1445 2437 1530 2477 Ita-

179 2500 233 2540 lia
264 2500 467 2554 expuleris
500 2507 556 2549 et,
596 2501 700 2541 sicut
731 2515 855 2555 penes
889 2500 937 2541 C.
964 2500 1179 2540 Lutatium
1210 2499 1355 2553 prioris
1381 2498 1529 2539 Punici

1552 476 1571 504 8

1554 598 1570 627 9

1557 907 1596 935 10

1558 1215 1592 1242 11

1558 1462 1595 1489 13

1558 1648 1596 1676 14

1555 2019 1572 2047 Ιὺ

179 2562 397 2616 perpetrati
421 2562 518 2603 belli
543 2563 684 2602 titulus
710 2563 805 2611 fuit,
832 2563 885 2602 ita
911 2577 1037 2616 penes
1063 2569 1101 2602 te
1126 2561 1246 2601 huius
1268 2560 1414 2601 fuerit?
1449 2560 1528 2601 nisi
1552 2573 1573 2602 4

179 2630 246 2663 aut
277 2623 490 2664 Hamilcar
520 2624 747 2665 Hannibali
783 2624 867 2664 dux
903 2630 964 2664 est
998 2623 1297 2677 praeferundus
1328 2629 1398 2663 aut
1427 2622 1527 2662 illud

177 2685 328 2726 bellum
360 2686 455 2726 huie
485 2693 554 2727 aut
584 2687 752 2727 victoria
782 2686 851 2726 illa
876 2686 1004 2727 maior
1029 2686 1253 2739 clariorque
1279 2700 1402 2738 quam
1427 2684 1528 2725 haec
