1815 3184
285 229 368 269 220
640 234 794 268 LIBER
819 234 944 278 XXV,
971 235 1001 267 6.
1029 236 1077 278 [a.
1092 247 1127 268 u.
1147 245 1175 267 e.
1191 234 1271 275 542]

282 354 379 394 gam
415 353 438 378 a
471 337 626 377 Cannis
663 350 736 390 per
772 351 912 377 omnes
949 351 1078 377 annos
1109 342 1372 390 prorogatum
1403 338 1630 393 imperium,

238 413 257 443 8
283 407 438 441 ceteros
459 399 556 438 item
576 412 627 438 ex
645 398 827 451 reliquiis
848 398 974 439 cladis
995 399 1100 447 eius,
1127 412 1230 451 quos
1249 398 1434 440 tribunos
1459 401 1631 443 militum

280 461 518 509 habuimus,
543 460 719 500 honores
745 466 883 514 petere
908 467 948 501 et
972 475 1113 515 gerere
1139 468 1179 501 et
1202 461 1432 515 provincias
1452 461 1632 504 obtinere

236 536 254 566 9
280 523 523 569 audivimus.
585 538 637 562 an
673 521 789 562 vobis
825 523 1053 575 vestrisque
1089 522 1226 563 liberis
1257 523 1469 578 ignoscitis
1500 524 1632 573 facile,

279 591 415 638 patres
449 584 686 638 conscripti,
730 584 772 623 in
802 583 904 624 haec
934 584 1030 624 vilia
1060 584 1193 638 capita
1225 585 1380 625 saevire
1407 583 1570 640 [libe]t?
1596 594 1633 626 et

279 645 434 687 consuli
459 645 787 700 primoribusque
813 645 902 685 aliis
929 645 1103 686 civitatis
1130 646 1286 700 fugere,
1315 661 1406 686 cum
1434 661 1528 700 spes
1554 646 1633 687 alia

279 707 390 748 nulla
426 715 551 755 esset,
591 714 707 761 turpe
743 722 825 747 non
861 708 956 756 fuit,
994 708 1142 749 milites
1174 709 1314 761 utique
1346 708 1562 749 morituros
1593 709 1635 748 in

215 784 255 814 10
280 770 409 810 aciem
439 769 634 809 misistis?
681 769 733 809 ad
763 768 917 809 Alliam
954 784 1080 823 prope
1111 770 1242 810 omnis
1275 771 1477 811 exercitus
1514 770 1632 825 sugit,

279 832 331 871 ad
354 831 554 872 Furculas
572 830 780 871 Caudinas
805 846 856 871 ne
883 838 1074 885 expertus
1101 832 1267 885 quidem
1292 839 1498 872 certamen
1523 847 1635 872 arma

279 893 443 933 tradidit
479 893 604 941 hosti,
642 900 686 932 ut
723 893 822 933 alias
859 894 1074 947 pudendas
1112 893 1249 934 clades
1287 894 1538 934 exercituum
1576 901 1635 934 ta-

213 971 251 999 11
279 970 412 995 ccam:
439 962 575 995 tamen
600 964 758 995 tantum
784 955 886 995 afuit
911 955 962 995 ab
989 970 1055 1004 eo,
1081 962 1126 995 ut
1150 956 1232 996 ulla
1256 956 1481 1010 ignominia
1504 958 1539 996 is
1565 970 1636 996 ex-

278 1017 470 1057 ercitibus
501 1024 780 1070 quaereretur,
819 1024 863 1056 ut
894 1024 932 1057 et
963 1017 1060 1058 urbs
1086 1017 1219 1058 Roma
1249 1032 1322 1072 per
1352 1033 1445 1059 eum
1482 1018 1634 1058 exerci-

212 1093 251 1122 12
278 1085 382 1127 tum,
421 1078 489 1130 qui
526 1078 576 1118 ab
614 1078 726 1118 Allia
762 1078 889 1119 Veios
928 1079 1222 1134 transfugerat,
1265 1079 1559 1133 reciperaretur
1594 1086 1633 1119 et

279 1139 491 1181 Caudinae
517 1140 718 1194 legiones,
745 1155 849 1192 quae
876 1140 963 1180 sine
989 1141 1112 1181 armis
1138 1141 1341 1181 redierant
1354 1141 1543 1189 Romam,
1571 1156 1633 1181 ar-

276 1209 410 1242 matae
446 1202 641 1242 remissae
677 1202 718 1241 in
746 1200 962 1242 Samnium
997 1203 1172 1243 eundem
1208 1203 1323 1242 illum
1358 1202 1519 1243 hostem
1556 1202 1631 1243 sub

276 1263 420 1317 iugum
456 1263 658 1311 miserint,
697 1263 767 1316 qui
802 1263 879 1303 hac
917 1279 990 1304 sua
1026 1264 1252 1318 ignominia
1282 1264 1454 1305 laetatus
1486 1264 1630 1304 fuerat.

211 1341 250 1370 13
279 1324 540 1366 Cannensem
577 1340 673 1365 vero
705 1325 922 1378 quisquam
954 1326 1177 1366 exereitum
1208 1326 1332 1379 fugae
1364 1333 1431 1365 aut
1467 1325 1631 1379 pavoris

276 1387 511 1427 insimulare
537 1394 689 1441 potest,
728 1386 799 1427 ubi
828 1387 919 1440 plus
951 1388 1249 1440 quinquaginta
1280 1387 1391 1426 milia
1420 1386 1633 1426 hominum

276 1449 526 1497 ceciderunt,
563 1449 671 1488 unde
697 1448 839 1488 consul
866 1463 958 1488 eum
991 1448 1195 1500 equitibus
1223 1447 1483 1502 septuaginta
1513 1447 1630 1502 fugit,

275 1510 383 1550 unde
408 1525 527 1549 nemo
554 1516 739 1563 superest
764 1509 842 1549 nisi
867 1524 990 1561 quem
1015 1509 1143 1549 hostis
1171 1509 1378 1549 caedendo
1410 1509 1545 1549 sessus
1571 1524 1633 1549 re-

211 1589 251 1617 14
274 1571 416 1624 liquit?
463 1586 556 1611 cum
583 1571 752 1624 captivis
783 1571 1010 1624 redemptio
1036 1570 1280 1625 negabatur,
1312 1586 1385 1611 nos
1411 1571 1534 1626 vulgo
1559 1571 1633 1612 ho-

275 1634 403 1673 mines
441 1632 680 1681 laudabant,
719 1633 829 1685 quod
863 1633 922 1673 rei
951 1632 1140 1686 publicae
1176 1648 1251 1673 nos
1288 1647 1630 1682 reservassemus,

275 1695 384 1748 quod
409 1695 461 1735 ad
487 1695 700 1735 consulem
726 1694 952 1736 Venusiam
978 1695 1228 1736 redissemus
1262 1704 1300 1736 et
1332 1696 1511 1750 speciem
1535 1696 1632 1736 iusti

210 1774 248 1803 15
275 1758 476 1798 exercitus
515 1757 777 1798 fecissemus:
826 1773 935 1798 nune
972 1758 1170 1799 deteriore
1209 1759 1446 1799 condicione
1489 1773 1630 1799 sumus

274 1835 398 1873 quam
435 1827 532 1874 aput
568 1831 703 1874 patres
741 1833 901 1861 nostros
938 1820 1100 1861 fuerant
1137 1821 1298 1875 captivi.
1365 1821 1515 1874 quippe
1552 1821 1630 1861 illis

273 1898 386 1923 arma
416 1890 573 1922 tantum
605 1890 727 1935 atque
758 1883 857 1923 ordo
888 1883 1089 1923 militandi
1119 1883 1333 1936 locusque,
1370 1883 1413 1922 in
1437 1897 1518 1935 quo
1543 1888 1631 1922 ten-

273 1944 413 1984 derent
438 1944 480 1984 in
505 1944 667 1993 castris,
707 1952 767 1985 est
793 1951 992 1993 mutatus,
1032 1959 1136 1997 quae
1162 1951 1299 1985 tamen
1325 1944 1451 1985 semel
1482 1951 1631 1984 navata

209 2022 246 2051 16
273 2006 330 2046 rei
354 2006 542 2060 publicae
569 2022 691 2060 opera
711 2014 750 2047 et
769 2022 850 2047 uno
870 2006 981 2047 felici
999 2007 1153 2060 proelio
1174 2013 1483 2061 recuperarunt:
1509 2020 1630 2046 nemo

274 2083 413 2108 eorum
450 2068 654 2123 relegatus
692 2069 733 2108 in
770 2069 937 2109 exilium
974 2076 1052 2117 est,
1102 2069 1255 2108 nemini
1292 2083 1385 2122 spes
1423 2067 1630 2108 emerendi

273 2130 474 2184 stipendia
499 2131 709 2184 adempta,
735 2129 865 2171 hostis
892 2130 1067 2183 denique
1093 2138 1155 2171 est
1180 2131 1318 2179 datus,
1346 2145 1439 2170 cum
1465 2144 1545 2183 quo
1571 2129 1631 2169 di-

207 2208 244 2235 17
272 2193 468 2232 micantes
495 2200 564 2232 aut
590 2193 714 2232 vitam
741 2192 867 2233 semel
893 2200 961 2232 aut
986 2192 1254 2247 ignominiam
1274 2192 1452 2240 finirent3
1468 2217 1521 2220 —
1539 2205 1629 2239 nos,
1684 2238 1687 2240 ¹

272 2254 439 2307 quibus,
466 2254 546 2294 nisi
570 2254 681 2307 quod
706 2254 1007 2302 commisimus,
1034 2261 1077 2294 ut
1103 2255 1320 2307 quisquam
1348 2268 1399 2294 ex
1420 2252 1631 2294 Cannensi

272 2317 357 2356 acie
393 2316 510 2357 miles
541 2316 754 2357 Romanus
793 2323 1044 2370 superesset,
1083 2317 1183 2356 nihil
1220 2316 1327 2357 obici
1356 2322 1510 2370 potest,
1547 2329 1629 2355 non

273 2378 405 2418 solum
430 2394 453 2418 a
477 2379 608 2432 patria
633 2378 775 2432 procul
799 2378 1019 2431 Italiaque,
1059 2379 1131 2418 sed
1162 2378 1213 2419 ab
1239 2378 1357 2419 hoste
1383 2378 1507 2418 etiam
1529 2376 1631 2417 rele-

208 2452 247 2482 ιδ
273 2441 357 2494 gati
388 2455 549 2489 sumus,
587 2440 658 2480 ubi
690 2455 952 2481 senescamus
984 2440 1026 2479 in
1057 2440 1197 2489 exilio,
1234 2455 1284 2480 ne
1316 2454 1397 2492 qua
1428 2453 1542 2493 spes,
1580 2452 1630 2478 ne

272 2516 353 2554 qua
383 2502 544 2542 occasio
575 2502 801 2543 abolendae
832 2502 1100 2557 ignominiae,
1139 2517 1189 2542 ne
1220 2516 1301 2555 qua
1325 2501 1550 2555 placandae
1576 2500 1630 2540 ci-

209 2576 246 2605 19
273 2563 385 2603 vium
409 2564 511 2612 irae,
537 2579 588 2604 ne
613 2579 695 2617 qua
720 2564 895 2617 denique
921 2564 1024 2605 bene
1045 2564 1243 2604 moriendi
1263 2563 1325 2604 sit.
1363 2577 1496 2615 neque
1514 2562 1630 2616 igno-

273 2625 421 2666 miniae
456 2626 579 2666 finem
615 2641 691 2667 nec
726 2626 887 2666 virtutis
917 2626 1144 2680 praemium
1175 2626 1371 2680 petimus:
1409 2624 1531 2664 modo
1560 2637 1629 2661 ex-

274 2687 395 2739 periri
431 2687 613 2727 animum
650 2694 688 2728 et
725 2688 918 2728 virtutem
955 2702 1144 2728 exercere
1179 2687 1314 2727 liceat.
1371 2685 1553 2725 laborem
1589 2688 1628 2722 et
