1815 3184
285 201 360 256 24'
588 221 741 255 LIBER
766 220 875 263 XXI,
903 219 1059 252 28-30.
1089 218 1329 261 [a.u.e.536]

220 341 258 370 12
285 326 472 366 excidere
499 325 621 364 etiam
647 322 875 363 saevientes
901 321 1068 374 quidam
1093 320 1135 359 in
1160 320 1329 368 flumen,
1363 320 1435 360 sed
1458 320 1637 373 pondere

282 388 372 441 ipso
405 386 572 427 stabiles
605 384 774 425 deiectis
806 382 1032 423 rectoribus
1063 381 1306 435 quaerendis
1343 381 1636 436 pedetemptim

283 449 398 489 vadis
425 448 466 488 in
492 454 640 487 terram
667 459 846 486 evasere.

240 525 255 553 1
366 508 611 550 XXVIIII.
648 508 765 547 Dum
791 506 995 560 elephanti
1020 505 1271 553 traiciuntur,
1298 504 1460 545 interim
1478 504 1639 545 Hanni-

282 571 349 612 bal
363 571 563 611 Numidas
584 569 742 622 equites
763 569 1009 622 quingentos
1031 567 1083 607 ad
1109 574 1242 607 castra
1260 566 1449 607 Romana
1473 566 1640 606 miserat

284 632 557 687 speculatum,
584 631 654 671 ubi
680 641 719 671 et
744 639 921 683 quantae
941 629 1082 683 copiae
1103 635 1240 669 essent
1260 635 1298 668 et
1318 628 1416 681 quid
1436 635 1637 681 pararent.

283 695 376 735 huie
413 694 501 734 alae
537 693 721 746 equitum
756 692 892 740 missi,
930 698 974 731 ut
1009 698 1102 731 ante
1139 691 1294 731 dietum
1330 697 1410 739 est,
1448 690 1498 730 ab
1536 689 1640 730 ostio

282 757 475 797 Rhodani
500 755 669 796 trecenti
689 755 970 795 Romanorum
997 753 1154 806 equites
1175 759 1403 793 occurrunt.
1440 751 1640 806 proelium

238 832 255 859 3
284 819 461 859 atrocius
487 832 611 870 quam
637 832 709 871 pro
735 831 906 856 numero
930 815 1202 869 pugnantium
1229 815 1372 855 editur.
1411 829 1506 854 nam
1525 828 1638 867 prae-

283 891 343 921 ter
373 880 502 920 multa
532 879 702 919 vulnera
732 879 878 919 caedes
912 878 1034 918 etiam
1064 891 1190 931 prope
1222 891 1296 930 par
1321 876 1525 928 utrimque
1552 875 1640 923 suit,

283 944 465 997 fugaque
509 951 549 982 et
590 957 719 995 pavor
753 941 1025 981 Numidarum
1062 939 1259 979 Romanis
1302 939 1383 979 iam
1420 938 1642 978 admodum

283 1005 405 1045 fessis
432 1004 645 1044 victoriam
672 1003 795 1043 dedit.
840 1002 1014 1042 victores
1041 1001 1093 1041 ad
1119 1011 1283 1041 centum
1310 1000 1540 1054 sexaginta,
1566 1013 1642 1039 nec

284 1082 425 1108 omnes
452 1066 648 1114 Romani,
676 1066 750 1106 sed
774 1080 868 1118 pars
896 1063 1128 1112 Gallorum,
1156 1063 1253 1103 victi
1277 1062 1451 1116 amplius
1478 1061 1642 1101 ducenti

240 1146 259 1174 4
285 1130 530 1171 ceciderunt.
579 1127 657 1168 hoc
688 1126 933 1181 principium
966 1125 1087 1165 simul
1113 1139 1315 1177 omenque
1340 1124 1436 1164 belli
1460 1132 1506 1164 ut
1531 1138 1642 1163 sum-

283 1207 374 1233 mae
399 1206 535 1232 rerum
559 1204 801 1244 prosperum
827 1197 1038 1235 eventum,
1065 1187 1121 1227 ita
1141 1187 1252 1226 haud
1271 1200 1369 1226 sane
1387 1186 1641 1225 incruentam

284 1253 555 1307 ancipitisque
581 1250 813 1292 certaminis
840 1250 1049 1290 victoriam
1075 1248 1273 1289 Romanis
1298 1247 1516 1302 portendit.

242 1331 260 1360 5
371 1315 433 1356 Ut
457 1329 499 1354 re
525 1314 581 1354 ita
606 1322 724 1368 gesta
750 1313 802 1353 ad
826 1322 1043 1364 utrumque
1064 1311 1211 1351 ducem
1231 1311 1294 1351 sui
1313 1310 1538 1357 redierunt,
1564 1323 1642 1348 nec

287 1376 473 1431 Scipioni
499 1383 606 1415 stare
633 1374 833 1415 sententia
858 1382 1034 1428 poterat,
1067 1372 1146 1412 nisi
1170 1380 1217 1411 ut
1241 1386 1291 1412 ex
1317 1371 1496 1411 consiliis
1523 1385 1643 1424 coep-

243 1454 260 1483 ss
288 1440 419 1492 risque
446 1437 575 1478 hostis
603 1444 642 1476 et
666 1437 759 1490 ipse
793 1443 962 1476 conatus
996 1442 1176 1488 caperet,
1215 1441 1253 1474 et
1279 1432 1558 1473 Hannibalem
1583 1431 1644 1471 in-

286 1509 460 1547 certum,
489 1509 624 1539 utrum
650 1507 841 1553 coeptum
865 1497 907 1537 in
932 1497 1094 1537 Italiam
1119 1496 1349 1536 intenderet
1372 1495 1448 1535 iter
1473 1509 1523 1534 an
1550 1508 1643 1534 cum

285 1578 350 1611 eo,
389 1561 458 1614 qui
489 1561 645 1614 primus
679 1575 722 1600 se
755 1559 970 1600 obtulisset
996 1558 1208 1598 Romanus
1241 1556 1463 1604 exercitus,
1497 1570 1642 1595 manus

285 1632 536 1671 consereret,
570 1622 716 1663 avertit
741 1637 763 1662 a
789 1620 995 1675 praesenti
1020 1619 1240 1660 certamine
1265 1618 1463 1658 Boiorum
1487 1617 1644 1671 legato-

284 1700 376 1726 rum
407 1685 620 1740 regulique
652 1684 811 1738 Magali
842 1683 1062 1731 adventus,
1101 1682 1171 1734 qui
1203 1696 1245 1721 se
1277 1681 1402 1721 duces
1439 1679 1642 1727 itinerum,

287 1748 420 1789 socios
464 1747 633 1801 periculi
675 1746 761 1786 fore
799 1745 1061 1785 adfirmantes
1099 1744 1257 1798 integro
1296 1741 1404 1783 bello
1439 1756 1643 1794 nusquam

287 1818 379 1850 ante
405 1809 540 1849 libatis
567 1808 722 1848 viribus
750 1807 909 1847 Italiam
935 1806 1255 1860 adgrediendam
1281 1810 1459 1845 censent.
1508 1803 1645 1843 multi-

287 1872 385 1912 tudo
412 1870 580 1911 timebat
606 1870 773 1922 quidem
799 1869 960 1909 hostem
985 1867 1164 1907 nondum
1192 1866 1422 1907 oblitterata
1447 1865 1644 1905 memoria

288 1933 508 1988 superioris
534 1931 649 1980 belli,
686 1932 758 1971 sed
784 1931 915 1984 magis
941 1930 1017 1969 iter
1041 1929 1272 1969 inmensum
1299 1927 1530 1981 Alpesque,
1558 1942 1645 1967 rem

288 1998 398 2036 sama
424 1995 562 2046 utique
588 1993 809 2047 inexpertis
836 1991 1101 2039 horrendam,
1129 1989 1348 2030 metuebat.

248 2074 258 2102 1
373 2056 528 2097 XXX.
567 2056 712 2109 Itaque
726 2054 949 2102 Hannibal,
977 2060 1195 2107 postquam
1215 2052 1294 2105 ipsi
1315 2050 1515 2091 sententia
1534 2050 1644 2090 stetit

291 2133 460 2173 pergere
490 2118 547 2158 ire
574 2126 694 2170 atque
720 2116 881 2156 Italiam
908 2124 1064 2169 petere,
1097 2114 1296 2154 advocata
1321 2111 1508 2152 contione
1534 2112 1644 2151 varie

291 2181 463 2221 militum
490 2186 626 2220 versat
652 2179 809 2218 animos
841 2177 1080 2231 castigando
1115 2174 1470 2226 adhortandoque:
1506 2173 1645 2214 mirari

290 2258 352 2291 se,
390 2242 557 2295 quinam
588 2247 753 2295 pectora
786 2253 947 2293 semper
976 2237 1184 2291 impavida
1208 2251 1354 2290 repens
1381 2243 1509 2275 terror
1532 2234 1646 2274 inva-

290 2305 398 2345 serit.
452 2318 525 2358 per
555 2310 614 2343 tot
644 2316 772 2342 annos
804 2299 1004 2341 vincentis
1030 2314 1099 2339 eos
1127 2298 1329 2352 stipendia
1353 2296 1488 2337 facere
1513 2311 1645 2349 neque

291 2373 383 2407 ante
403 2365 610 2419 Hispania
629 2363 857 2404 excessisse
877 2376 1001 2415 quam
1020 2375 1161 2401 omnes
1187 2365 1412 2414 gentesque
1438 2365 1477 2398 et
1502 2365 1644 2406 terrae,

291 2444 392 2482 quas
430 2428 510 2468 duo
548 2427 710 2467 diversa
740 2425 867 2465 maria
899 2423 1208 2477 amplectantur,
1242 2419 1647 2475 Carthaginiensium

247 2507 265 2535 3
292 2497 441 2532 essent.
500 2489 734 2543 indignatos
772 2487 937 2535 deinde,
981 2485 1092 2539 quod
1127 2485 1374 2537 quicumque
1413 2482 1646 2537 Saguntum

292 2552 550 2592 obsedissent
584 2550 695 2591 velut
724 2548 776 2590 ob
807 2563 959 2589 noxam
990 2546 1069 2588 sibi
1100 2546 1194 2587 dedi
1218 2545 1444 2599 postularet
1468 2543 1644 2598 populus

293 2614 523 2661 Romanus,
549 2612 753 2653 Hiberum
774 2610 981 2650 traiecisse
1007 2609 1060 2649 ad
1084 2608 1303 2648 delendum
1326 2620 1476 2646 nomen
1494 2605 1647 2645 Roma-

249 2690 267 2717 4
294 2690 437 2715 norum
462 2674 800 2725 liberandumque
826 2671 966 2712 orbem
987 2678 1195 2710 terrarum.
1233 2675 1319 2708 tum
1339 2667 1491 2707 nemini
1511 2666 1644 2705 visum

238 710 256 738 10

244 1826 258 1853 *1

245 2198 261 2224 Ιό
