1815 3184
457 231 611 265 LIBER
636 231 745 276 xxi,
773 232 826 265 30.
847 231 902 265 31.
931 233 979 274 [a.
996 229 1033 264 o.
1048 230 1130 273 218]
1424 218 1480 260 25

118 335 160 375 id
190 335 381 390 longum,
421 350 514 376 eum
545 335 596 376 ab
629 349 778 376 occasu
814 335 911 375 solis
943 334 996 375 ad
1028 339 1193 375 exortus
1225 332 1482 374 intenderent

117 399 216 439 iter:
266 413 393 447 nunc,
442 405 664 453 postquam
709 398 838 438 multo
881 397 1077 437 maiorem
1121 403 1278 450 partem
1326 394 1481 435 itineris

119 475 329 501 emensam
361 467 546 509 cernant,
584 460 847 514 Pyrenaeum
881 459 1030 499 saltum
1062 459 1167 499 inter
1202 457 1483 498 ferocissimas

117 529 261 576 gentes
289 528 545 576 superatum,
578 521 827 562 Rhodanum
853 528 1011 561 tantum
1037 535 1201 561 amnem
1227 526 1285 560 tot
1316 518 1483 559 milibus

119 583 335 626 Gallorum
366 584 679 638 prohibentibus
712 584 867 624 domita
899 583 1022 623 ctiam
1058 582 1188 637 ipsius
1226 581 1406 622 fluminis
1443 580 1485 620 vi

118 646 351 695 traiectum,
389 646 431 686 in
462 653 685 700 conspectu
711 645 834 700 Alpis
867 645 1064 693 habeant,
1104 658 1277 697 quarum
1310 644 1483 684 alterum

117 709 224 748 latus
260 708 405 748 Italiae
443 708 512 757 sit,
556 708 598 747 in
635 708 735 762 ipsis
772 708 900 761 portis
937 707 1118 748 hostium
1156 706 1350 761 fatigatos
1388 704 1485 745 sub-

119 770 261 811 sistere
286 794 342 798 -—
367 770 467 822 quid
490 768 612 823 Alpis
640 769 752 809 aliud
778 784 869 809 esse
895 769 1107 809 eredentes
1135 782 1259 821 quam
1284 767 1485 807 montium

119 831 379 872 altitudines?
414 832 616 885 fingerent
641 831 803 871 altiores
832 830 1037 884 Pyrenaei
1061 830 1183 884 iugis.
1233 830 1365 869 nullas
1392 843 1485 883 pro-

116 894 226 934 fecto
247 900 375 933 terras
397 893 555 933 caelum
577 893 815 946 contingere
835 907 911 932 nec
931 891 1283 945 inexsuperabiles
1304 891 1485 931 humano

116 955 257 1010 generi
288 969 400 1003 esse,
433 954 554 1008 Alpis
589 954 756 1006 quidem
793 953 987 1002 habitari,
1026 954 1122 1002 coli,
1159 953 1330 1008 gignere
1362 959 1485 1005 atque

117 1017 224 1057 alere
256 1017 503 1057 animantes:
540 1016 703 1069 pervias
735 1017 878 1070 paucis
912 1030 1023 1065 esse,
1065 1014 1175 1069 [esse
1207 1014 1264 1069 et]
1300 1015 1486 1054 exerciti-

117 1078 206 1119 bus.
257 1093 326 1118 eos
347 1078 479 1132 ipsos,
507 1092 610 1130 quos
638 1084 825 1126 cernant,
852 1078 1011 1132 legatos
1037 1092 1119 1117 non
1146 1077 1281 1130 pinnis
1310 1076 1484 1117 sublime

116 1141 243 1181 elatos
270 1140 392 1194 Alpis
420 1146 714 1194 transgressos.
764 1155 814 1180 nc
846 1141 1022 1180 maiores
1055 1140 1221 1193 quidem
1253 1154 1393 1180 eorum
1425 1140 1486 1178 in-

117 1203 307 1257 digenas,
341 1201 415 1242 sed
439 1202 621 1242 advenas
648 1202 791 1243 Italiae
819 1202 995 1243 cultores
1023 1202 1097 1243 has
1130 1202 1242 1256 ipsas
1269 1201 1392 1256 Alpis
1425 1202 1486 1241 in-

116 1264 308 1319 gentibus
343 1279 465 1318 saepe
500 1264 735 1318 agminibus
767 1279 861 1305 cum
893 1264 1031 1305 liberis
1064 1280 1112 1305 ac
1138 1263 1383 1320 coniugibus
1410 1264 1486 1304 mi-

116 1327 322 1382 grantium
358 1327 481 1367 modo
514 1334 601 1367 tuto
639 1327 931 1368 transmisisse.
982 1327 1100 1367 militi
1131 1327 1298 1380 quidem
1329 1333 1485 1367 armato

117 1389 217 1430 nihil
243 1403 382 1429 secum
408 1395 569 1443 praeter
594 1389 866 1430 instrumenta
892 1389 988 1430 belli
1013 1389 1192 1444 portanti
1211 1389 1310 1442 quid
1329 1389 1486 1429 invium

118 1458 187 1492 aut
222 1450 554 1505 inexsuperabile
591 1452 708 1492 esse?
770 1451 1005 1507 Saguntum
1041 1459 1086 1492 ut
1122 1458 1348 1506 caperetur,
1388 1450 1488 1504 quid

117 1529 191 1568 per
227 1520 318 1554 octo
350 1528 514 1554 menses
545 1514 735 1568 periculi,
774 1515 872 1568 quid
904 1514 1057 1555 laboris
1090 1514 1338 1554 exhaustum
1370 1513 1487 1554 esse?

117 1576 313 1624 Romam,
342 1582 464 1630 caput
490 1576 601 1617 orbis
628 1583 845 1625 terrarum,
873 1576 1108 1631 petentibus
1134 1577 1357 1630 quiequam
1383 1576 1485 1616 adeo

118 1652 309 1692 asperum
347 1645 470 1690 atque
505 1639 679 1679 arduum
711 1639 859 1689 videri,
897 1639 1009 1692 quod
1040 1639 1250 1693 inceptum
1282 1638 1487 1678 moretur?

119 1700 277 1754 cepisse
320 1701 527 1753 quondam
569 1699 714 1742 Gallos
759 1717 824 1750 ea,
869 1716 975 1755 quae
1019 1701 1121 1742 adiri
1157 1716 1281 1755 posse
1317 1701 1485 1741 Poenus

118 1762 320 1816 desperet.
376 1763 546 1816 proinde
572 1770 642 1803 aut
667 1764 859 1804 cederent
885 1764 1022 1804 animo
1049 1771 1171 1816 atque
1198 1763 1347 1803 virtute
1373 1763 1487 1818 genti

118 1839 190 1878 per
215 1838 286 1864 eos
313 1823 400 1864 dies
429 1825 577 1866 totiens
604 1824 655 1866 ab
683 1840 727 1866 se
753 1826 885 1866 victae
911 1832 981 1866 aut
1000 1825 1155 1866 itineris
1176 1825 1300 1865 finem
1322 1832 1487 1879 sperent

119 1901 310 1939 campum
337 1886 645 1927 interiacentem
672 1887 813 1928 Tiberi
840 1902 887 1928 ac
913 1887 1130 1928 moenibus
1156 1887 1370 1928 Romanis.

203 1947 383 1988 XXXI.
438 1948 520 1988 His
548 1949 902 1990 adhortationibus
929 1949 1119 1990 incitatos
1146 1964 1318 2003 corpora
1344 1963 1486 1989 curare

120 2016 240 2062 atque
267 2010 319 2049 ad
344 2010 420 2050 iter
446 2025 489 2050 se
521 2025 665 2065 parare
697 2011 822 2051 iubet.
878 2018 1043 2065 postero
1076 2011 1141 2051 die
1172 2011 1383 2065 profectus
1416 2011 1488 2050 ad-

121 2086 238 2110 versa
263 2071 351 2124 ripa
377 2071 571 2113 Rhodani
596 2073 897 2114 mediterranea
925 2072 1086 2114 Galliae
1119 2073 1239 2127 petit,
1278 2087 1360 2112 non
1392 2073 1488 2125 quia

121 2133 268 2172 rectior
292 2133 344 2172 ad
362 2132 484 2187 Alpis
511 2135 577 2174 via
603 2144 730 2184 esset,
759 2136 832 2175 sed
852 2144 1050 2188 quantum
1071 2150 1094 2175 a
1113 2135 1215 2175 mari
1234 2134 1485 2183 recessisset,

123 2194 256 2234 minus
295 2194 463 2235 obvium
499 2195 586 2236 fore
617 2196 852 2236 Romanum
886 2197 1076 2245 eredens,
1115 2211 1209 2236 cum
1241 2211 1322 2249 quo
1354 2196 1488 2250 prius-

122 2271 246 2308 quam
272 2256 313 2295 in
337 2257 500 2297 Italiam
532 2267 701 2298 ventum
733 2259 840 2299 foret.
871 2274 953 2299 non
986 2266 1072 2299 erat
1102 2259 1143 2298 in
1173 2259 1310 2299 animo
1341 2274 1487 2299 manus

123 2333 348 2359 conserere.
398 2320 555 2372 quartis
583 2320 727 2360 eastris
755 2321 807 2360 ad
832 2320 1017 2361 Insulam
1042 2321 1240 2375 pervenit.
1290 2320 1347 2362 ibi
1372 2321 1488 2362 Isara

123 2380 433 2433 Rhodanusque
459 2397 602 2422 amnes
630 2382 802 2423 diversis
829 2398 880 2423 ex
900 2382 1080 2437 Alpibus
1108 2383 1370 2424 decurrentes
1399 2383 1488 2438 agri

123 2441 377 2494 aliquantum
414 2443 594 2497 amplexi
632 2444 843 2484 confluunt
878 2445 921 2484 in
957 2459 1104 2494 unum3
1147 2445 1292 2486 mediis
1331 2445 1486 2499 campis

1513 844 1528 871 *l

1515 1588 1554 1617 lO

1515 1715 1552 1743 11

1516 1963 1529 1991 1

1513 2024 1530 2052 ‘2

1514 2212 1532 2240 3

1514 2335 1534 2364 4

123 2504 288 2544 Insulae
314 2520 466 2545 nomen
490 2506 679 2546 inditum.
729 2506 913 2547 incolunt
937 2521 1065 2561 prope
1085 2506 1356 2562 Allobroges,
1383 2522 1486 2562 gens
1514 2523 1532 2550 5

122 2567 203 2606 iam
236 2567 329 2607 inde
362 2567 474 2608 nulla
508 2566 670 2609 Gallica
707 2576 829 2623 gente
867 2568 1014 2623 opibus
1052 2576 1122 2610 aut
1159 2569 1271 2610 fama
1306 2570 1485 2610 inferior.

123 2637 208 2668 tum
246 2629 402 2669 discors
441 2637 547 2679 erat,
594 2630 709 2685 regni
745 2631 966 2671 certamine
1011 2631 1276 2686 ambigebant
1319 2632 1485 2682 fratres3
1513 2646 1530 2675 6

123 2691 251 2732 maior
276 2699 313 2731 et
340 2692 408 2745 qui
438 2692 550 2746 prius
583 2692 854 2747 imperitarat,
888 2693 1075 2735 Braneus
1108 2694 1290 2745 nomine,
1329 2694 1485 2736 minore
