1815 3184
470 229 624 264 LIBER
648 230 796 271 XXIII,
822 231 876 264 46.
898 230 953 264 47.
981 232 1029 273 [a.
1046 228 1181 275 (1215]
1431 220 1508 261 161

238 332 451 373 Hannibal
481 332 532 373 ab
558 333 664 374 Nola
693 333 866 374 remisso
896 333 939 373 in
968 332 1152 373 Bruttios
1178 331 1385 374 Hannone
1416 347 1510 374 cum
1536 344 1555 374 8

154 394 303 448 quibus
330 402 498 435 venerat
522 395 650 450 copiis
675 395 764 449 ipse
782 394 962 449 Apuliae
987 394 1158 435 hiberna
1183 394 1295 449 petit,
1323 395 1511 448 circaque

154 456 293 510 Arpos
331 457 528 497 consedit.
602 456 654 510 Q.
692 456 848 498 Fabius
884 463 929 496 ut
964 456 1195 510 profectum
1236 456 1278 495 in
1313 455 1511 510 Apuliam
1538 468 1556 496 9

154 516 433 558 Hannibalem
459 517 633 568 audivit,
671 517 876 560 frumento
907 517 958 558 ab
983 517 1090 558 Nola
1112 517 1368 571 Neapolique
1398 518 1441 558 in
1465 532 1514 558 ea

155 585 289 619 castra
313 585 528 628 convecto,
561 593 666 632 quae
692 594 816 634 super
841 578 1085 620 Suessulam
1111 585 1246 627 erant,
1283 579 1514 619 munimen-

155 640 289 693 tisque
309 640 479 680 firmatis
501 647 541 680 et
558 641 782 694 praesidio,
810 640 921 694 quod
938 655 1012 694 per
1031 639 1201 680 hiberna
1220 640 1273 680 ad
1291 641 1513 681 tenendum

154 702 291 742 locum
312 702 409 742 satis
431 708 551 750 esset,
577 701 718 742 relicto
737 702 825 756 ipse
841 701 1031 755 Capuam
1048 701 1216 755 propius
1236 701 1363 742 movit
1383 709 1516 742 castra

155 777 382 817 agrumque
398 762 659 817 Campanum
678 763 787 804 ferro
805 763 973 817 ignique
994 769 1056 802 est
1075 762 1362 816 depopulatus,
1384 763 1515 803 donec
1542 775 1582 804 10

155 825 285 865 coacti
312 833 405 865 sunt
432 823 637 878 Campani
661 824 762 864 nihil
793 824 1016 864 admodum
1042 823 1197 864 viribus
1230 823 1315 864 suis
1339 823 1514 865 fidentes

155 886 296 940 egredi
321 886 448 939 portis
475 892 514 925 et
539 894 672 926 castra
702 891 796 926 ante
826 884 971 925 urbem
1001 885 1043 924 in
1077 892 1217 938 aperto
1249 885 1513 926 communire.

156 963 229 989 sex
260 948 372 988 milia
402 954 649 988 armatorum
680 946 904 987 habebant:
940 946 1120 999 peditem
1152 945 1364 995 inbellem,
1402 947 1516 999 equi·
1542 960 1579 988 11

155 1016 242 1050 tatu
266 1009 357 1062 plus
382 1014 588 1063 poterant3
619 1008 757 1061 itaque
783 1006 1041 1061 equestribus
1066 1006 1231 1061 proeliis
1256 1007 1515 1048 lacessebant

154 1070 327 1111 hostem.

237 1131 350 1171 Inter
379 1130 531 1171 multos
563 1130 722 1171 nobiles
755 1131 912 1184 equites
946 1129 1184 1184 Campanos
1219 1129 1415 1171 Cerrinus
1442 1129 1515 1170 Vi-
1542 1143 1581 1172 12

154 1192 300 1233 bellius
328 1199 430 1241 erat,
458 1192 701 1247 cognomine
716 1192 891 1233 Taurea.
930 1191 1030 1232 civis
1056 1192 1238 1232 indidem
1264 1198 1365 1240 erat,
1392 1192 1515 1246 longe

153 1254 336 1295 omnium
364 1252 672 1308 Campanorum
708 1254 959 1295 fortissimus
997 1267 1142 1307 eques,
1181 1254 1284 1294 adeo
1321 1260 1383 1302 ut,
1422 1268 1516 1294 cum

153 1322 252 1371 aput
281 1315 494 1357 Romanos
531 1316 739 1365 militaret,
783 1331 890 1357 unus
928 1330 1023 1356 eum
1058 1316 1273 1356 Romanus
1313 1315 1515 1356 Claudius

153 1376 322 1418 Asellus
347 1377 478 1432 gloria
502 1378 680 1430 equestri
705 1384 910 1431 aequaret.
970 1377 1079 1418 hunc
1105 1377 1287 1426 Taurea,
1326 1392 1421 1417 cum
1446 1377 1516 1417 diu
1544 1391 1583 1420 13

153 1439 404 1493 perlustrans
431 1439 559 1480 oculis
586 1438 866 1492 obequitasset
890 1440 1071 1480 hostium
1097 1439 1241 1480 turmis
1273 1439 1439 1480 tandem
1465 1439 1518 1479 si-

154 1501 278 1543 lentio
303 1500 430 1550 facto,
457 1501 528 1542 ubi
553 1509 664 1542 esset
686 1501 886 1543 Claudius
906 1502 1076 1543 Asellus
1102 1502 1306 1555 quaesivit
1331 1509 1383 1552 et,
1415 1516 1516 1555 quo-
1544 1514 1584 1542 14

154 1563 265 1603 niam
291 1562 425 1604 verbis
453 1577 594 1606 secum
619 1564 669 1604 de
695 1564 844 1605 virtute
875 1564 1084 1618 ambigere
1111 1564 1253 1604 solitus
1280 1570 1406 1613 esset,
1446 1578 1518 1604 cur

155 1639 238 1665 11011
273 1624 380 1665 ferro
417 1624 653 1665 decerneret
695 1625 889 1678 daretque
931 1626 1069 1680 opima
1106 1625 1237 1679 spolia
1272 1625 1404 1666 victus
1448 1631 1517 1665 aut

157 1686 287 1726 victor
313 1693 488 1740 caperet.

240 1747 534 1788 XXXXVII.
572 1748 692 1789 Haec
717 1746 947 1789 ubiAsello
974 1754 1069 1788 sunt
1093 1749 1278 1789 nuntiata
1302 1749 1344 1788 111
1369 1754 1515 1796 castra,
1545 1760 1559 1788 1

155 1809 197 1848 id
227 1809 350 1849 modo
382 1816 582 1859 moratus,
620 1816 665 1850 ut
696 1809 907 1851 consulem
932 1816 1286 1863 percunctaretur,
1322 1809 1516 1850 liceretne

156 1877 270 1911 extra
295 1871 479 1912 ordinem
503 1871 545 1911 in
569 1878 861 1926 provocantem
885 1871 1046 1912 hostem
1070 1886 1274 1926 pugnare,
1311 1871 1517 1926 permissu

156 1932 244 1973 eius
287 1947 402 1973 arma
444 1933 648 1988 extemplo
693 1933 799 1988 cepit
841 1939 1142 1987 provectusque
1185 1940 1278 1974 ante
1321 1933 1516 1974 stationes
1543 1945 1561 1974 2

157 2008 262 2046 equo
288 1993 494 2035 Tauream
518 1995 684 2036 nomine
716 1995 963 2049 conpellarit
993 1995 1270 2050 congredique
1300 1994 1372 2035 ubi
1396 1994 1518 2035 vellet

158 2055 288 2094 iussit.
337 2056 418 2096 iam
438 2056 616 2097 Romani
641 2057 693 2097 ad
719 2056 997 2110 spectaculum
1022 2071 1188 2111 pugnae
1214 2057 1300 2097 eius
1326 2056 1518 2109 frequen-
1543 2067 1561 2096 3

158 2123 219 2156 tes
257 2116 456 2166 exierant,
494 2124 534 2158 et
572 2117 776 2172 Campani
813 2133 895 2158 non
931 2118 1085 2158 vallum
1121 2119 1245 2159 modo
1276 2124 1515 2167 castrorum,

159 2178 231 2218 sed
262 2179 424 2219 moenia
454 2180 576 2220 etiam
606 2180 719 2221 urbis
750 2186 1060 2234 prospectantes
1091 2181 1363 2234 repleverunt.
1424 2195 1516 2221 cum
1543 2191 1562 2219 4

157 2239 239 2280 iam
264 2246 357 2280 ante
382 2240 589 2282 ferocibus
615 2242 733 2282 dictis
759 2257 845 2282 rem
870 2241 1175 2291 nobilitassent,
1201 2242 1362 2282 infestis
1388 2242 1517 2283 hastis

159 2302 412 2342 concitarunt
437 2317 582 2356 equos,
621 2304 716 2344 dein
740 2303 868 2344 libero
894 2305 1026 2358 spatio
1057 2305 1162 2345 inter
1193 2319 1235 2345 se
1260 2303 1516 2345 ludificantes

160 2364 246 2404 sine
283 2364 450 2405 vulnere
486 2380 670 2420 pugnam
707 2366 987 2407 extrahebant.
1049 2374 1134 2407 tum
1168 2366 1407 2421 Campanus
1433 2367 1518 2407 Ro-
1544 2376 1562 2404 5

158 2440 279 2466 mano
312 2427 545 2479 ‘equorum'
570 2428 702 2481 inquit
733 2428 846 2478 ‘hoc,
883 2444 966 2470 non
990 2429 1171 2482 equitum
1199 2429 1274 2469 erit
1299 2435 1516 2477 certamen,

159 2487 238 2528 nisi
263 2502 284 2528 e
310 2503 455 2542 campo
480 2489 523 2529 in
548 2504 691 2530 cavam
721 2490 827 2531 hanc
851 2491 961 2531 viam
991 2491 1244 2532 demittimus
1277 2505 1423 2544 equos3
1460 2491 1517 2532 ibi

158 2549 269 2590 nullo
289 2550 341 2590 ad
361 2552 621 2605 evagandum
646 2552 777 2606 spatio
798 2553 1026 2594 comminus
1047 2559 1314 2594 conserentur
1339 2553 1515 2594 manus'.

159 2611 267 2651 dicto
292 2626 419 2666 prope
445 2613 563 2654 citius
586 2628 736 2667 equum
756 2614 797 2654 in
817 2615 926 2655 w'am
942 2614 1142 2656 Claudius
1163 2615 1309 2656 deiecit
1317 2632 1327 2665 3
1355 2615 1518 2656 Taurea
1543 2629 1561 2659 6

159 2672 293 2714 verbis
325 2674 497 2716 ferocior
528 2690 650 2730 quam
680 2691 723 2717 re
762 2677 944 2718 ‘minime
976 2677 1050 2718 sis'
1082 2678 1213 2732 inquit
1245 2678 1517 2719 ‘cantherium

226 2739 290 2766 Livi
311 2740 363 2767 vol.
381 2740 412 2768 ΙΙ.
1246 2745 1287 2777 11
