1815 3184
493 250 646 285 LIBER
670 251 875 295 XXVIIII,
903 251 954 284 17.
983 252 1031 293 [a.
1046 249 1085 284 c.
1098 249 1180 295 204]
1426 240 1509 282 459

155 354 359 409 praesidio
391 368 499 394 nunc
530 368 623 394 cum
656 353 833 393 maxime
863 353 1058 407 patimur,
1096 352 1397 393 aestimandum
1426 352 1512 393 Ro-

156 432 323 456 manum
354 430 402 456 ac
432 415 638 455 Punicum
669 415 885 469 imperium
923 415 992 464 sit,
1030 429 1151 456 nemo
1188 430 1269 456 non
1304 415 1396 455 illos
1434 414 1512 455 sibi

156 495 280 533 quam
304 494 378 520 vos
405 479 592 519 dominos
617 484 841 532 praeoptet.
902 484 941 518 et
966 484 1105 518 tamen
1129 477 1282 527 videte,
1316 477 1512 530 quemad-

156 542 323 581 modum
360 541 401 580 in
438 555 510 580 vos
541 541 775 580 Locrenses
807 539 975 580 animati
1008 539 1099 579 sint.
1160 554 1253 580 cum
1284 555 1307 580 a
1339 539 1513 580 Cartha-

156 602 410 658 giniensibus
431 603 598 643 iniurias
620 610 732 642 tanto
753 602 930 642 minores
951 601 1242 655 acciperemus,
1259 602 1311 641 ad
1331 608 1513 642 vestrum

156 665 441 718 imperatorem
480 664 767 718 confuginms3
818 677 910 703 cum
947 678 971 704 a
1007 670 1143 703 vestro
1179 663 1383 717 praesidio
1420 663 1512 717 plus

156 742 279 780 quam
304 726 468 766 hostilia
493 726 713 779 patiamur,
751 739 953 777 nusquam
981 724 1059 765 alio
1085 739 1208 777 quam
1240 725 1291 765 ad
1316 739 1389 765 vos
1416 739 1510 777 que-

156 789 275 829 rellas
302 788 535 828 detulimus.
597 796 667 828 aut
692 802 766 828 vos
791 787 1017 841 respicietis
1043 787 1222 840 perditas
1248 801 1312 827 res
1338 793 1511 835 nostras,

156 858 291 905 patres
328 849 570 903 conscripti,
616 856 685 889 aut
721 864 771 889 ne
808 849 859 890 ab
898 849 974 889 diis
1012 849 1178 901 quidem
1214 848 1512 889 immortalibus

156 913 266 965 quod
290 926 504 965 precemur
529 911 748 963 quicquam
775 918 972 964 supeiest.
1025 909 1076 962 Q.
1098 910 1326 950 Pleminius
1351 911 1512 965 legatus

156 974 306 1014 missus
333 980 395 1014 est
420 987 512 1013 cum
544 972 748 1026 praesidio
780 972 831 1012 ad
862 972 1118 1025 iecipiendos
1150 987 1174 1011 a
1200 971 1515 1026 Carthaginien-

156 1035 269 1075 sibus
294 1035 454 1075 Locros
480 1040 519 1074 ct
544 1048 636 1074 cum
663 1033 807 1073 eodem
837 1033 895 1073 ibi
919 1033 1082 1072 lelictus
1111 1040 1172 1073 est
1196 1034 1412 1086 praesidio.
1473 1034 1514 1073 in

155 1097 231 1136 hoe
250 1096 385 1150 legato
405 1102 541 1135 vestio
554 1119 587 1123 —-
600 1095 698 1134 dant
717 1094 824 1134 enim
845 1094 1026 1134 animum
1047 1094 1099 1133 ad
1118 1094 1368 1146 loquendum
1388 1095 1514 1135 libere

154 1158 321 1197 ultimae
346 1156 534 1196 miseriae
553 1180 586 1184 —
602 1170 678 1195 nec
703 1155 880 1196 hominis
901 1155 1120 1207 quicquam
1149 1161 1229 1202 est,
1256 1163 1391 1209 patres
1419 1171 1515 1196 con-

155 1219 311 1272 scripti,
348 1224 508 1272 praeter
539 1218 714 1272 figuram
751 1223 790 1258 et
826 1217 1005 1271 speciem
1042 1231 1174 1269 neque
1206 1217 1380 1258 Romani
1414 1218 1514 1259 civis

153 1287 314 1335 praeter
349 1279 533 1320 habitum
567 1280 843 1332 vestitumque
875 1287 915 1320 et
946 1294 1093 1320 sonum
1123 1279 1301 1320 Latinae
1330 1279 1513 1334 linguae:

154 1342 282 1396 pestis
308 1357 356 1383 ae
380 1341 503 1382 belua
527 1342 723 1390 inmanis,
756 1341 889 1394 qualis
916 1341 1065 1382 fretum
1091 1342 1316 1394 quondam,
1355 1356 1436 1394 quo
1462 1342 1513 1383 ab

157 1403 298 1445 Sicilia
323 1404 555 1453 dividimur,
582 1404 633 1444 ad
654 1403 876 1457 perniciem
896 1403 1180 1457 navigantium
1201 1404 1514 1445 circumsedisse

154 1466 319 1507 fabulae
356 1466 504 1506 ferunt.
571 1481 618 1507 ac
655 1467 690 1506 si
727 1467 859 1507 scelus
896 1466 1189 1519 libidinemque
1226 1473 1265 1507 et
1302 1468 1515 1508 avaritiam

156 1528 267 1569 solus
293 1528 380 1581 ipse
407 1542 596 1568 exercere
621 1528 663 1567 in
687 1528 820 1568 socios
847 1534 1004 1568 vestros
1037 1528 1134 1568 satis
1166 1528 1352 1577 haberet,
1390 1543 1514 1569 unam

155 1590 402 1644 profundam
427 1590 593 1642 quidem
624 1590 862 1643 voraginem
893 1596 1031 1629 tamen
1060 1590 1257 1643 patientia
1282 1597 1420 1630 nostra
1445 1605 1515 1631 ex-

155 1652 378 1706 pleremus:
422 1666 530 1691 nunc
566 1651 697 1692 omnis
736 1651 993 1691 centuriones
1031 1651 1261 1703 militesque
1297 1658 1456 1693 vestros
1481 1677 1515 1682 —

156 1714 258 1753 adeo
283 1713 323 1753 in
349 1713 583 1767 promiscuo
615 1713 821 1753 licentiam
847 1719 967 1765 atque
993 1712 1296 1766 improbitatem
1328 1728 1418 1754 csse
1444 1729 1516 1755 vo-

154 1774 228 1814 luit
247 1799 279 1802 —
298 1774 523 1815 Pleminios
550 1774 666 1824 fecit3
693 1789 835 1815 omnes
855 1774 1036 1828 rapiunt,
1065 1774 1258 1828 spoliant,
1285 1775 1513 1825 verberant,

157 1836 384 1884 voluerant,
421 1837 630 1885 occidunt,
669 1842 936 1890 constuprant
961 1843 1186 1884 matronas,
1224 1837 1423 1891 virgines,
1455 1838 1516 1877 in-

155 1912 314 1952 genuos
340 1905 478 1952 raptos
505 1913 555 1938 ex
576 1898 779 1951 conplexu
798 1898 1046 1952 parentium3
1073 1898 1219 1938 cotidie
1240 1899 1398 1952 capitur
1417 1899 1514 1941 urbs

154 1968 311 2009 nostra,
362 1960 509 2001 cotidie
546 1960 750 2014 diripitur3
799 1961 886 2001 dies
923 1967 1146 2013 noctesque
1185 1961 1322 2001 onmia
1358 1962 1514 2015 passim

156 2023 373 2062 mulierum
398 2037 718 2076 puerorumque,
757 2022 826 2074 qui
850 2022 1064 2075 rapiuntur
1093 2028 1214 2075 atque
1242 2030 1513 2076 asportantur,

156 2084 381 2138 ploratibus
414 2090 571 2124 sonant.
633 2084 801 2124 miretur
831 2084 902 2137 qui
932 2084 1049 2133 sciat,
1089 2098 1170 2136 quo
1195 2085 1318 2125 modo
1344 2091 1414 2125 aut
1438 2101 1513 2126 nos

156 2146 208 2186 ad
234 2146 470 2199 patiendum
499 2145 773 2195 sufficiamus,
801 2153 869 2186 aut
895 2146 1004 2194 illos,
1032 2146 1101 2199 qui
1126 2146 1300 2195 faciunt,
1332 2148 1514 2188 nondum

156 2215 360 2248 tantarum
397 2208 635 2248 iniuriarum
673 2208 838 2249 satietas
871 2208 1034 2262 ceperit.
1095 2223 1228 2261 neque
1260 2223 1338 2263 ego
1369 2210 1516 2262 exequi

155 2285 326 2324 possum
361 2284 436 2310 nec
475 2269 590 2310 vobis
627 2285 775 2324 operae
812 2276 874 2310 est
911 2270 1051 2310 audire
1084 2270 1235 2325 singuli
1266 2285 1370 2323 quae
1402 2272 1514 2324 passi

157 2346 319 2380 sumus3
347 2332 616 2371 communiter
641 2332 777 2372 omnia
797 2332 1031 2386 amplectar.
1070 2346 1177 2386 nego
1197 2332 1364 2372 domum
1390 2332 1514 2373 ullam

156 2393 321 2440 Locris,
349 2408 456 2448 nego
483 2408 731 2446 quemquam
756 2393 963 2434 hominem
990 2401 1198 2447 expertem
1220 2393 1389 2434 iniuriae
1410 2409 1514 2443 esse,

154 2469 261 2508 nego
286 2454 415 2494 ullum
441 2469 572 2509 genus
600 2455 782 2504 sceleris,
817 2454 1030 2503 lubidinis,
1063 2455 1256 2495 avaritiae
1283 2470 1512 2509 superesse,

156 2516 265 2569 quod
295 2516 337 2556 in
367 2517 469 2564 ullo,
508 2517 578 2570 qui
609 2517 693 2571 pati
723 2517 916 2572 potuerit,
954 2517 1289 2571 praetermissum
1321 2518 1384 2558 sit.
1445 2518 1515 2559 vix

155 2578 257 2618 ratio
294 2578 385 2618 iniri
421 2585 574 2632 potest,
625 2585 714 2619 uter
750 2593 870 2619 casus
910 2578 1085 2622 civitatis
1124 2579 1175 2619 sit
1217 2579 1513 2629 detestabilior3

156 2655 250 2680 cum
292 2640 430 2681 hostes
468 2640 574 2682 bello
611 2640 754 2681 urbem
798 2655 941 2694 cepere
979 2656 1029 2681 an
1067 2656 1160 2681 eum
1198 2641 1415 2682 exitiabilis
1453 2649 1515 2696 ty-

121 2756 125 2759 =
155 2717 306 2743 rannus
343 2702 383 2742 vi
420 2709 541 2756 atque
578 2703 700 2743 armis
739 2702 953 2757 oppressit,
1025 2703 1179 2751 omnia,
1228 2718 1333 2756 quae
1371 2709 1514 2758 captae

1541 926 1581 955 10

1543 1050 1579 1078 11

1544 1482 1582 1510 13

1543 1666 1557 1694 1
1564 1666 1583 1694 4

1544 1790 1582 1819 15

1544 1914 1582 1943 16

1543 2100 1581 2128 17

1544 2347 1582 2376 18

1543 2531 1582 2561 19

1540 2717 1581 2745 20
