1815 3184
474 261 627 297 LIBER
651 262 781 307 XXX,
808 263 837 296 1.
866 264 914 306 [a.
931 261 1057 297 o.204.
1077 262 1158 305 203]
1400 252 1484 294 483

498 650 784 702 [PERIOCHA
813 651 952 688 LIBRI
981 648 1132 701 XXX]

232 735 378 781 [Scipio
398 737 436 771 in
456 737 584 772 Africa
603 736 932 782 Carthaginienses
952 740 988 771 et
1007 737 1165 771 eundem
1187 735 1395 781 Syphacem
1413 736 1486 771 Nu-

139 787 273 822 midiae
293 799 418 832 regem
439 788 789 833 Hasdrubalemque
813 788 983 833 pluribus
1004 787 1156 832 proeliis
1182 787 1270 821 vicit
1288 787 1487 821 adiuvante

140 839 358 883 Masinissa,
392 839 480 873 bina
503 839 664 873 hostium
689 843 810 873 castra
834 838 1077 883 expugnavit,
1109 838 1146 872 in
1172 838 1305 883 quibus
1331 838 1487 882 quadra—

140 889 244 934 ginta
269 889 368 924 milia
388 890 574 924 hominum
600 890 698 923 ferro
718 889 869 934 ignique
892 894 1110 933 consumpta
1130 892 1228 923 sunt.
1280 888 1489 933 Syphacem

141 951 209 984 per
235 939 275 974 C.
303 940 470 975 Laelium
497 945 534 975 et
558 941 793 974 Masinissam
821 940 928 984 cepit.
999 939 1198 974 Masinissa
1223 940 1488 984 Sophonibam,

139 1002 291 1025 uxorem
312 991 512 1037 Syphacis,
539 991 652 1025 filiam
677 991 946 1036 Hasdrubalis,
979 995 1125 1035 captam
1153 991 1276 1025 statim
1301 990 1490 1024 adamavit

140 1046 177 1075 et
195 1042 333 1087 nuptiis
353 1042 462 1076 factis
482 1053 633 1075 uxorem
652 1042 793 1075 habuit.
849 1041 1054 1085 castigatus
1073 1052 1095 1075 a
1115 1039 1289 1085 Scipione
1308 1052 1489 1075 venenum

141 1092 174 1126 ei
197 1092 313 1136 misit,
341 1103 412 1136 quo
433 1092 498 1126 illa
518 1093 650 1125 hausto
673 1091 843 1126 decessit.
893 1091 1138 1135 effectumque
1158 1091 1283 1125 multis
1304 1091 1488 1136 Scipionis

139 1142 321 1185 victoriis,
343 1147 385 1175 ut
398 1142 743 1186 Carthaginienses,
769 1142 806 1175 in
822 1142 1118 1185 desperationem
1138 1141 1229 1185 acti,
1256 1141 1292 1174 in
1313 1142 1489 1176 auxilium

138 1194 312 1238 publicae
350 1193 479 1228 salutis
514 1193 766 1227 Hannibalem
804 1197 1035 1226 revocarent.
1095 1192 1222 1237 itaque
1255 1203 1352 1226 anno
1385 1196 1488 1226 sexto

138 1244 280 1279 decimo
294 1245 405 1279 Italia
420 1245 604 1279 decedens
618 1245 655 1278 in
669 1243 833 1278 Africam
847 1243 1009 1287 traiecit,
1035 1244 1302 1287 temptavitque
1323 1255 1389 1287 per
1404 1255 1487 1277 con-

136 1295 301 1341 loquium
314 1307 444 1340 pacem
460 1307 541 1330 eum
559 1295 734 1340 Scipione
751 1305 978 1339 conponere,
1000 1298 1036 1329 et
1050 1306 1131 1328 cum
1146 1295 1190 1329 de
1205 1294 1489 1328 condicionibus

136 1346 240 1391 pacis
264 1357 339 1380 non
366 1347 619 1390 convenisset,
646 1346 724 1380 acie
751 1346 869 1380 victus
896 1349 962 1380 est.
1017 1356 1091 1390 pax
1116 1344 1488 1390 Carthaginiensibus

136 1398 350 1441 petentibus
376 1398 465 1432 data
491 1402 557 1432 est.
611 1397 802 1432 Hannibal
829 1397 1032 1441 Gisgonem
1057 1407 1187 1441 pacem
1213 1396 1489 1430 dissuadentem

137 1460 249 1482 manu
274 1460 340 1483 sua
366 1448 540 1492 detraxit3
567 1452 744 1483 excusata
769 1448 903 1482 deinde
924 1447 1132 1482 temeritate
1152 1446 1242 1481 facti
1260 1447 1341 1491 ipse
1360 1458 1489 1492 pacem

139 1500 266 1534 suasit.
314 1500 535 1535 Masinissae
560 1511 714 1544 regnum
739 1499 949 1534 restitutum
976 1504 1043 1534 est.
1103 1510 1272 1533 reversus
1297 1499 1336 1532 in
1359 1499 1488 1533 urbem

138 1549 263 1596 Scipio
289 1551 553 1595 amplissimum
579 1551 922 1595 nobilissimumque
949 1552 1026 1595 egit
1050 1550 1290 1594 triumphum,
1317 1561 1425 1594 quem
1445 1549 1488 1590 Q.

137 1602 332 1636 Terentius
347 1602 476 1636 Culleo
498 1606 647 1636 senator
667 1602 843 1646 pilleatus
864 1606 1014 1635 secutus
1031 1606 1098 1636 est.
1148 1600 1272 1645 Scipio
1287 1599 1488 1634 Africanus

138 1654 373 1687 —incertum
394 1653 542 1688 militari
556 1653 658 1698 prius
672 1653 801 1688 favore
822 1664 870 1687 an
890 1652 1060 1697 populari
1080 1663 1170 1687 aura
1184 1652 1236 1685 ita
1251 1651 1488 1695 cognomina-

138 1709 196 1738 tus
224 1704 270 1738 sit
288 1726 330 1730 —
349 1704 487 1749 primus
513 1708 613 1738 certe
639 1703 699 1737 hic
723 1704 924 1748 imperator
948 1704 1068 1738 victae
1088 1714 1110 1737 a
1130 1713 1168 1737 se
1193 1702 1340 1736 nomine
1366 1701 1487 1747 gentis

137 1756 357 1790 nobilitatus
373 1760 440 1790 est.
478 1756 592 1800 Mago
607 1755 727 1798 bello⁷
749 1766 821 1800 quo
837 1754 875 1788 in
889 1765 978 1799 agro
993 1754 1202 1788 Insubrium
1217 1764 1297 1787 cum
1310 1752 1487 1787 Romanis

138 1806 371 1850 conflixerat,
409 1808 642 1850 vulneratus,
669 1806 754 1839 dum
780 1805 817 1840 in
842 1805 1007 1840 Africam
1031 1816 1096 1850 per
1120 1806 1265 1850 legatos
1291 1809 1486 1839 revocatus

137 1862 400 1902 reverteretur,
428 1869 471 1892 ex
486 1858 638 1892 vulnere
652 1861 816 1891 mortuus
831 1859 917 1900 est.]

641 2052 794 2104 TITI
824 2051 987 2103 LIVI

462 2156 546 2193 AB
600 2155 778 2194 VRBE
834 2155 1156 2195 CONDITA

645 2269 813 2307 LIBER
841 2269 979 2307 XXX.

221 2352 254 2392 Ι.
328 2351 406 2393 Cn.
441 2350 641 2393 Servilius
673 2361 713 2393 et
746 2351 795 2393 C.
830 2350 1031 2393 Servilius
1069 2351 1259 2392 consules
1285 2375 1318 2379 —
1343 2358 1483 2392 sextus
1511 2367 1526 2395 1

139 2414 320 2454 decimus
352 2414 386 2455 is
419 2430 550 2456 annus
580 2414 678 2455 belli
707 2414 855 2455 Punici
887 2422 974 2455 erat
997 2441 1029 2444 —
1055 2428 1148 2454 cum
1179 2413 1229 2454 de
1252 2428 1297 2454 re
1321 2413 1486 2468 publica

75 2506 80 2509 -
136 2477 327 2529 belloque
360 2485 400 2517 et
434 2477 641 2532 provincis
674 2478 726 2518 ad
763 2484 952 2518 senatum
988 2476 1266 2525 rettulissent,
1314 2490 1484 2518 censue·
1509 2490 1527 2520 2

136 2546 232 2579 runt
266 2547 424 2594 patres,
463 2546 507 2580 ut
537 2540 726 2581 consules
763 2539 868 2580 inter
899 2554 943 2580 se
975 2546 1261 2594 compararent
1291 2538 1484 2580 sortiren-

137 2609 272 2650 turve,
298 2610 389 2643 uter
407 2601 593 2643 Bruttios
621 2602 819 2643 adversus
839 2602 1139 2651 Hannibalem,
1163 2610 1255 2642 uter
1273 2601 1483 2642 Etruriam

137 2679 184 2706 ac
204 2664 383 2720 Ligures
409 2665 663 2720 provinciam
688 2666 875 2707 haberet:
902 2665 966 2706 cui
978 2665 1116 2706 Brutti
1140 2665 1387 2715 evenissent,
1413 2680 1484 2706 ex·
1509 2678 1527 2708 3

137 2729 308 2770 ercitum
339 2746 363 2771 a
390 2730 440 2771 P.
469 2728 715 2786 Sempronio
747 2729 968 2785 acciperet,
1010 2730 1059 2770 P.
1095 2728 1364 2784 Sempronius
1389 2754 1422 2759 —
1446 2729 1483 2770 ei

1189 2795 1257 2829 31*
