1815 3184
525 202 676 236 LIBER
700 202 829 246 xxx,
854 202 906 235 34.
927 202 980 236 35.
1006 204 1052 245 [a.
1072 200 1108 235 C.
1123 201 1204 245 202]
1447 191 1528 232 519

191 305 262 346 ubi
287 305 404 354 vidit,
439 305 621 361 receptui
645 320 817 360 propere
843 319 987 346 canere
1012 304 1182 345 hastatis
1207 304 1342 353 iussit3
1381 303 1529 344 sauciis

192 367 233 407 in
268 376 520 422 postremam
556 367 685 408 aciem
726 367 936 407 subductis
972 367 1176 421 principes
1213 366 1452 419 triariosque
1487 365 1530 405 in

193 443 345 469 cornua
373 429 547 477 inducit,
584 443 664 482 quo
696 430 819 470 tutior
849 429 1081 482 firmiorque
1112 429 1247 469 media
1276 429 1530 469 hastatorum

193 490 300 531 acies
338 498 459 531 esset.
519 490 575 530 ita
610 505 763 531 novum
793 492 843 532 de
874 492 1032 546 integro
1061 491 1262 546 proelium
1292 498 1425 532 ortum
1455 497 1529 539 est,
1558 501 1594 531 12

193 553 342 607 quippe
386 553 438 592 ad
480 567 597 593 veros
640 552 769 593 hostis
810 561 1049 608 perventum
1093 561 1202 601 erat,
1251 560 1291 593 et
1327 567 1531 593 armorum

192 629 342 669 genere
367 622 407 654 et
430 629 509 654 usu
533 614 699 654 militiae
725 622 765 655 et
789 615 899 656 fama
922 630 1057 656 rerum
1081 622 1290 669 gestarum
1315 621 1354 655 et
1372 613 1530 668 magni-

192 675 330 716 tudine
351 675 416 716 vel
439 675 526 730 spei
550 676 615 716 vel
635 676 803 730 periculi
821 692 953 731 pares.
993 677 1066 717 sed
1097 684 1137 717 et
1155 691 1324 717 numero
1346 675 1529 730 superior
1557 687 1595 717 13

190 738 404 779 Romanus
431 747 517 779 erat
542 747 582 779 et
607 739 759 789 animo,
787 740 897 792 quod
921 740 1003 780 iam
1027 739 1204 792 equites,
1230 739 1311 779 iam
1337 738 1531 793 elephan-

192 807 255 841 tos
282 800 461 850 fuderat,
487 801 568 841 iam
590 801 723 856 prima
747 802 832 842 acie
856 802 976 857 pulsa
994 801 1035 841 in
1061 801 1282 842 secundam
1306 800 1529 856 pugnabat.

274 863 474 906 XXXV.
534 864 585 904 In
615 872 796 919 tempore
827 865 997 905 Laelius
1030 878 1077 904 ac
1107 863 1351 912 Masinissa,
1388 862 1529 918 pulsos
1560 874 1573 902 1

191 941 263 980 per
289 926 542 979 aliquantum
569 926 689 980 spatii
715 927 843 967 secuti
868 927 1042 979 equites,
1074 934 1324 966 revertentes
1350 925 1392 964 in
1417 939 1532 964 aver-

192 1003 280 1027 sam
318 987 497 1028 hostium
534 988 663 1028 aciem
698 988 916 1028 incurrere.
975 987 1009 1028 is
1047 988 1211 1027 deinum
1248 987 1429 1040 equitum
1458 986 1533 1026 im-

190 1058 309 1103 petus
336 1050 441 1090 fudit
466 1050 639 1090 hostem.
698 1049 814 1089 multi
841 1049 1106 1089 circumventi
1129 1049 1171 1088 in
1197 1049 1281 1089 acie
1307 1048 1432 1097 caesi3
1460 1063 1532 1102 per
1557 1060 1575 1089 2

189 1119 399 1166 patentem
425 1112 532 1151 circa
557 1126 745 1165 campum
771 1111 871 1165 fuga
901 1111 1033 1164 sparsi
1064 1118 1227 1151 tenente
1259 1110 1395 1151 omnia
1419 1110 1533 1163 equi—

191 1181 277 1213 tatu
312 1173 469 1227 passim
498 1173 749 1213 interierunt.
812 1171 1218 1226 Carthaginiensium
1250 1171 1531 1224 sociorumque
1558 1183 1576 1212 3

190 1248 311 1275 caesa
335 1250 383 1275 eo
410 1234 474 1274 die
500 1249 625 1288 supra
648 1234 761 1274 milia
785 1233 947 1288 viginti,
985 1249 1058 1288 par
1088 1234 1217 1274 ferme
1247 1248 1440 1273 numerus
1467 1247 1533 1273 ca-

187 1304 283 1351 ptus
309 1310 402 1337 cum
427 1296 556 1351 signis
582 1295 826 1336 militaribus
853 1304 1015 1336 centum
1041 1295 1208 1349 triginta
1235 1295 1413 1343 duobus,
1452 1295 1533 1336 ele-

187 1358 331 1413 phanti
354 1358 557 1398 undecim.
600 1358 774 1398 victores
802 1358 854 1397 ad
877 1358 986 1398 mille
1013 1365 1053 1398 et
1077 1357 1289 1412 quingenti
1314 1357 1509 1397 cecidere.

273 1420 484 1460 Hannibal
505 1434 597 1460 011111
617 1420 758 1474 paucis
780 1419 984 1472 equitibus
1006 1419 1110 1460 inter
1129 1419 1347 1459 tumultum
1368 1419 1531 1473 elapsus
1558 1430 1577 1458 4

190 1482 493 1523 Hadrumetum
518 1482 716 1537 perfugit,
749 1482 886 1523 omnia
911 1489 950 1522 et
974 1481 1016 1521 in
1039 1481 1194 1536 proelio
1220 1489 1260 1521 et
1285 1489 1377 1522 ante
1404 1480 1530 1521 aciem

188 1545 428 1599 priusquam
453 1545 670 1585 excederet
692 1560 834 1599 pugna
854 1551 1046 1598 expertus
1067 1551 1107 1584 et
1127 1543 1385 1584 confessione
1411 1542 1533 1583 etiam
1558 1553 1577 1582 5

191 1605 396 1662 Scipionis
439 1606 701 1660 omniumque
742 1606 965 1661 peritorum
1007 1605 1175 1645 militiae
1216 1620 1380 1645 omnem
1421 1604 1533 1645 illam

188 1668 353 1709 laudem
378 1669 570 1723 adeptus,
608 1668 804 1723 singulari
830 1675 914 1708 arte
941 1667 1069 1707 aciem
1101 1682 1148 1708 eo
1174 1667 1238 1707 die
1268 1666 1532 1707 instruxisse:

189 1731 429 1785 elephantos
455 1731 495 1770 in
522 1731 653 1785 prima
678 1732 830 1779 fronte,
858 1745 1031 1783 quorum
1055 1729 1245 1770 fortuitus
1270 1729 1446 1784 impetus
1473 1736 1532 1769 at—
1558 1740 1575 1770 6

189 1808 267 1846 que
287 1793 552 1834 intolerabilis
573 1793 635 1833 vis
657 1793 775 1848 signa
795 1792 911 1845 sequi
931 1800 971 1833 et
991 1807 1153 1833 servare
1180 1791 1360 1840 ordines,
1386 1790 1428 1830 in
1453 1805 1532 1844 quo

187 1855 408 1910 plurimum
441 1856 529 1910 spei
558 1864 775 1910 ponerent,
811 1856 1024 1896 Romanos
1054 1854 1335 1909 prohiberent3
1385 1853 1532 1894 deinde
1559 1867 1575 1895 7

188 1917 406 1958 auxiliares
433 1925 525 1958 ante
542 1917 948 1973 Carthaginiensium
973 1917 1114 1966 aciem,
1140 1932 1191 1958 ne
1211 1916 1396 1957 homines
1415 1916 1532 1956 mixti

188 1995 239 2020 ex
265 1979 508 2021 conluvione
533 1981 714 2021 omnium
746 1980 950 2035 gentium,
989 1995 1090 2033 quos
1122 1994 1204 2019 non
1234 1979 1335 2019 fides
1362 1986 1530 2027 teneret,

189 2042 262 2082 sed
297 2056 473 2089 merces,
521 2042 696 2083 liberum
731 2049 943 2097 receptum
979 2043 1103 2096 fugae
1139 2041 1361 2089 haberent,
1411 2039 1531 2080 simul
1558 2052 1576 2082 8

186 2103 365 2157 primum
390 2104 577 2145 ardorem
603 2113 724 2158 atque
756 2105 952 2159 impetum
985 2104 1164 2145 hostium
1196 2103 1446 2158 excipientes
1472 2103 1533 2143 fa-

188 2165 367 2219 tigarent
391 2181 455 2215 ac,
483 2166 517 2207 si
541 2166 643 2206 nihil
668 2167 790 2215 aliud,
818 2166 1053 2207 vulneribus
1075 2166 1159 2206 suis
1179 2165 1333 2205 ferrum
1352 2164 1533 2205 hostium

188 2227 446 2277 hebetarent3
494 2235 599 2277 tuin,
635 2229 706 2269 ubi
731 2229 862 2270 omnis
889 2244 1003 2283 spes,
1040 2228 1189 2268 milites
1216 2226 1531 2281 Carthaginien·
1555 2238 1574 2269 9

189 2304 254 2329 ses
275 2290 504 2342 Afrosque,
541 2297 586 2330 ut
611 2290 799 2331 omnibus
824 2291 947 2331 rebus
974 2290 1062 2330 aliis
1086 2305 1227 2345 pares,
1265 2304 1312 2330 eo
1339 2289 1448 2342 quod
1470 2289 1532 2329 in-

187 2351 292 2405 tegri
317 2365 410 2391 cum
434 2351 555 2392 fessis
582 2367 629 2393 ac
655 2352 803 2393 sauciis
828 2359 1078 2407 pugnarent,
1117 2351 1346 2406 superiores
1373 2359 1528 2401 essent3

187 2413 353 2454 Italicos
390 2413 567 2455 incertos
605 2414 706 2455 socii
747 2430 799 2454 an
835 2415 974 2455 hostes
1018 2421 1158 2455 essent
1196 2414 1238 2454 in
1278 2421 1529 2468 postremam

188 2475 317 2515 aciem
348 2482 587 2517 summotos.
652 2476 730 2517 hoc
761 2476 870 2518 edito
900 2476 1013 2517 velut
1042 2476 1184 2517 ultimo
1214 2475 1374 2516 virtutis
1406 2491 1528 2531 opere
1554 2489 1593 2518 10

186 2537 399 2578 Hannibal
435 2552 527 2578 cum
561 2538 866 2579 Hadrumetum
906 2538 1129 2593 refugisset
1164 2537 1399 2590 accitusque
1434 2538 1528 2579 inde

188 2597 484 2654 Carthaginem
521 2608 637 2641 sexto
673 2615 721 2641 ac
756 2600 962 2641 tricesimo
996 2608 1092 2655 post
1127 2615 1233 2641 anno
1269 2614 1392 2653 quam
1426 2615 1527 2654 puer

186 2661 279 2702 inde
316 2662 525 2716 profectus
562 2670 649 2703 erat
683 2663 877 2713 redisset,
919 2663 1056 2704 fassus
1093 2662 1136 2702 in
1172 2661 1283 2702 curia
1317 2668 1398 2712 est,
1444 2676 1528 2703 non
1550 2675 1587 2705 11
