<?xml version="1.0" encoding="UTF-8"?>
<!DOCTYPE html PUBLIC "-//W3C//DTD XHTML 1.0 Transitional//EN"
    "http://www.w3.org/TR/xhtml1/DTD/xhtml1-transitional.dtd">
<html xmlns="http://www.w3.org/1999/xhtml" xml:lang="en" lang="en">
 <head>
  <title>
</title>
<meta http-equiv="Content-Type" content="text/html;charset=utf-8" />
  <meta name='ocr-system' content='tesseract 3.04.00' />
  <meta name='ocr-capabilities' content='ocr_page ocr_carea ocr_par ocr_line ocrx_word'/>
</head>
<body>
  <div class='ocr_page' id='page_1' title='image "./aburbeconditalib02livyuoft_0140.png"; bbox 0 0 1815 3184; ppageno 0'>
   <div class='ocr_carea' id='block_1_1' title="bbox 315 243 1339 295">
    <p class='ocr_par' dir='ltr' id='par_1_1' title="bbox 315 243 1339 295">
     <span class='ocr_line' id='line_1_1' title="bbox 315 243 1339 295; baseline 0 -11"><span class='ocrx_word' id='word_1_1' title='bbox 315 243 368 284; x_wconf 80' lang='lat' dir='ltr'>3ss</span> <span class='ocrx_word' id='word_1_2' title='bbox 636 252 789 285; x_wconf 81' lang='lat' dir='ltr'>LIBER</span> <span class='ocrx_word' id='word_1_3' title='bbox 813 251 922 295; x_wconf 77' lang='lat' dir='ltr'>XXI,</span> <span class='ocrx_word' id='word_1_4' title='bbox 947 251 1001 285; x_wconf 87' lang='lat'>43.</span> <span class='ocrx_word' id='word_1_5' title='bbox 1021 251 1075 284; x_wconf 82' lang='lat'>44.</span> <span class='ocrx_word' id='word_1_6' title='bbox 1104 253 1152 293; x_wconf 81' lang='lat' dir='ltr'>[a.</span> <span class='ocrx_word' id='word_1_7' title='bbox 1166 262 1199 284; x_wconf 85' lang='lat' dir='ltr'>u.</span> <span class='ocrx_word' id='word_1_8' title='bbox 1214 262 1244 284; x_wconf 69' lang='grc' dir='ltr'>ο.</span> <span class='ocrx_word' id='word_1_9' title='bbox 1258 251 1339 294; x_wconf 82' lang='lat'>536]</span> 
     </span>
    </p>
   </div>
   <div class='ocr_carea' id='block_1_2' title="bbox 240 352 1668 2751">
    <p class='ocr_par' dir='ltr' id='par_1_2' title="bbox 314 352 1667 409">
     <span class='ocr_line' id='line_1_2' title="bbox 314 352 1667 409; baseline 0.001 -15"><span class='ocrx_word' id='word_1_10' title='bbox 314 355 492 409; x_wconf 82' lang='lat' dir='ltr'>opimam</span> <span class='ocrx_word' id='word_1_11' title='bbox 519 354 767 402; x_wconf 79' lang='lat' dir='ltr'>mercedem,</span> <span class='ocrx_word' id='word_1_12' title='bbox 795 353 922 408; x_wconf 88' lang='lat' dir='ltr'>agite,</span> <span class='ocrx_word' id='word_1_13' title='bbox 950 367 1043 393; x_wconf 90' lang='lat' dir='ltr'>eum</span> <span class='ocrx_word' id='word_1_14' title='bbox 1062 353 1139 393; x_wconf 92' lang='lat' dir='ltr'>diis</span> <span class='ocrx_word' id='word_1_15' title='bbox 1165 352 1269 393; x_wconf 91' lang='lat' dir='ltr'>bene</span> <span class='ocrx_word' id='word_1_16' title='bbox 1294 352 1529 394; x_wconf 79' lang='lat' dir='ltr'>iuvantibus</span> <span class='ocrx_word' id='word_1_17' title='bbox 1555 370 1667 395; x_wconf 88' lang='lat' dir='ltr'>arma</span> 
     </span>
    </p>

    <p class='ocr_par' dir='ltr' id='par_1_3' title="bbox 268 414 1667 530">
     <span class='ocr_line' id='line_1_3' title="bbox 268 414 1665 470; baseline 0.001 -14"><span class='ocrx_word' id='word_1_18' title='bbox 268 430 288 460; x_wconf 89' lang='lat'>8</span> <span class='ocrx_word' id='word_1_19' title='bbox 315 417 458 470; x_wconf 88' lang='lat' dir='ltr'>eapite.</span> <span class='ocrx_word' id='word_1_20' title='bbox 509 416 606 456; x_wconf 84' lang='lat' dir='ltr'>satis</span> <span class='ocrx_word' id='word_1_21' title='bbox 644 415 779 456; x_wconf 88' lang='lat' dir='ltr'>adhuc</span> <span class='ocrx_word' id='word_1_22' title='bbox 814 416 856 455; x_wconf 93' lang='lat' dir='ltr'>in</span> <span class='ocrx_word' id='word_1_23' title='bbox 891 415 1020 455; x_wconf 77' lang='lat' dir='ltr'>vastis</span> <span class='ocrx_word' id='word_1_24' title='bbox 1057 415 1301 455; x_wconf 83' lang='lat' dir='ltr'>Lusitaniae</span> <span class='ocrx_word' id='word_1_25' title='bbox 1339 414 1665 469; x_wconf 81' lang='lat' dir='ltr'>Celtiberiaeque</span> 
     </span>
     <span class='ocr_line' id='line_1_4' title="bbox 313 476 1667 530; baseline 0.001 -13"><span class='ocrx_word' id='word_1_26' title='bbox 313 477 519 517; x_wconf 85' lang='lat' dir='ltr'>montibus</span> <span class='ocrx_word' id='word_1_27' title='bbox 561 491 709 530; x_wconf 90' lang='lat' dir='ltr'>pecora</span> <span class='ocrx_word' id='word_1_28' title='bbox 747 477 1021 518; x_wconf 86' lang='lat' dir='ltr'>consectando</span> <span class='ocrx_word' id='word_1_29' title='bbox 1057 476 1215 516; x_wconf 90' lang='lat' dir='ltr'>nullum</span> <span class='ocrx_word' id='word_1_30' title='bbox 1251 477 1571 517; x_wconf 90' lang='lat' dir='ltr'>emolumentum</span> <span class='ocrx_word' id='word_1_31' title='bbox 1608 485 1667 518; x_wconf 87' lang='lat' dir='ltr'>tot</span> 
     </span>
    </p>

    <p class='ocr_par' dir='ltr' id='par_1_4' title="bbox 268 538 1668 715">
     <span class='ocr_line' id='line_1_5' title="bbox 268 538 1666 592; baseline 0.001 -14"><span class='ocrx_word' id='word_1_32' title='bbox 268 553 285 582; x_wconf 88' lang='grc'><strong>9</strong></span> <span class='ocrx_word' id='word_1_33' title='bbox 311 538 497 578; x_wconf 89' lang='lat' dir='ltr'>laborum</span> <span class='ocrx_word' id='word_1_34' title='bbox 533 538 888 592; x_wconf 86' lang='lat' dir='ltr'>periculorumque</span> <span class='ocrx_word' id='word_1_35' title='bbox 925 546 1152 579; x_wconf 81' lang='lat' dir='ltr'>vestrorum</span> <span class='ocrx_word' id='word_1_36' title='bbox 1190 538 1369 578; x_wconf 60' lang='lat' dir='ltr'>xidistis:</span> <span class='ocrx_word' id='word_1_37' title='bbox 1411 545 1573 592; x_wconf 87' lang='lat' dir='ltr'>tempus</span> <span class='ocrx_word' id='word_1_38' title='bbox 1606 547 1666 580; x_wconf 91' lang='lat' dir='ltr'>est</span> 
     </span>
     <span class='ocr_line' id='line_1_6' title="bbox 312 599 1667 655; baseline 0.001 -15"><span class='ocrx_word' id='word_1_39' title='bbox 312 600 393 640; x_wconf 91' lang='lat' dir='ltr'>iam</span> <span class='ocrx_word' id='word_1_40' title='bbox 425 599 618 654; x_wconf 84' lang='lat' dir='ltr'>opulenta</span> <span class='ocrx_word' id='word_1_41' title='bbox 647 615 721 640; x_wconf 68' lang='lat' dir='ltr'>vos</span> <span class='ocrx_word' id='word_1_42' title='bbox 748 614 796 640; x_wconf 89' lang='lat' dir='ltr'>ac</span> <span class='ocrx_word' id='word_1_43' title='bbox 821 600 919 640; x_wconf 87' lang='lat' dir='ltr'>ditia</span> <span class='ocrx_word' id='word_1_44' title='bbox 945 600 1146 654; x_wconf 88' lang='lat' dir='ltr'>stipendia</span> <span class='ocrx_word' id='word_1_45' title='bbox 1171 599 1307 640; x_wconf 88' lang='lat' dir='ltr'>facere</span> <span class='ocrx_word' id='word_1_46' title='bbox 1333 607 1372 640; x_wconf 88' lang='lat' dir='ltr'>et</span> <span class='ocrx_word' id='word_1_47' title='bbox 1397 615 1547 655; x_wconf 86' lang='lat' dir='ltr'>magna</span> <span class='ocrx_word' id='word_1_48' title='bbox 1572 615 1667 655; x_wconf 90' lang='lat' dir='ltr'>ope-</span> 
     </span>
     <span class='ocr_line' id='line_1_7' title="bbox 310 661 1668 715; baseline 0.001 -14"><span class='ocrx_word' id='word_1_49' title='bbox 310 676 379 702; x_wconf 85' lang='lat' dir='ltr'>rae</span> <span class='ocrx_word' id='word_1_50' title='bbox 404 661 534 715; x_wconf 89' lang='lat' dir='ltr'>pretia</span> <span class='ocrx_word' id='word_1_51' title='bbox 559 661 723 710; x_wconf 88' lang='lat' dir='ltr'>mereri,</span> <span class='ocrx_word' id='word_1_52' title='bbox 756 668 913 702; x_wconf 88' lang='lat' dir='ltr'>tantum</span> <span class='ocrx_word' id='word_1_53' title='bbox 939 661 1093 702; x_wconf 85' lang='lat' dir='ltr'>itineris</span> <span class='ocrx_word' id='word_1_54' title='bbox 1118 676 1191 715; x_wconf 90' lang='lat' dir='ltr'>per</span> <span class='ocrx_word' id='word_1_55' title='bbox 1215 668 1273 702; x_wconf 86' lang='lat' dir='ltr'>tot</span> <span class='ocrx_word' id='word_1_56' title='bbox 1296 668 1455 702; x_wconf 89' lang='lat' dir='ltr'>montes</span> <span class='ocrx_word' id='word_1_57' title='bbox 1481 662 1668 702; x_wconf 88' lang='lat' dir='ltr'>flumina-</span> 
     </span>
    </p>

    <p class='ocr_par' dir='ltr' id='par_1_5' title="bbox 247 723 1665 839">
     <span class='ocr_line' id='line_1_8' title="bbox 247 723 1665 778; baseline -0.001 -14"><span class='ocrx_word' id='word_1_58' title='bbox 247 736 285 764; x_wconf 85' lang='grc'>10</span> <span class='ocrx_word' id='word_1_59' title='bbox 310 737 389 775; x_wconf 89' lang='lat' dir='ltr'>que</span> <span class='ocrx_word' id='word_1_60' title='bbox 415 730 454 763; x_wconf 91' lang='lat' dir='ltr'>ct</span> <span class='ocrx_word' id='word_1_61' title='bbox 479 730 537 763; x_wconf 87' lang='lat' dir='ltr'>tot</span> <span class='ocrx_word' id='word_1_62' title='bbox 564 730 740 763; x_wconf 85' lang='lat' dir='ltr'>armatas</span> <span class='ocrx_word' id='word_1_63' title='bbox 771 732 915 778; x_wconf 85' lang='lat' dir='ltr'>gentes</span> <span class='ocrx_word' id='word_1_64' title='bbox 947 737 1148 763; x_wconf 88' lang='lat' dir='ltr'>emensos.</span> <span class='ocrx_word' id='word_1_65' title='bbox 1203 723 1270 763; x_wconf 86' lang='lat' dir='ltr'>hic</span> <span class='ocrx_word' id='word_1_66' title='bbox 1300 723 1418 764; x_wconf 88' lang='lat' dir='ltr'>vobis</span> <span class='ocrx_word' id='word_1_67' title='bbox 1450 724 1665 764; x_wconf 84' lang='lat' dir='ltr'>terminum</span> 
     </span>
     <span class='ocr_line' id='line_1_9' title="bbox 309 783 1665 839; baseline 0.002 -16"><span class='ocrx_word' id='word_1_68' title='bbox 309 783 495 824; x_wconf 86' lang='lat' dir='ltr'>laborum</span> <span class='ocrx_word' id='word_1_69' title='bbox 532 784 697 824; x_wconf 83' lang='lat' dir='ltr'>fortuna</span> <span class='ocrx_word' id='word_1_70' title='bbox 732 785 864 833; x_wconf 89' lang='lat' dir='ltr'>dedit,</span> <span class='ocrx_word' id='word_1_71' title='bbox 908 784 974 825; x_wconf 89' lang='lat' dir='ltr'>hic</span> <span class='ocrx_word' id='word_1_72' title='bbox 1010 785 1176 839; x_wconf 82' lang='lat' dir='ltr'>dignam</span> <span class='ocrx_word' id='word_1_73' title='bbox 1213 785 1443 825; x_wconf 82' lang='lat' dir='ltr'>mercedem</span> <span class='ocrx_word' id='word_1_74' title='bbox 1487 785 1665 826; x_wconf 87' lang='lat' dir='ltr'>emeritis</span> 
     </span>
    </p>

    <p class='ocr_par' dir='ltr' id='par_1_6' title="bbox 247 845 1666 1024">
     <span class='ocr_line' id='line_1_10' title="bbox 247 845 1664 900; baseline 0 -12"><span class='ocrx_word' id='word_1_75' title='bbox 247 860 281 888; x_wconf 93' lang='lat'>11</span> <span class='ocrx_word' id='word_1_76' title='bbox 312 846 523 899; x_wconf 86' lang='lat' dir='ltr'>stipendiis</span> <span class='ocrx_word' id='word_1_77' title='bbox 561 845 686 886; x_wconf 87' lang='lat' dir='ltr'>dabit.</span> <span class='ocrx_word' id='word_1_78' title='bbox 742 861 816 886; x_wconf 92' lang='lat' dir='ltr'>nec</span> <span class='ocrx_word' id='word_1_79' title='bbox 853 861 976 899; x_wconf 86' lang='lat' dir='ltr'>quam</span> <span class='ocrx_word' id='word_1_80' title='bbox 1013 847 1152 900; x_wconf 89' lang='lat' dir='ltr'>magni</span> <span class='ocrx_word' id='word_1_81' title='bbox 1188 846 1365 887; x_wconf 89' lang='lat' dir='ltr'>nominis</span> <span class='ocrx_word' id='word_1_82' title='bbox 1401 846 1554 887; x_wconf 89' lang='lat' dir='ltr'>bellum</span> <span class='ocrx_word' id='word_1_83' title='bbox 1592 855 1664 895; x_wconf 83' lang='lat' dir='ltr'>est,</span> 
     </span>
     <span class='ocr_line' id='line_1_11' title="bbox 309 907 1666 963; baseline 0.001 -16"><span class='ocrx_word' id='word_1_84' title='bbox 309 914 393 947; x_wconf 89' lang='lat' dir='ltr'>tam</span> <span class='ocrx_word' id='word_1_85' title='bbox 419 907 629 947; x_wconf 79' lang='lat' dir='ltr'>difficilem</span> <span class='ocrx_word' id='word_1_86' title='bbox 656 908 934 948; x_wconf 85' lang='lat' dir='ltr'>existimaritis</span> <span class='ocrx_word' id='word_1_87' title='bbox 961 908 1172 948; x_wconf 69' lang='lat' dir='ltr'>victoriam</span> <span class='ocrx_word' id='word_1_88' title='bbox 1198 908 1298 949; x_wconf 83' lang='lat' dir='ltr'>fore.</span> <span class='ocrx_word' id='word_1_89' title='bbox 1361 923 1482 963; x_wconf 88' lang='lat' dir='ltr'>saepe</span> <span class='ocrx_word' id='word_1_90' title='bbox 1508 916 1546 949; x_wconf 91' lang='lat' dir='ltr'>et</span> <span class='ocrx_word' id='word_1_91' title='bbox 1572 923 1666 949; x_wconf 87' lang='grc'><strong>0011-</strong></span> 
     </span>
     <span class='ocr_line' id='line_1_12' title="bbox 309 968 1664 1024; baseline 0.001 -16"><span class='ocrx_word' id='word_1_92' title='bbox 309 975 487 1023; x_wconf 90' lang='lat' dir='ltr'>temptus</span> <span class='ocrx_word' id='word_1_93' title='bbox 518 968 648 1009; x_wconf 87' lang='lat' dir='ltr'>hostis</span> <span class='ocrx_word' id='word_1_94' title='bbox 676 977 888 1009; x_wconf 88' lang='lat' dir='ltr'>cruentum</span> <span class='ocrx_word' id='word_1_95' title='bbox 915 977 1121 1010; x_wconf 88' lang='lat' dir='ltr'>certamen</span> <span class='ocrx_word' id='word_1_96' title='bbox 1147 970 1271 1010; x_wconf 86' lang='lat' dir='ltr'>edidit</span> <span class='ocrx_word' id='word_1_97' title='bbox 1298 976 1335 1010; x_wconf 88' lang='lat' dir='ltr'>et</span> <span class='ocrx_word' id='word_1_98' title='bbox 1360 970 1501 1024; x_wconf 70' lang='lat' dir='ltr'>inclyti</span> <span class='ocrx_word' id='word_1_99' title='bbox 1525 971 1664 1024; x_wconf 88' lang='lat' dir='ltr'>populi</span> 
     </span>
    </p>

    <p class='ocr_par' dir='ltr' id='par_1_7' title="bbox 240 1031 1666 2380">
     <span class='ocr_line' id='line_1_13' title="bbox 245 1031 1664 1086; baseline -0.001 -13"><span class='ocrx_word' id='word_1_100' title='bbox 245 1043 283 1073; x_wconf 83' lang='lat'>12</span> <span class='ocrx_word' id='word_1_101' title='bbox 309 1045 511 1084; x_wconf 87' lang='lat' dir='ltr'>regesque</span> <span class='ocrx_word' id='word_1_102' title='bbox 547 1031 701 1084; x_wconf 73' lang='lat' dir='ltr'>perlevi</span> <span class='ocrx_word' id='word_1_103' title='bbox 738 1039 945 1071; x_wconf 90' lang='lat' dir='ltr'>momento</span> <span class='ocrx_word' id='word_1_104' title='bbox 982 1031 1078 1071; x_wconf 75' lang='lat' dir='ltr'>victi</span> <span class='ocrx_word' id='word_1_105' title='bbox 1112 1039 1217 1071; x_wconf 88' lang='lat' dir='ltr'>sunt.</span> <span class='ocrx_word' id='word_1_106' title='bbox 1265 1047 1360 1072; x_wconf 85' lang='lat' dir='ltr'>nam</span> <span class='ocrx_word' id='word_1_107' title='bbox 1393 1032 1558 1086; x_wconf 88' lang='lat' dir='ltr'>dempto</span> <span class='ocrx_word' id='word_1_108' title='bbox 1589 1032 1664 1071; x_wconf 89' lang='lat' dir='ltr'>hoc</span> 
     </span>
     <span class='ocr_line' id='line_1_14' title="bbox 309 1092 1666 1146; baseline 0.001 -15"><span class='ocrx_word' id='word_1_109' title='bbox 309 1106 391 1131; x_wconf 87' lang='lat' dir='ltr'>uno</span> <span class='ocrx_word' id='word_1_110' title='bbox 423 1092 582 1146; x_wconf 78' lang='lat' dir='ltr'>fulgore</span> <span class='ocrx_word' id='word_1_111' title='bbox 607 1092 784 1132; x_wconf 90' lang='lat' dir='ltr'>nominis</span> <span class='ocrx_word' id='word_1_112' title='bbox 810 1092 987 1132; x_wconf 83' lang='lat' dir='ltr'>Romani</span> <span class='ocrx_word' id='word_1_113' title='bbox 1013 1093 1112 1145; x_wconf 86' lang='lat' dir='ltr'>quid</span> <span class='ocrx_word' id='word_1_114' title='bbox 1137 1100 1216 1140; x_wconf 89' lang='lat' dir='ltr'>est,</span> <span class='ocrx_word' id='word_1_115' title='bbox 1250 1107 1322 1133; x_wconf 89' lang='lat' dir='ltr'>cur</span> <span class='ocrx_word' id='word_1_116' title='bbox 1345 1093 1402 1132; x_wconf 89' lang='lat' dir='ltr'>illi</span> <span class='ocrx_word' id='word_1_117' title='bbox 1427 1092 1544 1134; x_wconf 75' lang='lat' dir='ltr'>vobis</span> <span class='ocrx_word' id='word_1_118' title='bbox 1571 1107 1666 1133; x_wconf 89' lang='lat' dir='ltr'>eon-</span> 
     </span>
     <span class='ocr_line' id='line_1_15' title="bbox 244 1153 1664 1208; baseline -0.001 -13"><span class='ocrx_word' id='word_1_119' title='bbox 244 1165 283 1195; x_wconf 91' lang='lat'>13</span> <span class='ocrx_word' id='word_1_120' title='bbox 309 1153 479 1206; x_wconf 87' lang='lat' dir='ltr'>parandi</span> <span class='ocrx_word' id='word_1_121' title='bbox 511 1153 614 1193; x_wconf 79' lang='lat' dir='ltr'>sint?</span> <span class='ocrx_word' id='word_1_122' title='bbox 662 1161 705 1193; x_wconf 90' lang='lat' dir='ltr'>ut</span> <span class='ocrx_word' id='word_1_123' title='bbox 736 1154 881 1208; x_wconf 67' lang='lat' dir='ltr'>viginti</span> <span class='ocrx_word' id='word_1_124' title='bbox 913 1169 1113 1194; x_wconf 86' lang='lat' dir='ltr'>annorum</span> <span class='ocrx_word' id='word_1_125' title='bbox 1145 1154 1329 1194; x_wconf 88' lang='lat' dir='ltr'>militiam</span> <span class='ocrx_word' id='word_1_126' title='bbox 1362 1161 1540 1195; x_wconf 77' lang='lat' dir='ltr'>vestram</span> <span class='ocrx_word' id='word_1_127' title='bbox 1572 1169 1664 1194; x_wconf 86' lang='lat' dir='ltr'>eum</span> 
     </span>
     <span class='ocr_line' id='line_1_16' title="bbox 308 1214 1666 1264; baseline 0.001 -10"><span class='ocrx_word' id='word_1_128' title='bbox 308 1214 377 1254; x_wconf 90' lang='lat' dir='ltr'>illa</span> <span class='ocrx_word' id='word_1_129' title='bbox 403 1215 569 1263; x_wconf 79' lang='lat' dir='ltr'>virtute,</span> <span class='ocrx_word' id='word_1_130' title='bbox 603 1229 695 1256; x_wconf 88' lang='lat' dir='ltr'>eum</span> <span class='ocrx_word' id='word_1_131' title='bbox 721 1215 790 1255; x_wconf 82' lang='lat' dir='ltr'>illa</span> <span class='ocrx_word' id='word_1_132' title='bbox 814 1215 977 1256; x_wconf 86' lang='lat' dir='ltr'>fortuna</span> <span class='ocrx_word' id='word_1_133' title='bbox 1005 1222 1181 1264; x_wconf 90' lang='lat' dir='ltr'>taceam,</span> <span class='ocrx_word' id='word_1_134' title='bbox 1215 1215 1266 1256; x_wconf 86' lang='lat' dir='ltr'>ab</span> <span class='ocrx_word' id='word_1_135' title='bbox 1291 1216 1485 1256; x_wconf 86' lang='lat' dir='ltr'>Herculis</span> <span class='ocrx_word' id='word_1_136' title='bbox 1512 1216 1666 1256; x_wconf 89' lang='lat' dir='ltr'>colum-</span> 
     </span>
     <span class='ocr_line' id='line_1_17' title="bbox 307 1275 1665 1331; baseline 0.001 -15"><span class='ocrx_word' id='word_1_137' title='bbox 307 1275 390 1324; x_wconf 89' lang='lat' dir='ltr'>nis,</span> <span class='ocrx_word' id='word_1_138' title='bbox 416 1276 467 1316; x_wconf 91' lang='lat' dir='ltr'>ab</span> <span class='ocrx_word' id='word_1_139' title='bbox 492 1275 661 1317; x_wconf 82' lang='lat' dir='ltr'>Oceano</span> <span class='ocrx_word' id='word_1_140' title='bbox 687 1277 951 1330; x_wconf 87' lang='lat' dir='ltr'>terminisque</span> <span class='ocrx_word' id='word_1_141' title='bbox 977 1277 1130 1317; x_wconf 82' lang='lat' dir='ltr'>ultimis</span> <span class='ocrx_word' id='word_1_142' title='bbox 1157 1286 1354 1317; x_wconf 89' lang='lat' dir='ltr'>terrarum</span> <span class='ocrx_word' id='word_1_143' title='bbox 1379 1292 1452 1331; x_wconf 90' lang='lat' dir='ltr'>per</span> <span class='ocrx_word' id='word_1_144' title='bbox 1476 1285 1535 1318; x_wconf 89' lang='lat' dir='ltr'>tot</span> <span class='ocrx_word' id='word_1_145' title='bbox 1559 1278 1665 1317; x_wconf 89' lang='lat' dir='ltr'>fero-</span> 
     </span>
     <span class='ocr_line' id='line_1_18' title="bbox 308 1337 1665 1392; baseline 0.001 -15"><span class='ocrx_word' id='word_1_146' title='bbox 308 1337 496 1378; x_wconf 89' lang='lat' dir='ltr'>cissimos</span> <span class='ocrx_word' id='word_1_147' title='bbox 523 1337 751 1392; x_wconf 86' lang='lat' dir='ltr'>Hispaniae</span> <span class='ocrx_word' id='word_1_148' title='bbox 784 1345 822 1378; x_wconf 90' lang='lat' dir='ltr'>et</span> <span class='ocrx_word' id='word_1_149' title='bbox 850 1337 1008 1378; x_wconf 73' lang='lat' dir='ltr'>Gralliac</span> <span class='ocrx_word' id='word_1_150' title='bbox 1034 1338 1208 1392; x_wconf 90' lang='lat' dir='ltr'>populos</span> <span class='ocrx_word' id='word_1_151' title='bbox 1235 1339 1443 1379; x_wconf 79' lang='lat' dir='ltr'>vincentes</span> <span class='ocrx_word' id='word_1_152' title='bbox 1469 1339 1549 1379; x_wconf 89' lang='lat' dir='ltr'>hue</span> <span class='ocrx_word' id='word_1_153' title='bbox 1574 1353 1665 1392; x_wconf 89' lang='lat' dir='ltr'>per-</span> 
     </span>
     <span class='ocr_line' id='line_1_19' title="bbox 244 1399 1664 1454; baseline -0.001 -13"><span class='ocrx_word' id='word_1_154' title='bbox 244 1413 283 1442; x_wconf 75' lang='lat'>14</span> <span class='ocrx_word' id='word_1_155' title='bbox 309 1399 497 1440; x_wconf 80' lang='lat' dir='ltr'>venistis:</span> <span class='ocrx_word' id='word_1_156' title='bbox 529 1399 767 1454; x_wconf 79' lang='lat' dir='ltr'>pugnabitis</span> <span class='ocrx_word' id='word_1_157' title='bbox 795 1414 888 1440; x_wconf 87' lang='lat' dir='ltr'>cum</span> <span class='ocrx_word' id='word_1_158' title='bbox 915 1400 1093 1440; x_wconf 81' lang='lat' dir='ltr'>exercitu</span> <span class='ocrx_word' id='word_1_159' title='bbox 1119 1400 1267 1447; x_wconf 89' lang='lat' dir='ltr'>tirone,</span> <span class='ocrx_word' id='word_1_160' title='bbox 1294 1400 1370 1440; x_wconf 89' lang='lat' dir='ltr'>hac</span> <span class='ocrx_word' id='word_1_161' title='bbox 1396 1400 1484 1453; x_wconf 89' lang='lat' dir='ltr'>ipsa</span> <span class='ocrx_word' id='word_1_162' title='bbox 1511 1407 1664 1440; x_wconf 84' lang='lat' dir='ltr'>aestate</span> 
     </span>
     <span class='ocr_line' id='line_1_20' title="bbox 309 1460 1664 1516; baseline 0 -15"><span class='ocrx_word' id='word_1_163' title='bbox 309 1475 448 1509; x_wconf 77' lang='lat' dir='ltr'>caeSO‚</span> <span class='ocrx_word' id='word_1_164' title='bbox 475 1461 600 1510; x_wconf 69' lang='lat' dir='ltr'>victo,</span> <span class='ocrx_word' id='word_1_165' title='bbox 629 1462 900 1502; x_wconf 90' lang='lat' dir='ltr'>circumsesso</span> <span class='ocrx_word' id='word_1_166' title='bbox 921 1477 945 1502; x_wconf 85' lang='lat' dir='ltr'>a</span> <span class='ocrx_word' id='word_1_167' title='bbox 966 1460 1117 1510; x_wconf 83' lang='lat' dir='ltr'>Gallis,</span> <span class='ocrx_word' id='word_1_168' title='bbox 1144 1462 1285 1516; x_wconf 88' lang='lat' dir='ltr'>ignoto</span> <span class='ocrx_word' id='word_1_169' title='bbox 1311 1461 1444 1502; x_wconf 87' lang='lat' dir='ltr'>adhuc</span> <span class='ocrx_word' id='word_1_170' title='bbox 1470 1462 1563 1502; x_wconf 87' lang='lat' dir='ltr'>duci</span> <span class='ocrx_word' id='word_1_171' title='bbox 1590 1477 1664 1502; x_wconf 87' lang='lat' dir='ltr'>suo</span> 
     </span>
     <span class='ocr_line' id='line_1_21' title="bbox 242 1522 1664 1577; baseline -0.001 -12"><span class='ocrx_word' id='word_1_172' title='bbox 242 1536 281 1565; x_wconf 81' lang='lat'>15</span> <span class='ocrx_word' id='word_1_173' title='bbox 307 1522 593 1577; x_wconf 78' lang='lat' dir='ltr'>ignorantique</span> <span class='ocrx_word' id='word_1_174' title='bbox 618 1523 778 1563; x_wconf 88' lang='lat' dir='ltr'>ducem.</span> <span class='ocrx_word' id='word_1_175' title='bbox 827 1539 880 1564; x_wconf 90' lang='lat' dir='ltr'>an</span> <span class='ocrx_word' id='word_1_176' title='bbox 905 1538 970 1563; x_wconf 88' lang='lat' dir='ltr'>me</span> <span class='ocrx_word' id='word_1_177' title='bbox 995 1523 1036 1563; x_wconf 90' lang='lat' dir='ltr'>in</span> <span class='ocrx_word' id='word_1_178' title='bbox 1056 1524 1258 1577; x_wconf 90' lang='lat' dir='ltr'>praetorio</span> <span class='ocrx_word' id='word_1_179' title='bbox 1278 1524 1423 1577; x_wconf 89' lang='lat' dir='ltr'>patris,</span> <span class='ocrx_word' id='word_1_180' title='bbox 1450 1523 1664 1564; x_wconf 84' lang='lat' dir='ltr'>clarissimi</span> 
     </span>
     <span class='ocr_line' id='line_1_22' title="bbox 307 1584 1663 1638; baseline 0.001 -15"><span class='ocrx_word' id='word_1_181' title='bbox 307 1584 582 1638; x_wconf 86' lang='lat' dir='ltr'>imperatoris,</span> <span class='ocrx_word' id='word_1_182' title='bbox 632 1599 758 1638; x_wconf 85' lang='lat' dir='ltr'>prope</span> <span class='ocrx_word' id='word_1_183' title='bbox 800 1594 961 1633; x_wconf 90' lang='lat' dir='ltr'>natum,</span> <span class='ocrx_word' id='word_1_184' title='bbox 1011 1592 1118 1625; x_wconf 85' lang='lat' dir='ltr'>certe</span> <span class='ocrx_word' id='word_1_185' title='bbox 1161 1585 1373 1634; x_wconf 85' lang='lat' dir='ltr'>eductum,</span> <span class='ocrx_word' id='word_1_186' title='bbox 1422 1585 1663 1626; x_wconf 84' lang='lat' dir='ltr'>domitorem</span> 
     </span>
     <span class='ocr_line' id='line_1_23' title="bbox 307 1644 1663 1700; baseline 0.001 -15"><span class='ocrx_word' id='word_1_187' title='bbox 307 1645 536 1699; x_wconf 80' lang='lat' dir='ltr'>Hispaniae</span> <span class='ocrx_word' id='word_1_188' title='bbox 569 1644 831 1699; x_wconf 88' lang='lat' dir='ltr'>Galliaeque,</span> <span class='ocrx_word' id='word_1_189' title='bbox 869 1647 1064 1687; x_wconf 68' lang='lat' dir='ltr'>victorem</span> <span class='ocrx_word' id='word_1_190' title='bbox 1097 1647 1272 1687; x_wconf 89' lang='lat' dir='ltr'>eundem</span> <span class='ocrx_word' id='word_1_191' title='bbox 1304 1661 1386 1687; x_wconf 90' lang='lat' dir='ltr'>non</span> <span class='ocrx_word' id='word_1_192' title='bbox 1417 1646 1663 1700; x_wconf 87' lang='lat' dir='ltr'>Alpinarum</span> 
     </span>
     <span class='ocr_line' id='line_1_24' title="bbox 306 1707 1665 1762; baseline 0.001 -16"><span class='ocrx_word' id='word_1_193' title='bbox 306 1707 428 1747; x_wconf 88' lang='lat' dir='ltr'>modo</span> <span class='ocrx_word' id='word_1_194' title='bbox 454 1707 658 1761; x_wconf 89' lang='lat' dir='ltr'>gentium,</span> <span class='ocrx_word' id='word_1_195' title='bbox 693 1708 765 1748; x_wconf 89' lang='lat' dir='ltr'>sed</span> <span class='ocrx_word' id='word_1_196' title='bbox 791 1708 990 1762; x_wconf 81' lang='lat' dir='ltr'>ipsarum,</span> <span class='ocrx_word' id='word_1_197' title='bbox 1025 1708 1135 1761; x_wconf 89' lang='lat' dir='ltr'>quod</span> <span class='ocrx_word' id='word_1_198' title='bbox 1160 1708 1288 1748; x_wconf 89' lang='lat' dir='ltr'>multo</span> <span class='ocrx_word' id='word_1_199' title='bbox 1318 1709 1450 1749; x_wconf 91' lang='lat' dir='ltr'>maius</span> <span class='ocrx_word' id='word_1_200' title='bbox 1477 1715 1555 1757; x_wconf 90' lang='lat' dir='ltr'>cst,</span> <span class='ocrx_word' id='word_1_201' title='bbox 1588 1708 1665 1748; x_wconf 95' lang='lat' dir='ltr'>Al-</span> 
     </span>
     <span class='ocr_line' id='line_1_25' title="bbox 305 1769 1665 1822; baseline 0.001 -14"><span class='ocrx_word' id='word_1_202' title='bbox 305 1769 437 1822; x_wconf 89' lang='lat' dir='ltr'>pium,</span> <span class='ocrx_word' id='word_1_203' title='bbox 464 1783 557 1809; x_wconf 88' lang='lat' dir='ltr'>eum</span> <span class='ocrx_word' id='word_1_204' title='bbox 585 1770 800 1810; x_wconf 87' lang='lat' dir='ltr'>semenstri</span> <span class='ocrx_word' id='word_1_205' title='bbox 826 1769 902 1810; x_wconf 89' lang='grc'><strong>1100</strong></span> <span class='ocrx_word' id='word_1_206' title='bbox 928 1770 1136 1810; x_wconf 87' lang='lat' dir='ltr'>conferam</span> <span class='ocrx_word' id='word_1_207' title='bbox 1163 1770 1286 1818; x_wconf 88' lang='lat' dir='ltr'>duee,</span> <span class='ocrx_word' id='word_1_208' title='bbox 1319 1770 1524 1810; x_wconf 87' lang='lat' dir='ltr'>desertore</span> <span class='ocrx_word' id='word_1_209' title='bbox 1551 1784 1665 1810; x_wconf 88' lang='lat' dir='ltr'>exer-</span> 
     </span>
     <span class='ocr_line' id='line_1_26' title="bbox 242 1830 1663 1886; baseline 0.001 -17"><span class='ocrx_word' id='word_1_210' title='bbox 242 1843 280 1873; x_wconf 85' lang='lat'>16</span> <span class='ocrx_word' id='word_1_211' title='bbox 308 1830 412 1870; x_wconf 88' lang='lat' dir='ltr'>citus</span> <span class='ocrx_word' id='word_1_212' title='bbox 440 1830 528 1870; x_wconf 81' lang='lat' dir='ltr'>sui?</span> <span class='ocrx_word' id='word_1_213' title='bbox 564 1831 628 1870; x_wconf 87' lang='lat' dir='ltr'>eui</span> <span class='ocrx_word' id='word_1_214' title='bbox 655 1831 689 1871; x_wconf 88' lang='lat' dir='ltr'>si</span> <span class='ocrx_word' id='word_1_215' title='bbox 715 1831 806 1883; x_wconf 90' lang='lat' dir='ltr'>quis</span> <span class='ocrx_word' id='word_1_216' title='bbox 833 1831 1010 1884; x_wconf 89' lang='lat' dir='ltr'>demptis</span> <span class='ocrx_word' id='word_1_217' title='bbox 1037 1831 1165 1886; x_wconf 89' lang='lat' dir='ltr'>signis</span> <span class='ocrx_word' id='word_1_218' title='bbox 1187 1831 1350 1872; x_wconf 89' lang='lat' dir='ltr'>Poenos</span> <span class='ocrx_word' id='word_1_219' title='bbox 1371 1831 1663 1883; x_wconf 84' lang='lat' dir='ltr'>Romanosque</span> 
     </span>
     <span class='ocr_line' id='line_1_27' title="bbox 304 1891 1664 1947; baseline 0.001 -16"><span class='ocrx_word' id='word_1_220' title='bbox 304 1891 426 1932; x_wconf 86' lang='lat' dir='ltr'>hodie</span> <span class='ocrx_word' id='word_1_221' title='bbox 452 1893 658 1941; x_wconf 87' lang='lat' dir='ltr'>Ostendat,</span> <span class='ocrx_word' id='word_1_222' title='bbox 685 1892 968 1947; x_wconf 86' lang='lat' dir='ltr'>ignoraturum</span> <span class='ocrx_word' id='word_1_223' title='bbox 994 1901 1149 1933; x_wconf 89' lang='lat' dir='ltr'>certum</span> <span class='ocrx_word' id='word_1_224' title='bbox 1176 1893 1326 1942; x_wconf 89' lang='lat' dir='ltr'>habeo,</span> <span class='ocrx_word' id='word_1_225' title='bbox 1353 1894 1483 1934; x_wconf 89' lang='lat' dir='ltr'>utrius</span> <span class='ocrx_word' id='word_1_226' title='bbox 1511 1893 1664 1933; x_wconf 77' lang='lat' dir='ltr'>exerci-</span> 
     </span>
     <span class='ocr_line' id='line_1_28' title="bbox 240 1954 1662 2009; baseline -0.001 -14"><span class='ocrx_word' id='word_1_227' title='bbox 240 1967 279 1995; x_wconf 84' lang='lat'>17</span> <span class='ocrx_word' id='word_1_228' title='bbox 307 1962 371 1994; x_wconf 89' lang='lat' dir='ltr'>tus</span> <span class='ocrx_word' id='word_1_229' title='bbox 399 1954 451 1994; x_wconf 87' lang='lat' dir='ltr'>sit</span> <span class='ocrx_word' id='word_1_230' title='bbox 477 1954 631 1994; x_wconf 90' lang='lat' dir='ltr'>consul.</span> <span class='ocrx_word' id='word_1_231' title='bbox 671 1969 752 1995; x_wconf 91' lang='lat' dir='ltr'>non</span> <span class='ocrx_word' id='word_1_232' title='bbox 778 1969 855 2009; x_wconf 84' lang='lat' dir='ltr'>ego</span> <span class='ocrx_word' id='word_1_233' title='bbox 880 1955 980 1995; x_wconf 89' lang='lat' dir='ltr'>illud</span> <span class='ocrx_word' id='word_1_234' title='bbox 1005 1956 1120 2009; x_wconf 81' lang='lat' dir='ltr'>parvi</span> <span class='ocrx_word' id='word_1_235' title='bbox 1142 1956 1331 2004; x_wconf 88' lang='lat' dir='ltr'>aestimo,</span> <span class='ocrx_word' id='word_1_236' title='bbox 1358 1955 1525 2003; x_wconf 88' lang='lat' dir='ltr'>milites,</span> <span class='ocrx_word' id='word_1_237' title='bbox 1552 1955 1662 2007; x_wconf 89' lang='lat' dir='ltr'>quod</span> 
     </span>
     <span class='ocr_line' id='line_1_29' title="bbox 305 2016 1663 2071; baseline 0 -15"><span class='ocrx_word' id='word_1_238' title='bbox 305 2030 426 2056; x_wconf 90' lang='lat' dir='ltr'>nemo</span> <span class='ocrx_word' id='word_1_239' title='bbox 453 2023 514 2056; x_wconf 89' lang='lat' dir='ltr'>est</span> <span class='ocrx_word' id='word_1_240' title='bbox 539 2027 740 2065; x_wconf 70' lang='lat' dir='ltr'>vestrum,</span> <span class='ocrx_word' id='word_1_241' title='bbox 767 2017 882 2056; x_wconf 89' lang='lat' dir='ltr'>euius</span> <span class='ocrx_word' id='word_1_242' title='bbox 908 2032 989 2057; x_wconf 91' lang='lat' dir='ltr'>non</span> <span class='ocrx_word' id='word_1_243' title='bbox 1015 2024 1108 2058; x_wconf 86' lang='lat' dir='ltr'>ante</span> <span class='ocrx_word' id='word_1_244' title='bbox 1134 2017 1274 2058; x_wconf 91' lang='lat' dir='ltr'>oculos</span> <span class='ocrx_word' id='word_1_245' title='bbox 1300 2018 1389 2071; x_wconf 88' lang='lat' dir='ltr'>ipse</span> <span class='ocrx_word' id='word_1_246' title='bbox 1416 2031 1538 2071; x_wconf 89' lang='lat' dir='ltr'>saepe</span> <span class='ocrx_word' id='word_1_247' title='bbox 1559 2016 1663 2056; x_wconf 89' lang='lat' dir='ltr'>mili-</span> 
     </span>
     <span class='ocr_line' id='line_1_30' title="bbox 305 2077 1661 2133; baseline 0 -15"><span class='ocrx_word' id='word_1_248' title='bbox 305 2085 390 2118; x_wconf 89' lang='lat' dir='ltr'>tare</span> <span class='ocrx_word' id='word_1_249' title='bbox 423 2077 589 2130; x_wconf 89' lang='lat' dir='ltr'>aliquod</span> <span class='ocrx_word' id='word_1_250' title='bbox 622 2077 818 2117; x_wconf 89' lang='lat' dir='ltr'>ediderim</span> <span class='ocrx_word' id='word_1_251' title='bbox 849 2078 1028 2127; x_wconf 86' lang='lat' dir='ltr'>facinus,</span> <span class='ocrx_word' id='word_1_252' title='bbox 1067 2079 1131 2119; x_wconf 85' lang='lat' dir='ltr'>cui</span> <span class='ocrx_word' id='word_1_253' title='bbox 1156 2094 1239 2119; x_wconf 89' lang='lat' dir='ltr'>non</span> <span class='ocrx_word' id='word_1_254' title='bbox 1264 2079 1371 2119; x_wconf 88' lang='lat' dir='ltr'>idem</span> <span class='ocrx_word' id='word_1_255' title='bbox 1399 2093 1475 2133; x_wconf 86' lang='lat' dir='ltr'>ego</span> <span class='ocrx_word' id='word_1_256' title='bbox 1500 2078 1661 2118; x_wconf 66' lang='lat' dir='ltr'>virtutis</span> 
     </span>
     <span class='ocr_line' id='line_1_31' title="bbox 305 2139 1663 2194; baseline 0 -15"><span class='ocrx_word' id='word_1_257' title='bbox 305 2147 511 2193; x_wconf 87' lang='lat' dir='ltr'>spectator</span> <span class='ocrx_word' id='word_1_258' title='bbox 543 2153 590 2179; x_wconf 90' lang='lat' dir='ltr'>ac</span> <span class='ocrx_word' id='word_1_259' title='bbox 622 2139 738 2180; x_wconf 89' lang='lat' dir='ltr'>testis</span> <span class='ocrx_word' id='word_1_260' title='bbox 762 2146 901 2180; x_wconf 90' lang='lat' dir='ltr'>notata</span> <span class='ocrx_word' id='word_1_261' title='bbox 927 2140 1178 2194; x_wconf 89' lang='lat' dir='ltr'>temporibus</span> <span class='ocrx_word' id='word_1_262' title='bbox 1204 2140 1386 2193; x_wconf 88' lang='lat' dir='ltr'>locisque</span> <span class='ocrx_word' id='word_1_263' title='bbox 1411 2140 1562 2180; x_wconf 87' lang='lat' dir='ltr'>referre</span> <span class='ocrx_word' id='word_1_264' title='bbox 1589 2154 1663 2180; x_wconf 89' lang='lat' dir='ltr'>sua</span> 
     </span>
     <span class='ocr_line' id='line_1_32' title="bbox 240 2201 1660 2255; baseline 0 -13"><span class='ocrx_word' id='word_1_265' title='bbox 240 2212 278 2242; x_wconf 84' lang='lat'>18</span> <span class='ocrx_word' id='word_1_266' title='bbox 304 2202 461 2255; x_wconf 88' lang='lat' dir='ltr'>possim</span> <span class='ocrx_word' id='word_1_267' title='bbox 498 2201 657 2242; x_wconf 88' lang='lat' dir='ltr'>deeora.</span> <span class='ocrx_word' id='word_1_268' title='bbox 708 2216 801 2242; x_wconf 87' lang='lat' dir='ltr'>eum</span> <span class='ocrx_word' id='word_1_269' title='bbox 838 2202 1012 2242; x_wconf 85' lang='lat' dir='ltr'>laudatis</span> <span class='ocrx_word' id='word_1_270' title='bbox 1050 2218 1074 2243; x_wconf 85' lang='lat' dir='ltr'>a</span> <span class='ocrx_word' id='word_1_271' title='bbox 1110 2217 1174 2242; x_wconf 90' lang='lat' dir='ltr'>me</span> <span class='ocrx_word' id='word_1_272' title='bbox 1210 2202 1371 2243; x_wconf 88' lang='lat' dir='ltr'>miliens</span> <span class='ocrx_word' id='word_1_273' title='bbox 1404 2202 1660 2255; x_wconf 85' lang='lat' dir='ltr'>donatisque,</span> 
     </span>
     <span class='ocr_line' id='line_1_33' title="bbox 304 2263 1662 2318; baseline 0.001 -16"><span class='ocrx_word' id='word_1_274' title='bbox 304 2263 494 2303; x_wconf 88' lang='lat' dir='ltr'>alumnus</span> <span class='ocrx_word' id='word_1_275' title='bbox 525 2263 638 2317; x_wconf 92' lang='lat' dir='ltr'>prius</span> <span class='ocrx_word' id='word_1_276' title='bbox 671 2263 854 2303; x_wconf 90' lang='lat' dir='ltr'>omnium</span> <span class='ocrx_word' id='word_1_277' title='bbox 886 2270 1067 2304; x_wconf 74' lang='lat' dir='ltr'>vestrum</span> <span class='ocrx_word' id='word_1_278' title='bbox 1099 2279 1222 2317; x_wconf 88' lang='lat' dir='ltr'>quam</span> <span class='ocrx_word' id='word_1_279' title='bbox 1253 2264 1483 2318; x_wconf 89' lang='lat' dir='ltr'>imperator,</span> <span class='ocrx_word' id='word_1_280' title='bbox 1520 2278 1662 2318; x_wconf 87' lang='lat' dir='ltr'>proce-</span> 
     </span>
     <span class='ocr_line' id='line_1_34' title="bbox 304 2325 1586 2380; baseline 0.001 -16"><span class='ocrx_word' id='word_1_281' title='bbox 304 2325 398 2364; x_wconf 90' lang='lat' dir='ltr'>dam</span> <span class='ocrx_word' id='word_1_282' title='bbox 424 2325 465 2364; x_wconf 90' lang='lat' dir='ltr'>in</span> <span class='ocrx_word' id='word_1_283' title='bbox 490 2325 619 2364; x_wconf 88' lang='lat' dir='ltr'>aciem</span> <span class='ocrx_word' id='word_1_284' title='bbox 646 2325 844 2366; x_wconf 71' lang='lat' dir='ltr'>adversus</span> <span class='ocrx_word' id='word_1_285' title='bbox 870 2325 1032 2380; x_wconf 84' lang='lat' dir='ltr'>ignotos</span> <span class='ocrx_word' id='word_1_286' title='bbox 1058 2325 1162 2366; x_wconf 89' lang='lat' dir='ltr'>inter</span> <span class='ocrx_word' id='word_1_287' title='bbox 1188 2340 1231 2366; x_wconf 92' lang='lat' dir='ltr'>se</span> <span class='ocrx_word' id='word_1_288' title='bbox 1256 2326 1586 2380; x_wconf 88' lang='lat' dir='ltr'>ignorantesque.</span> 
     </span>
    </p>

    <p class='ocr_par' dir='ltr' id='par_1_8' title="bbox 263 2386 1661 2566">
     <span class='ocr_line' id='line_1_35' title="bbox 263 2386 1661 2441; baseline -0.001 -13"><span class='ocrx_word' id='word_1_289' title='bbox 263 2401 275 2428; x_wconf 90' lang='lat'>1</span> <span class='ocrx_word' id='word_1_290' title='bbox 389 2386 688 2426; x_wconf 77' lang='lat' dir='ltr'>XXXXIHI.</span> <span class='ocrx_word' id='word_1_291' title='bbox 751 2386 1024 2440; x_wconf 81' lang='lat' dir='ltr'>Quocumque</span> <span class='ocrx_word' id='word_1_292' title='bbox 1061 2388 1290 2428; x_wconf 89' lang='lat' dir='ltr'>circumtuli</span> <span class='ocrx_word' id='word_1_293' title='bbox 1332 2387 1491 2435; x_wconf 87' lang='lat' dir='ltr'>oculos,</span> <span class='ocrx_word' id='word_1_294' title='bbox 1540 2387 1661 2441; x_wconf 85' lang='lat' dir='ltr'>plena</span> 
     </span>
     <span class='ocr_line' id='line_1_36' title="bbox 305 2449 1658 2503; baseline 0.001 -15"><span class='ocrx_word' id='word_1_295' title='bbox 305 2449 442 2489; x_wconf 85' lang='lat' dir='ltr'>omnia</span> <span class='ocrx_word' id='word_1_296' title='bbox 477 2449 596 2489; x_wconf 75' lang='lat' dir='ltr'>video</span> <span class='ocrx_word' id='word_1_297' title='bbox 634 2450 863 2489; x_wconf 88' lang='lat' dir='ltr'>animorum</span> <span class='ocrx_word' id='word_1_298' title='bbox 900 2464 947 2490; x_wconf 80' lang='lat' dir='ltr'>ac</span> <span class='ocrx_word' id='word_1_299' title='bbox 983 2449 1161 2490; x_wconf 87' lang='lat' dir='ltr'>roboris:</span> <span class='ocrx_word' id='word_1_300' title='bbox 1198 2457 1435 2490; x_wconf 78' lang='lat' dir='ltr'>veteranum</span> <span class='ocrx_word' id='word_1_301' title='bbox 1468 2449 1658 2503; x_wconf 87' lang='lat' dir='ltr'>peditem,</span> 
     </span>
     <span class='ocr_line' id='line_1_37' title="bbox 304 2511 1658 2566; baseline 0.001 -16"><span class='ocrx_word' id='word_1_302' title='bbox 304 2511 714 2565; x_wconf 87' lang='lat' dir='ltr'>generosissimarum</span> <span class='ocrx_word' id='word_1_303' title='bbox 739 2512 924 2566; x_wconf 88' lang='lat' dir='ltr'>gentium</span> <span class='ocrx_word' id='word_1_304' title='bbox 951 2511 1108 2565; x_wconf 88' lang='lat' dir='ltr'>equites</span> <span class='ocrx_word' id='word_1_305' title='bbox 1134 2512 1314 2552; x_wconf 87' lang='lat' dir='ltr'>frenatos</span> <span class='ocrx_word' id='word_1_306' title='bbox 1340 2511 1658 2564; x_wconf 86' lang='lat' dir='ltr'>infrenatosque,</span> 
     </span>
    </p>

    <p class='ocr_par' dir='ltr' id='par_1_9' title="bbox 260 2572 1658 2689">
     <span class='ocr_line' id='line_1_38' title="bbox 260 2572 1658 2627; baseline 0.001 -16"><span class='ocrx_word' id='word_1_307' title='bbox 260 2583 278 2612; x_wconf 77' lang='lat'><strong>2</strong></span> <span class='ocrx_word' id='word_1_308' title='bbox 305 2586 378 2612; x_wconf 75' lang='lat' dir='ltr'>vos</span> <span class='ocrx_word' id='word_1_309' title='bbox 399 2572 531 2613; x_wconf 91' lang='lat' dir='ltr'>socios</span> <span class='ocrx_word' id='word_1_310' title='bbox 554 2573 814 2613; x_wconf 90' lang='lat' dir='ltr'>fidelissimos</span> <span class='ocrx_word' id='word_1_311' title='bbox 836 2573 1177 2626; x_wconf 83' lang='lat' dir='ltr'>fortissimosque,</span> <span class='ocrx_word' id='word_1_312' title='bbox 1204 2588 1278 2614; x_wconf 80' lang='lat' dir='ltr'>vos</span> <span class='ocrx_word' id='word_1_313' title='bbox 1295 2572 1658 2627; x_wconf 87' lang='lat' dir='ltr'>Carthaginienses</span> 
     </span>
     <span class='ocr_line' id='line_1_39' title="bbox 306 2633 1656 2689; baseline 0.001 -17"><span class='ocrx_word' id='word_1_314' title='bbox 306 2647 398 2672; x_wconf 89' lang='grc'><strong>011111</strong></span> <span class='ocrx_word' id='word_1_315' title='bbox 435 2633 486 2674; x_wconf 90' lang='lat' dir='ltr'>ob</span> <span class='ocrx_word' id='word_1_316' title='bbox 523 2635 696 2688; x_wconf 90' lang='lat' dir='ltr'>patriam</span> <span class='ocrx_word' id='word_1_317' title='bbox 733 2641 819 2674; x_wconf 89' lang='lat' dir='ltr'>tum</span> <span class='ocrx_word' id='word_1_318' title='bbox 856 2635 908 2675; x_wconf 93' lang='lat' dir='ltr'>ob</span> <span class='ocrx_word' id='word_1_319' title='bbox 946 2635 1047 2675; x_wconf 90' lang='lat' dir='ltr'>iram</span> <span class='ocrx_word' id='word_1_320' title='bbox 1084 2635 1351 2675; x_wconf 86' lang='lat' dir='ltr'>iustissimam</span> <span class='ocrx_word' id='word_1_321' title='bbox 1389 2644 1656 2689; x_wconf 85' lang='lat' dir='ltr'>pugnaturos.</span> 
     </span>
    </p>

    <p class='ocr_par' dir='ltr' id='par_1_10' title="bbox 261 2693 1655 2751">
     <span class='ocr_line' id='line_1_40' title="bbox 261 2693 1655 2751; baseline 0.001 -19"><span class='ocrx_word' id='word_1_322' title='bbox 261 2707 279 2736; x_wconf 92' lang='lat'><strong>3</strong></span> <span class='ocrx_word' id='word_1_323' title='bbox 305 2693 517 2735; x_wconf 85' lang='lat' dir='ltr'>inferimus</span> <span class='ocrx_word' id='word_1_324' title='bbox 538 2695 692 2736; x_wconf 87' lang='lat' dir='ltr'>bellum</span> <span class='ocrx_word' id='word_1_325' title='bbox 712 2696 955 2749; x_wconf 85' lang='lat' dir='ltr'>infestisque</span> <span class='ocrx_word' id='word_1_326' title='bbox 976 2697 1103 2751; x_wconf 84' lang='lat' dir='ltr'>signis</span> <span class='ocrx_word' id='word_1_327' title='bbox 1125 2696 1412 2737; x_wconf 88' lang='lat' dir='ltr'>descendimus</span> <span class='ocrx_word' id='word_1_328' title='bbox 1427 2696 1466 2736; x_wconf 92' lang='lat' dir='ltr'>in</span> <span class='ocrx_word' id='word_1_329' title='bbox 1482 2695 1655 2741; x_wconf 89' lang='lat' dir='ltr'>Italiam,</span> 
     </span>
    </p>
   </div>
  </div>
 </body>
</html>
