1815 3184
318 250 402 290 420
588 257 741 290 LIBER.
766 257 951 301 XXVIII,
977 257 1097 290 3235).
1129 259 1176 299 [a.
1193 268 1225 290 u.
1241 257 1366 301 0548]

318 359 495 400 insulam
520 373 613 398 eum
643 358 786 412 paucis
817 358 1046 413 perfugerit
1075 359 1269 408 navibus,
1307 359 1504 400 maiorem
1530 374 1669 401 curam

275 436 292 465 9
319 435 411 462 esse
437 435 561 473 quam
574 420 819 474 Ilergetum3
846 420 998 474 quippe
1024 421 1107 460 illic
1132 429 1172 462 et
1192 419 1670 476 dueemCarthaginien-

319 497 406 522 sem
443 490 484 522 et
520 490 897 535 quantumcumque
921 482 1128 523 Punicum
1162 483 1415 537 praesidium
1452 498 1562 531 esse,
1605 484 1671 524 hie

317 545 497 584 latrones
523 544 810 597 latronumque
830 545 955 585 duces
976 560 1081 593 esse,
1108 545 1256 598 quibus
1276 554 1321 585 ut
1341 546 1393 585 ad
1410 546 1670 600 populandos

317 606 586 646 finitimorum
612 621 734 659 agros
761 614 951 658 tectaque
975 607 1133 647 urenda
1158 616 1196 647 et
1216 607 1414 661 rapienda
1432 621 1582 661 pecora
1601 607 1672 647 ali-

319 682 400 720 qua
431 667 493 708 vis
533 667 603 715 sit,
640 668 698 707 ita
734 667 775 707 in
807 667 893 708 acie
925 682 970 707 ac
1009 667 1137 722 signis
1171 669 1342 709 conlatis
1374 669 1529 709 nullam
1559 683 1670 718 esse3

318 729 451 783 magis
478 729 695 769 velocitate
722 729 775 769 ad
799 729 943 783 fugam
968 744 1091 781 quam
1118 730 1240 770 armis
1267 730 1393 770 fretos
1414 738 1670 785 pugnaturos

254 803 294 832 10
320 807 425 832 esse.
485 791 623 844 itaque
649 807 731 832 non
763 792 873 844 quod
902 791 1032 832 ullum
1062 791 1157 832 inde
1182 791 1410 847 perieulum
1435 800 1505 832 aut
1530 807 1671 832 semen

318 853 484 893 maioris
511 853 608 893 belli
634 853 788 901 videat,
825 853 918 893 ideo
946 868 1007 901 se,
1044 853 1286 907 priusquam
1316 853 1528 908 provincia
1553 854 1672 894 (1666-

253 929 290 957 11
319 915 406 963 dat,
446 914 738 969 opprimendos
764 915 964 969 Ilergetes
992 915 1179 964 duxisse,
1218 915 1291 955 sed
1321 915 1498 969 primum
1522 930 1573 956 ne
1598 916 1673 955 im-

317 977 461 1031 punita
498 985 581 1016 tam
620 976 819 1017 scelerata
857 976 1033 1017 defectio
1070 984 1199 1025 esset,
1238 976 1385 1017 deinde
1421 991 1473 1016 ne
1505 977 1595 1029 quis
1631 977 1673 1016 in

318 1038 529 1092 provincia
568 1038 689 1078 simul
724 1038 874 1078 virtute
906 1046 1020 1078 tanta
1050 1046 1091 1078 et
1121 1038 1315 1079 felicitate
1346 1039 1575 1092 perdomita
1609 1053 1673 1078 re-

255 1112 292 1141 12
318 1099 438 1140 lictus
471 1099 602 1140 hostis
635 1100 715 1139 dici
746 1107 901 1154 posset.
961 1099 1134 1154 proinde
1172 1100 1258 1140 deis
1296 1101 1400 1141 bene
1436 1100 1671 1140 iuvantibus

320 1169 588 1214 sequerentur
617 1177 701 1202 non
732 1168 816 1201 tam
848 1162 900 1201 ad
930 1162 1085 1202 bellum
1116 1161 1361 1215 gerendum,
1399 1176 1532 1214 neque
1563 1161 1672 1202 6111111

319 1237 412 1262 611111
443 1223 532 1277 pari
562 1223 681 1264 hoste
713 1230 920 1263 certamen
951 1238 1062 1271 esse,
1100 1237 1222 1276 quam
1254 1223 1305 1263 ad
1336 1223 1588 1277 expetendas
1621 1224 1672 1263 ab

318 1285 553 1326 hominibus
581 1285 765 1326 scelestis
792 1300 960 1340 poenas.

276 1360 287 1387 1
401 1346 629 1387 XXXIII.
684 1347 754 1387 Ab
780 1347 857 1387 hae
883 1347 1067 1387 oratione
1093 1346 1286 1387 dimissos
1314 1347 1366 1387 ad
1389 1347 1466 1387 iter
1492 1362 1535 1387 se
1561 1361 1672 1387 com-

316 1423 462 1461 parare
498 1408 540 1447 in
573 1408 680 1448 diem
717 1416 929 1462 posterum
966 1409 1102 1454 iubet,
1151 1408 1444 1462 profectusque
1488 1409 1671 1449 decumis

318 1469 462 1508 castris
488 1469 675 1523 pervenit
702 1470 754 1509 ad
778 1470 982 1509 Hiberum
1006 1470 1172 1510 flumen.
1221 1469 1316 1509 inde
1344 1477 1536 1523 superato
1563 1471 1672 1510 anmi

271 1542 289 1571 2
318 1530 382 1569 die
408 1538 552 1582 quarto
584 1530 625 1569 in
657 1539 881 1584 conspectu
913 1530 1093 1570 hostium
1123 1530 1263 1585 posuit
1294 1538 1440 1570 castra.
1502 1545 1671 1586 campus

317 1600 402 1630 arte
428 1591 636 1631 montibus
670 1591 777 1631 circa
808 1599 975 1645 saeptus
1007 1599 1106 1631 erat.
1166 1591 1208 1631 in
1239 1606 1329 1632 eam
1353 1592 1505 1632 vallem
1531 1592 1672 1647 Scipio

317 1667 410 1692 611111
435 1667 585 1707 pecora
610 1662 728 1707 rapta
757 1654 955 1707 pleraque
987 1668 1037 1694 ex
1069 1653 1249 1694 hostium
1281 1654 1391 1707 agris
1421 1654 1595 1708 propelli
1621 1655 1673 1694 ad

315 1715 563 1756 inritandam
600 1716 807 1756 feritatem
844 1716 1112 1756 barbarorum
1147 1715 1357 1765 iussisset,
1399 1716 1543 1756 velites
1577 1717 1673 1756 sub-

271 1789 289 1817 :3
317 1777 420 1818 sidio
452 1778 581 1826 misit,
621 1794 643 1818 a
675 1778 824 1831 quibus
856 1778 927 1818 ubi
958 1793 1031 1832 per
1061 1777 1414 1832 procursationem
1452 1778 1673 1819 commissa

315 1855 457 1893 pugna
483 1851 611 1889 esset,
650 1840 842 1881 Laelium
869 1854 962 1880 cum
993 1840 1176 1893 equitatu
1206 1840 1405 1894 impetum
1436 1855 1486 1880 ex
1512 1840 1671 1881 occulto

270 1913 289 1941 4
315 1900 452 1941 facere
488 1901 614 1942 iubet.
675 1916 793 1942 mons
826 1909 1054 1956 opportune
1085 1901 1322 1955 prominens
1355 1901 1538 1954 equitum
1573 1901 1673 1941 insi-

318 1962 405 2002 dias
438 1963 557 2012 texit,
595 1977 671 2004 nee
701 1964 783 2003 ulla
814 1979 930 2003 mora
959 1978 1125 2018 pugnae
1151 1964 1260 2003 faeta
1291 1970 1364 2003 est.
1425 1963 1605 2017 Hispani
1630 1963 1672 2002 in

317 2032 537 2078 conspecta
563 2025 705 2079 procul
730 2039 899 2079 pecora,
938 2025 1081 2065 velites
1114 2025 1156 2064 in
1180 2025 1393 2078 Hispanos
1425 2025 1579 2078 praeda
1604 2039 1672 2065 oe-

273 2098 291 2127 5
318 2096 488 2139 cupatos
526 2086 746 2127 incurrere.
807 2087 939 2141 primo
971 2087 1196 2127 missilibus
1229 2086 1484 2134 territavere,
1524 2086 1671 2127 deinde

316 2147 479 2188 emissis
506 2147 666 2188 levibus
693 2148 798 2197 telis,
826 2162 931 2201 quae
956 2148 1122 2188 inritare
1147 2148 1280 2202 magis
1307 2162 1429 2200 quani
1451 2148 1671 2189 decernere

315 2224 498 2263 pugnam
534 2218 743 2264 poterant,
782 2211 943 2265 gladios
980 2211 1156 2258 nudant,
1195 2218 1235 2250 et
1272 2210 1433 2251 conlato
1468 2211 1574 2264 pede
1604 2225 1670 2250 res

316 2271 403 2324 geri
430 2279 577 2326 coepta
602 2280 683 2321 est,
722 2287 957 2326 ancepsque
987 2272 1179 2326 pedestre
1211 2280 1419 2312 certamen
1450 2280 1553 2321 erat,
1591 2272 1671 2312 nisi

272 2344 289 2371 6
317 2332 474 2384 equites
508 2333 858 2387 supervenissent.
918 2348 1052 2386 neque
1084 2348 1135 2373 ex
1167 2333 1341 2374 adverso
1374 2341 1532 2374 tantum
1556 2333 1671 2373 inlati

316 2394 460 2434 obvios
493 2394 716 2443 obtrivere‚
755 2395 830 2435 sed
860 2395 1123 2435 circumvecti
1154 2395 1278 2435 etiam
1309 2395 1477 2447 quidam
1506 2409 1580 2449 per
1610 2395 1672 2434 in-

315 2456 413 2495 fima
444 2456 538 2495 clivi
571 2457 622 2496 ab
654 2464 771 2510 tergo
805 2471 867 2505 se,
904 2465 949 2496 ut
974 2457 1193 2511 plerosque
1223 2456 1560 2505 intercluderent,
1599 2457 1672 2497 ob-

315 2517 516 2565 iecerunt,
542 2518 754 2570 maiorque
781 2519 928 2558 caedes
956 2519 1032 2558 fuit
1059 2533 1183 2571 quam
1209 2526 1405 2571 quantam
1425 2519 1546 2559 edere
1564 2517 1671 2558 levia

273 2590 290 2618 7
316 2593 389 2631 per
414 2579 679 2620 excursiones
705 2580 862 2634 proelia
887 2580 1032 2620 solent.
1070 2580 1131 2620 ira
1149 2580 1282 2634 magis
1303 2594 1477 2620 aceensa
1496 2580 1670 2620 adverso

316 2639 471 2692 proelio
508 2641 692 2681 barbaris
732 2649 795 2682 est
831 2656 953 2695 quam
994 2642 1200 2681 imminuti
1236 2642 1372 2682 animi.
1443 2642 1581 2693 itaque
1616 2654 1668 2679 116

317 2700 426 2754 pulsi
462 2701 715 2751 viderentur,
753 2703 886 2757 prima
920 2703 1012 2744 luce
1048 2710 1215 2758 postero
1247 2704 1312 2743 die
1343 2703 1385 2742 in
1417 2703 1545 2742 aciem
1574 2714 1668 2754 pro-
