1815 3184
272 224 353 265 184
602 231 754 265 LIBER
778 231 948 273 XXIIII,
973 231 1026 264 20.
1055 233 1152 272 [a.u.
1168 230 1293 273 0.540]

269 336 376 376 hosti
401 334 576 382 cladem,
614 339 736 386 atque
760 333 803 373 in
827 332 1012 373 Bruttios
1037 332 1203 386 raptim,
1235 347 1286 372 ne
1314 331 1525 374 Gracchus
1551 335 1621 375 ad-

270 402 523 449 sequeretur,
551 395 765 436 concessit.

223 473 242 501 3
354 456 558 497 Consules
584 456 807 496 Marcellus
832 462 957 505 retro,
983 456 1092 496 unde
1117 462 1301 505 venerat,
1332 455 1481 497 Nolam
1505 457 1620 506 redit,

267 518 422 559 Fabius
455 518 496 558 in
524 516 731 559 Samnites
763 518 815 559 ad
844 518 1101 572 populandos
1134 533 1255 572 agros
1285 518 1621 572 recipiendasque

222 595 240 622 4
268 580 390 620 armis
417 594 522 632 quae
547 579 781 620 defecerant
806 579 928 620 urbes
953 579 1165 633 processit.
1216 579 1428 620 Caudinus
1457 578 1622 621 Samnis

266 641 432 696 gravius
464 642 721 681 devastatus:
760 641 916 695 perusti
946 641 1024 681 late
1058 641 1164 696 agri,
1207 642 1383 695 praedae
1419 641 1623 695 pecudum

223 718 241 746 5
267 703 560 756 hominumque
586 708 712 751 actae,
740 703 891 756 oppida
916 702 956 742 vi
982 709 1112 756 capta,
1141 702 1419 756 Conpulteria,
1447 702 1622 751 Telesia,

270 764 471 818 Compsa,
526 765 621 805 inde
656 764 879 818 Fugifulae
922 771 961 805 et
1004 763 1292 813 Orbitanium3
1353 779 1404 804 ex
1439 764 1622 804 Lucanis

224 842 240 870 6
267 827 471 875 Blandae,
498 826 732 880 Apulorum
757 825 898 866 Aecae
925 834 1204 881 oppugnatae,
1242 826 1354 866 milia
1377 826 1557 867 hostium
1582 826 1623 865 in

266 889 329 929 his
366 888 536 929 urbibus
573 887 717 942 viginti
753 888 934 941 quinque
971 894 1090 942 capta
1126 894 1195 928 aut
1232 888 1368 928 occisa
1404 894 1443 928 et
1472 887 1625 941 recepti

265 950 463 1005 perfugae
490 950 659 990 trecenti
686 949 964 1004 septuaginta3
997 964 1099 1003 quos
1126 964 1219 990 cum
1243 949 1420 990 Romam
1445 949 1626 989 misisset

266 1012 427 1061 consul,
465 1012 591 1066 virgis
617 1012 658 1052 in
685 1011 849 1052 comitio
876 1011 985 1051 caesi
1017 1026 1159 1052 omnes
1191 1026 1238 1052 ac
1263 1011 1314 1052 de
1340 1026 1440 1052 saxo
1465 1010 1622 1051 deiecti.

223 1089 239 1117 7
266 1074 367 1114 haee
392 1089 416 1114 a
442 1073 493 1125 Q.
520 1073 650 1114 Fabio
676 1073 780 1113 intra
812 1088 965 1127 paucos
998 1073 1085 1113 dies
1110 1080 1240 1127 gesta.
1301 1072 1545 1113 Marcellum
1571 1071 1622 1111 ab

222 1150 240 1179 8
266 1135 462 1191 gerundis
488 1135 609 1175 rebus
635 1135 827 1175 valetudo
853 1135 1027 1175 adversa
1051 1134 1180 1175 Nolae
1205 1134 1345 1175 tenuit.
1396 1140 1435 1174 et
1460 1149 1483 1174 a
1506 1147 1623 1187 prae-

266 1205 352 1238 tore
379 1196 430 1249 Q.
457 1196 607 1246 Fabio,
642 1196 707 1237 cui
733 1197 840 1236 eirca
863 1196 1086 1236 Luceriam
1110 1196 1319 1249 provincia
1344 1202 1446 1243 erat,
1478 1195 1624 1236 Acuca

267 1259 462 1313 oppidum
487 1273 560 1312 per
584 1273 653 1298 eos
679 1258 766 1298 dies
792 1258 832 1298 vi
858 1263 1022 1312 captum
1048 1257 1276 1310 stativaque
1302 1257 1355 1297 ad
1378 1256 1623 1297 Herdoneas

267 1320 528 1361 communita.

222 1397 239 1424 9
349 1382 466 1422 Dum
495 1382 597 1422 haec
628 1382 716 1422 aliis
749 1381 848 1422 locis
881 1381 932 1422 ab
957 1381 1156 1422 Romanis
1182 1388 1396 1434 geruntur,
1435 1380 1516 1419 iam
1542 1379 1624 1419 Ta-

266 1451 427 1484 rentum
457 1451 697 1498 pervenerat
728 1443 939 1483 Hannibal
977 1458 1069 1482 cum
1100 1442 1279 1481 maxima
1310 1441 1493 1481 omnium
1524 1455 1624 1493 qua-

202 1520 241 1549 10
267 1520 442 1558 011111(1110
472 1506 572 1546 10131
598 1506 724 1546 clade.
786 1506 827 1545 in
853 1504 1075 1544 Tarentino
1107 1504 1272 1543 demum
1305 1517 1403 1557 agro
1433 1509 1624 1557 pacatum

266 1568 453 1608 incedere
479 1582 628 1621 agmen
654 1567 799 1620 coepit.
849 1566 947 1605 nihil
972 1565 1029 1606 ibi
1059 1565 1255 1605 violatum
1285 1579 1418 1618 neque
1449 1579 1624 1617 usquam

267 1630 333 1669 via
359 1644 574 1669 excessum
601 1636 680 1677 est,
720 1628 1024 1682 apparebatque
1050 1642 1132 1667 non
1157 1627 1199 1667 id
1224 1627 1425 1667 modestia
1449 1626 1624 1666 militum

267 1698 336 1731 aut
361 1692 476 1731 ducis
502 1691 580 1731 nisi
606 1691 657 1730 ad
683 1690 961 1731 conciliandos
993 1690 1151 1730 animos
1178 1689 1494 1730 Tarentinorum
1524 1689 1622 1729 fieri.

202 1767 235 1794 11
267 1760 446 1794 ceterum
478 1768 570 1793 011111
602 1768 729 1807 prope
760 1752 975 1793 moenibus
1008 1752 1267 1801 accessisset,
1304 1751 1416 1791 nullo
1447 1751 1499 1791 ad
1529 1765 1624 1790 eon-

267 1822 451 1869 spectum
476 1815 654 1869 primum
680 1815 875 1869 agminis,
911 1822 953 1855 ut
976 1814 1159 1862 rebatur,
1193 1820 1307 1854 motu
1331 1813 1459 1862 facto,
1492 1819 1625 1853 castra

201 1892 239 1919 1โด2
267 1877 317 1917 ab
344 1877 444 1917 urbe
475 1877 602 1917 ferme
634 1892 781 1931 passus
808 1877 916 1917 mille
948 1876 1066 1917 locat.
1129 1876 1315 1924 Tarenti,
1358 1876 1490 1915 triduo
1516 1882 1622 1922 ante,

265 1954 388 1991 quam
413 1939 625 1979 Hannibal
657 1940 709 1979 ad
740 1939 901 1979 moenia
933 1938 1161 1987 accederet,
1199 1954 1223 1979 a
1247 1937 1308 1978 M.
1334 1937 1500 1978 Valerio
1532 1951 1625 1990 pro-

200 2013 238 2043 13
265 2008 468 2055 praetore,
507 2002 576 2054 qui
607 2002 729 2042 classi
761 2003 813 2042 ad
837 2001 1105 2042 Brundisium
1137 2007 1352 2055 praeerat,
1378 2000 1528 2040 missus
1560 1999 1622 2039 M.

265 2063 413 2104 Livius
439 2064 598 2118 inpigre
619 2064 849 2118 conscripta
869 2064 1079 2104 iuventute
1100 2063 1391 2117 dispositisque
1411 2061 1462 2102 ad
1481 2075 1623 2101 omnes

264 2132 402 2179 portas
440 2126 628 2179 circaque
665 2141 822 2175 muros,
860 2141 940 2179 qua
975 2140 1040 2166 res
1071 2124 1326 2179 postulabat,
1365 2122 1622 2172 stationibus,

266 2187 330 2227 die
361 2202 408 2228 ac
439 2194 558 2228 nocte
589 2189 703 2228 iuxta
732 2189 912 2228 intentus
944 2202 1079 2240 neque
1110 2186 1296 2227 hostibus
1330 2201 1463 2239 neque
1489 2184 1623 2225 dubiis

202 2267 241 2295 14
267 2250 387 2292 sociis
406 2250 485 2290 1001
503 2250 722 2303 quicquam
748 2250 936 2304 praebuit
961 2250 1013 2290 ad
1038 2250 1290 2290 tentandum.
1328 2263 1453 2302 quare
1479 2246 1624 2288 diebus

267 2314 419 2366 aliquot
444 2312 595 2354 frustra
620 2313 673 2353 ibi
707 2312 906 2353 absumtis
931 2311 1162 2360 Hannibal,
1201 2326 1294 2352 cum
1320 2325 1460 2351 eorum
1489 2323 1623 2357 nemo,

267 2376 336 2427 (1111
362 2375 413 2415 3(1
438 2374 571 2415 lacum
597 2373 755 2414 Averni
780 2374 980 2422 adissent,
1019 2380 1089 2414 3111
1113 2373 1193 2427 ipsi
1218 2372 1402 2413 venirent
1427 2377 1497 2412 aut
1521 2386 1626 2411 nun-

268 2431 368 2470 tium
393 2431 600 2471 litterasve
631 2430 871 2479 mitterent,ยน
893 2445 1000 2470 vana
1029 2429 1233 2484 promissa
1258 2443 1301 2469 se
1333 2434 1484 2469 temere
1510 2441 1626 2468 secu-

206 2509 242 2537 15
269 2501 354 2533 tum
380 2508 548 2534 cernens
576 2500 709 2534 eastra
733 2493 827 2535 inde
853 2493 993 2534 movit.
1050 2499 1135 2532 tum
1161 2506 1324 2545 quoque
1348 2491 1500 2531 intacto
1526 2503 1625 2544 agro

269 2555 508 2604 Tarentino,
535 2570 784 2608 quamquam
811 2554 1001 2596 simulata
1019 2555 1164 2595 lenitas
1183 2553 1382 2595 nihildum
1402 2551 1623 2606 profuerat,

268 2624 403 2658 tamen
425 2632 496 2671 spe
521 2617 831 2658 labefactandae
856 2617 951 2657 fidei
976 2617 1075 2657 haut
1100 2616 1317 2664 absistens,
1347 2614 1556 2667 Salapiam
1581 2619 1623 2650 ut

270 2679 397 2727 venit,
425 2679 674 2719 frumentum
701 2694 750 2719 ex
776 2679 885 2733 agris
904 2678 1191 2733 Metapontino
1217 2684 1338 2730 atque
1357 2671 1622 2716 Heracleensi
