1815 3184
482 263 635 298 LIBER
660 263 831 307 XXIIII,
859 263 986 297 1314.
1014 265 1062 306 [a.
1079 261 1213 306 C.214]
1452 252 1531 293 177

179 370 483 410 Trasumenum
519 368 672 416 lacum,
705 367 853 421 partim
885 366 937 406 ad
964 365 1130 407 Cannas
1157 366 1264 420 capti
1295 365 1534 418 dimissique

178 432 323 472 domos
361 445 454 471 cum
491 430 635 470 eadem
671 429 878 477 comitate,
922 443 1003 481 qua
1032 443 1132 469 usus
1164 428 1361 468 adversus
1393 441 1534 468 omnes

177 494 459 535 Romanorum
485 491 617 532 socios
642 490 809 531 Poenus
835 490 980 530 fuerat.
1030 491 1067 531 ei
1091 504 1293 530 memores
1319 489 1537 530 beneficio·
1561 501 1579 530 2

177 571 268 595 rum
293 555 380 595 eius
405 553 632 608 perpulisse
658 567 851 607 magnam
876 558 1031 606 partem
1059 567 1102 592 se
1133 552 1354 592 iuventutis
1381 551 1537 592 Taren-

177 618 285 657 tinae
332 615 530 663 referunt,
580 621 626 654 ut
660 613 908 654 Hannibalis
952 614 1172 654 amicitiam
1216 627 1262 654 110
1300 613 1536 654 societatem

177 693 301 732 quam
325 677 467 732 populi
491 676 668 717 Romani
698 676 882 725 mallent,
919 675 1160 730 legatosque
1191 675 1242 716 ab
1275 675 1360 716 suis
1385 675 1535 716 missos

177 754 322 794 rogare
347 738 645 786 Hannibalem,
683 743 728 778 ut
759 737 984 778 exereitum
1014 738 1182 791 propius
1209 737 1435 777 Tarentum
1465 736 1535 776 ad-

178 808 354 842 moveat.
394 800 428 840 si
454 800 572 855 signa
598 799 703 848 eius,
732 799 767 839 si
791 805 925 839 castra
950 806 1171 852 conspecta
1195 814 1219 839 a
1238 798 1416 839 Tarento
1443 798 1535 847 sint,
1563 811 1581 840 3

177 864 277 904 haut
295 863 420 903 ullam
438 863 753 902 intercessuram
772 876 947 909 moram,
974 861 1073 913 quin
1091 861 1188 901 urbs
1211 860 1273 915 [in
1291 866 1537 915 potestatem

179 926 266 966 eius
303 922 516 978 tradatmz]
577 924 619 963 in
654 929 855 977 potestate
886 923 1090 962 iuniorum
1121 922 1302 975 plebem,
1342 923 1383 962 in
1412 937 1538 962 manu

177 987 310 1041 plebis
346 1001 432 1026 rem
459 985 724 1025 Tarentinam
761 999 864 1024 esse.
925 983 1137 1024 Hannibal
1168 983 1433 1024 conlaudatos
1465 998 1536 1024 eos
1563 997 1582 1024 4

179 1054 450 1100 oneratosque
480 1046 716 1101 ingentibus
748 1045 962 1099 promissis
994 1045 1162 1085 domum
1194 1045 1246 1085 ad
1277 1051 1421 1098 coepta
1452 1060 1537 1084 ma-

179 1109 351 1149 turanda
375 1108 504 1148 redire
529 1107 659 1147 iubet:
692 1121 735 1147 se
759 1107 802 1147 in
826 1114 1008 1160 tempore
1034 1106 1272 1147 adfuturum
1298 1120 1401 1146 esse.
1462 1105 1538 1146 hac

177 1185 270 1211 eum
298 1184 371 1223 spe
396 1168 556 1209 dimissi
582 1168 807 1209 Tarentini.

260 1231 406 1285 Ipsum
452 1230 599 1284 ingens
648 1231 796 1285 cupido
843 1231 1066 1271 incesserat
1115 1230 1284 1271 Tarenti
1337 1229 1536 1284 potiundi.
1564 1244 1582 1272 5

175 1293 320 1334 urbem
346 1307 437 1333 esse
462 1291 628 1332 videbat
652 1307 745 1332 011111
771 1292 1007 1347 opulentam
1032 1292 1312 1345 nobilemque,
1340 1298 1425 1332 tum
1451 1306 1538 1331 ma-

176 1355 353 1395 ritimam
384 1360 423 1394 et
452 1354 494 1394 in
518 1353 810 1395 Macedoniam
836 1361 1065 1408 opportune
1096 1369 1277 1403 versam,
1314 1367 1537 1408 regemque

176 1415 415 1469 Philippum
440 1415 549 1456 hunc
573 1422 756 1469 portum,
796 1416 829 1457 si
855 1416 1044 1456 transiret
1074 1416 1116 1456 in
1140 1415 1321 1465 Italiam,
1359 1415 1538 1456 Brundi-

179 1478 285 1518 sium
310 1476 486 1517 Romani
510 1477 724 1526 haberent,
751 1478 985 1531 petiturum.
1030 1492 1146 1519 sacro
1171 1478 1266 1518 inde
1290 1483 1535 1532 perpetrato,
1563 1490 1580 1519 6

178 1540 231 1579 11(1
262 1538 372 1592 quod
402 1545 587 1587 venerat,
627 1547 683 1587 et,
722 1540 819 1579 dum
851 1539 908 1580 ibi
938 1546 1138 1589 moratur,
1176 1546 1411 1594 pervastato
1437 1554 1536 1594 agro

180 1600 369 1641 Cumano
394 1615 524 1653 usque
550 1601 601 1640 ad
614 1600 767 1641 Miseni
786 1601 1127 1655 promunturium,
1154 1601 1350 1642 Puteolos
1370 1606 1537 1655 repente

178 1676 326 1717 agmen
354 1662 552 1702 convertit
585 1662 637 1702 ad
667 1663 981 1716 opprimendum
1010 1662 1262 1716 praesidium
1286 1663 1535 1703 Romanum.

179 1738 252 1764 sex
277 1723 388 1763 milia
412 1723 625 1764 hominum
645 1730 759 1764 erant
784 1731 824 1764 et
848 1724 961 1764 locus
982 1723 1234 1764 munimento
1254 1737 1429 1776 quoque,
1455 1738 1538 1763 non
1565 1737 1580 1765 7

178 1793 323 1825 natura
366 1785 487 1825 modo
530 1791 654 1825 tutus.
732 1785 914 1825 triduum
949 1785 1006 1825 ibi
1047 1792 1228 1825 moratus
1270 1784 1437 1825 Poenus
1486 1784 1537 1825 ab

179 1847 288 1888 omni
313 1853 427 1900 parte
452 1853 648 1900 temptato
673 1847 896 1901 praesidio,
923 1847 1069 1887 deinde
1088 1853 1133 1886 ut
1151 1847 1251 1886 nihil
1275 1845 1535 1901 procedebat,

178 1910 230 1950 ad
254 1909 535 1964 populandum
561 1925 705 1964 agrum
730 1909 1048 1964 Neapolitanum
1072 1910 1205 1964 magis
1231 1909 1290 1950 ira
1315 1924 1440 1962 quam
1464 1923 1537 1962 po-

178 1972 344 2012 tiundae
369 1971 480 2012 urbis
515 1987 586 2025 spe
617 1972 830 2026 processit.
891 1972 1070 2012 adventu
1102 1972 1188 2012 eius
1220 1971 1262 2011 in
1292 1971 1535 2025 propincum
1562 1983 1580 2012 8

179 2048 323 2088 agrum
348 2040 459 2074 mota
471 2033 630 2074 Nolana
655 2041 716 2074 est
739 2034 875 2088 plebs,
903 2034 984 2074 iam
1009 2033 1079 2074 diu
1098 2048 1242 2074 aversa
1267 2033 1318 2074 ab
1337 2033 1536 2073 Romanis

179 2102 217 2135 et
242 2095 392 2135 infesta
417 2096 576 2136 senatui
602 2111 687 2136 suo.
725 2096 861 2149 itaque
886 2095 1012 2150 legati
1036 2096 1088 2136 ad
1114 2095 1404 2136 arcessendum
1419 2094 1537 2134 Han-

179 2155 357 2196 nibalem
382 2171 475 2197 cum
499 2157 598 2198 haut
629 2158 754 2198 dubio
784 2158 987 2212 promisso
1018 2157 1239 2197 tradendae
1270 2156 1383 2196 urbis
1414 2170 1537 2195 vene-

179 2224 283 2258 runt.
344 2219 554 2271 praevenit
578 2219 786 2273 inceptum
817 2235 957 2260 eorum
982 2218 1206 2259 Marcellus
1239 2217 1383 2258 consul
1409 2232 1432 2257 a
1455 2216 1537 2270 pri·
1563 2232 1580 2261 9

181 2278 360 2319 moribus
387 2280 553 2321 accitus.
603 2281 668 2321 die
694 2296 775 2322 uno
797 2280 1040 2323 Suessulam
1067 2296 1090 2321 a
1111 2279 1300 2328 Calibus,
1328 2294 1421 2319 cum
1434 2278 1538 2319 Vul-

180 2348 323 2381 turnus
366 2341 497 2382 amnis
542 2342 793 2383 traicientem
834 2350 1016 2384 moratus
1060 2348 1193 2390 esset,
1254 2340 1536 2388 contenderat;

179 2402 273 2442 inde
298 2402 484 2456 proxima
507 2410 625 2443 nocte
652 2419 725 2444 sex
749 2405 862 2445 milia
885 2404 1087 2458 peditum,
1127 2401 1191 2458 [m]
1214 2403 1389 2456 equites,
1421 2416 1538 2456 prae-
1565 2411 1605 2440 10

181 2464 283 2504 sidio
311 2464 467 2504 senatui
495 2463 576 2519 [ut]
604 2471 758 2515 essent,
784 2465 931 2506 Nolam
956 2465 1186 2506 intromisit.
1245 2471 1284 2505 et
1308 2465 1367 2505 uti
1392 2480 1416 2504 a
1440 2479 1536 2505 con·
1564 2474 1602 2503 11

181 2525 268 2566 sule
293 2526 429 2566 omnia
453 2526 612 2580 inpigre
638 2526 747 2568 facta
773 2534 866 2567 sunt
891 2527 943 2568 ad
967 2527 1349 2582 praeoccupandam
1372 2526 1532 2575 Nolam,

179 2588 235 2628 ita
270 2587 481 2628 Hannibal
517 2594 678 2642 tempus
716 2589 894 2638 terebat,
939 2589 1003 2629 bis
1038 2589 1120 2629 iam
1157 2595 1250 2629 ante
1286 2588 1535 2642 nequiquam

180 2656 377 2703 temptata
400 2664 443 2690 re
470 2650 633 2704 segnior
658 2650 710 2691 ad
735 2651 985 2691 credendum
1008 2651 1179 2691 Nolanis
1206 2651 1352 2692 factus.

264 2711 417 2803 XHH}
477 2711 617 2753 Isdem
647 2712 791 2754 diebus
824 2719 862 2754 et
895 2712 946 2766 Q.
973 2712 1128 2754 Fabius
1162 2713 1305 2755 consul
1335 2713 1388 2754 ad
1415 2712 1533 2754 Oasi-
1561 2723 1575 2750 1

249 2778 313 2805 Livi
333 2778 388 2805 vot.
419 2777 440 2804 1.
1267 2780 1310 2812 12
