1815 3184
459 268 609 302 LIBER
635 268 767 311 XXII,
795 268 904 301 7—9.
934 270 981 310 [a.
999 265 1132 310 02111
1424 257 1477 297 63

120 371 245 426 plexu
270 372 357 412 eius
384 371 593 425 expirasse
627 370 781 419 ferunt,
820 370 1008 419 alteram,
1046 370 1112 411 cui
1144 385 1252 411 mors
1285 370 1342 410 fili
1374 369 1478 410 falso

120 433 307 474 nuntiata
338 439 442 482 erat,
480 439 680 473 maestam
713 433 925 473 sedentem
956 432 1067 473 domi
1097 433 1150 472 ad
1180 432 1357 486 primum
1384 446 1480 472 eon-

122 502 308 548 speetum
332 495 540 535 redeuntis
566 495 623 534 fili
647 495 799 549 gaudio
819 494 944 534 nimio
964 494 1250 534 exanimatam.
1292 502 1480 533 senatum

120 563 328 609 praetores
365 571 438 610 per
474 556 561 596 dies
594 556 747 609 aliquot
778 556 829 596 ab
861 562 949 596 orto
980 570 1111 608 usque
1142 556 1193 596 ad
1226 555 1479 596 occidentem

123 618 250 658 solem
288 618 329 658 in
366 618 480 658 curia
516 618 691 658 retinent
727 618 1025 667 consultantes,
1066 632 1244 671 quonam
1277 617 1380 657 duee
1411 623 1479 656 aut

122 680 250 733 copiis
277 679 427 732 quibus
454 680 589 720 resisti
616 679 838 719 victoribus
863 679 1017 720 Poenis
1043 686 1196 733 posset.

208 741 330 781 VIII.
391 741 639 793 Priusquam
666 741 764 782 satis
799 748 907 781 certa
939 741 1108 781 consilia
1140 746 1294 790 essent,
1333 755 1479 794 repens

123 803 199 843 alia
243 803 454 843 nuntiatur
495 803 651 851 clades,
695 809 887 856 quattuor
930 803 1041 843 milia
1078 803 1260 855 equitum
1299 817 1392 842 011111
1429 801 1478 842 C.

1508 507 1544 535 lt

123 864 323 904 Centenio
348 871 609 918 propraetore
637 863 763 904 missa
788 864 839 904 ad
867 864 1082 918 conlegam
1108 864 1159 905 ab
1183 863 1357 905 Servilio
1383 878 1478 904 0011-
1510 870 1513 873 “

123 926 210 966 sule
235 926 276 966 in
301 925 495 973 Umbria,
529 939 609 978 quo
634 932 727 979 post
752 940 936 979 pugnam
968 927 1019 965 ad
1045 926 1376 966 Trasumennum
1409 941 1481 966 au-

121 987 247 1027 ditam
273 994 503 1028 averterant
527 986 614 1034 iter,
642 986 693 1026 ab
714 985 949 1026 Hannibale
976 987 1266 1027 circumventa.
1311 987 1397 1027 eius
1423 988 1480 1027 rei

121 1048 231 1088 fama
257 1048 366 1088 varie
391 1047 577 1088 homines
604 1047 774 1087 adfecit:
806 1062 901 1101 pars
928 1048 1137 1101 occupatis
1165 1049 1317 1088 maiore
1350 1050 1482 1103 aegri-

122 1110 260 1150 tudine
291 1109 437 1149 animis
468 1109 603 1149 1010111
634 1124 686 1149 ex
716 1109 1006 1162 conparatione
1038 1109 1218 1163 priorum
1245 1110 1394 1150 ducere
1419 1125 1483 1150 re-

121 1178 279 1211 centem
305 1171 488 1223 equitum
513 1171 732 1219 iacturam,
758 1185 853 1224 pars
874 1186 956 1211 non
980 1171 1022 1210 id
1047 1171 1158 1224 quod
1183 1171 1387 1211 acciderat
1410 1186 1483 1226 per

121 1248 163 1274 so
200 1233 434 1282 aestimare,
479 1233 553 1273 sed
587 1242 631 1272 111
668 1233 709 1272 111
748 1233 910 1273 adfecto
947 1248 1116 1287 corpore
1153 1233 1341 1286 (11111111115
1378 1234 1481 1274 levis

120 1311 244 1337 causa
263 1296 395 1350 magis
417 1310 541 1348 quam
563 1295 697 1335 valido
718 1296 882 1349 gravior
903 1296 1132 1344 sentiretur,
1154 1296 1209 1336 ita
1228 1303 1314 1335 tum
1334 1311 1481 1351 aegrae

121 1366 159 1398 et
185 1357 371 1398 adfectae
397 1357 553 1398 civitati
578 1358 868 1410 quodcumque
895 1358 1056 1397 adversi
1082 1358 1288 1406 inciderit,
1315 1374 1396 1399 non
1421 1373 1484 1398 re-

119 1436 210 1460 rum
236 1419 538 1474 magnitudine,
566 1419 640 1460 sed
659 1419 814 1460 viribus
841 1419 1089 1468 extenuatis,
1117 1434 1222 1472 quae
1247 1420 1348 1460 nihil
1373 1420 1484 1473 quod

121 1482 362 1536 adgravaret
398 1481 483 1535 pati
518 1488 706 1535 possent,
751 1481 1052 1522 aestimandum
1091 1496 1195 1522 esse.
1255 1482 1393 1534 itaque
1431 1482 1483 1522 ad

119 1543 346 1583 remedium
388 1543 468 1582 iam
513 1543 584 1583 diu
625 1557 758 1596 neque
802 1543 1078 1584 desideratum
1121 1558 1197 1584 1100
1240 1544 1481 1592 adhibitum,

121 1605 361 1645 dictatorem
386 1605 624 1653 dicendum,
657 1605 801 1646 civitas
828 1605 1027 1660 confugit.
1089 1613 1127 1646 et
1153 1605 1250 1659 quia
1275 1614 1312 1647 et
1339 1607 1483 1647 consul

121 1667 279 1715 aberat,
313 1682 336 1706 a
367 1681 447 1720 quo
479 1682 560 1707 uno
592 1667 671 1707 dici
696 1682 820 1722 posse
845 1667 1074 1716 videbatur,
1111 1682 1186 1708 1100
1211 1683 1284 1722 per
1309 1683 1484 1723 occupa-

121 1736 205 1769 tam
241 1729 363 1769 armis
401 1729 569 1769 Punicis
605 1729 768 1769 Italiam
804 1729 924 1770 facile
962 1736 1046 1770 erat
1084 1736 1154 1770 aut
1190 1731 1378 1770 nuntium
1415 1739 1484 1771 aut

121 1790 275 1831 litteras
301 1791 406 1830 mitti
431 1805 507 1831 1100
532 1791 772 1832 dictatorem
797 1791 975 1846 populus
1002 1807 1139 1833 creare
1163 1799 1340 1846 poterat,
1373 1793 1484 1846 quod

122 1867 346 1905 numquam
378 1861 471 1893 ante
497 1868 586 1893 eam
614 1853 722 1893 diem
748 1853 903 1894 factum
931 1860 1036 1903 erat,
1068 1855 1386 1908 prodietatorem
1411 1870 1479 1909 po-

121 1913 242 1967 pulus
269 1915 420 1955 creavit
441 1914 493 1966 Q
508 1915 685 1956 Fabium
704 1914 938 1955 INIaximuin
965 1922 1003 1956 et
1030 1916 1275 1970 magistrum
1301 1917 1483 1969 equitum

123 1975 183 2015 M.
209 1975 440 2016 Minucium
460 1977 637 2024 Rufum,
669 1977 816 2030 hisque
841 1977 1053 2032 negotium
1079 1977 1130 2018 ab
1158 1985 1302 2018 senatu
1328 1979 1481 2027 (latum,

125 2045 165 2076 111
198 2053 335 2079 muros
367 2046 579 2092 turresque.
615 2039 726 2080 urbis
758 2040 967 2080 firmarent
999 2046 1038 2080 et
1062 2040 1267 2094 praesidia
1292 2041 1483 2094 dispone-

125 2106 212 2138 rent
243 2099 391 2152 quibus
422 2101 522 2141 loeis
555 2102 762 2142 videretur
792 2108 1020 2155 pontesque
1045 2102 1325 2142 rescinderent
1349 2103 1483 2142 flumi-

125 2175 241 2200 num:
279 2175 351 2214 pro
385 2162 484 2202 urbe
515 2177 563 2203 ae
598 2163 816 2217 penatibus
854 2163 1133 2203 dimicandum
1170 2178 1279 2212 esse,
1318 2165 1482 2216 quando

126 2221 286 2261 Italiam
314 2223 417 2262 tueri
441 2224 693 2276 nequissent.

211 2283 355 2324 VIIII.
392 2284 607 2326 Hannibal
632 2292 742 2326 recto
767 2285 910 2326 itinere
934 2301 1008 2340 per
1028 2285 1247 2327 Umbriam
1272 2301 1403 2340 usque
1429 2289 1481 2328 ad

129 2344 358 2398 Spoletium
389 2346 512 2386 venit.
573 2347 667 2387 inde
699 2362 790 2387 eum
823 2348 1091 2402 perpopulato
1117 2363 1216 2403 agro
1241 2348 1385 2389 urbem
1410 2364 1482 2404 op-

126 2421 309 2461 pugnare
340 2407 506 2448 adortus
539 2415 666 2457 esset,
705 2423 797 2449 eum
829 2425 979 2464 magna
1005 2410 1129 2450 caede
1156 2424 1324 2450 suorum
1348 2412 1483 2465 repul-

126 2483 214 2517 sus,
253 2468 486 2510 coniectans
523 2484 575 2510 ex
609 2470 730 2511 unius
769 2471 949 2511 coloniae
986 2471 1097 2511 haud
1132 2472 1253 2511 nimis
1288 2487 1482 2527 prospere

125 2536 345 2584 temptatae
370 2531 547 2580 viribus,
575 2539 728 2584 quanta
752 2532 881 2573 moles
907 2532 1120 2573 Romanae
1145 2532 1257 2574 urbis
1283 2541 1412 2583 esset,
1438 2534 1481 2574 in

125 2609 268 2647 agrum
294 2593 495 2634 Picenum
520 2594 666 2635 avertit
691 2595 767 2635 iter
790 2610 872 2635 non
897 2595 1015 2649 copia
1041 2595 1172 2636 solum
1199 2596 1331 2637 omnis
1357 2611 1483 2651 gene-

125 2656 179 2695 ris
200 2655 367 2710 frugum
386 2655 676 2705 abundantem,
705 2657 775 2697 sed
796 2656 991 2697 refertum
1010 2657 1180 2711 praeda,
1208 2671 1331 2711 quam
1350 2657 1481 2699 effuse

1507 1001 1524 1029 {0

1509 1494 1527 1523 27¹

1512 1995 1526 2021 *1

1509 2364 1526 2392 10

124 2717 232 2757 avidi
259 2724 381 2770 atque
407 2724 574 2772 egentes
599 2718 824 2772 rapiebant.
873 2718 929 2759 ibi
948 2734 1020 2773 per
1039 2719 1125 2760 dies
1152 2719 1305 2773 aliquot
1331 2719 1481 2761 stativa
1505 2734 1524 2762 4
