1815 3184
247 456 282 483 11

262 887 280 916 10

265 2438 282 2466 9

247 2499 282 2527 10

314 205 367 246 58
650 213 802 246 LIBER
827 213 955 257 XXII,
982 214 1012 246 2.
1033 214 1064 246 3
1093 214 1329 257 [a.u.e.537]

311 317 439 358 oculis
466 332 517 357 ex
543 331 667 356 verna
691 316 868 369 primum
896 315 1135 368 intemperie
1160 315 1343 356 variante
1369 317 1523 358 calores
1543 318 1669 373 frigo-

310 393 454 431 raque,
493 377 728 431 elephanto,
773 377 844 430 qui
881 392 986 416 unus
1026 377 1303 431 superfuerat,
1341 393 1422 432 quo
1459 379 1580 420 altius
1617 380 1668 421 ab

311 455 417 492 aqua
449 445 627 479 exstaret
659 445 817 487 vectus,
855 438 1007 493 vigiliis
1045 446 1181 478 tamen
1219 446 1259 479 et
1294 448 1492 481 nocturno
1528 456 1670 482 umore

308 502 561 555 palustrique
605 501 717 541 caelo
759 509 956 555 gravante
1000 509 1123 555 caput
1159 508 1198 541 et
1235 502 1331 554 quia
1367 503 1557 543 medendi
1594 518 1670 544 nee

307 564 421 603 locus
447 577 522 603 nee
549 569 711 616 tempus
740 570 844 611 erat,
873 563 999 603 altero
1027 562 1144 603 oculo
1171 564 1340 617 capitur.

391 624 472 664 III.
522 623 669 664 Multis
691 624 927 665 hominibus
951 625 1226 677 iumentisque
1246 625 1367 665 foede
1387 626 1550 666 amissis
1577 641 1668 666 cum

307 687 472 727 tandem
515 686 564 726 de
607 686 826 740 paludibus
864 687 1119 735 emersisset,
1163 686 1234 727 ubi
1269 687 1447 741 primum
1483 688 1526 728 in
1562 688 1670 729 sicco

306 749 456 802 potuit,
485 760 617 788 castra
641 748 767 797 locat,
802 755 1039 802 certumque
1065 764 1138 803 per
1161 749 1412 803 praemissos
1439 750 1668 804 explorato-

306 826 370 851 res
397 811 541 851 habuit
567 812 792 852 exereitum
819 812 1053 852 Romanum
1081 812 1188 852 circa
1213 811 1352 852 Arreti
1378 812 1539 853 moenia
1564 827 1668 853 esse.

307 873 487 913 consulis
515 873 662 913 deinde
689 873 859 914 consilia
886 880 1007 926 atque
1034 873 1215 913 animum
1242 880 1281 914 et
1307 874 1429 914 situm
1453 874 1670 928 regionum

306 935 532 988 itineraque
565 941 604 975 et
629 935 769 989 copias
796 936 847 975 ad
874 944 1127 975 commeatus
1155 935 1432 989 expediendos
1459 943 1498 976 et
1523 943 1668 985 cetera,

307 1011 412 1049 quae
445 1011 648 1051 cognosse
678 997 719 1036 in
750 1012 836 1037 rem
869 1004 973 1045 erat,
1012 1012 1174 1037 summa
1206 997 1343 1037 onmia
1369 1012 1462 1038 cum
1489 998 1671 1038 01113111-

308 1059 505 1111 quirendo
532 1059 823 1111 exequebatur.
873 1059 987 1113 regio
1015 1067 1098 1099 erat
1123 1059 1164 1098 in
1184 1059 1326 1113 primis
1347 1059 1490 1099 Italiae
1510 1059 1668 1107 fertilis,

306 1120 473 1160 Etrusci
511 1121 663 1175 campi,
709 1121 778 1173 qui
814 1121 1014 1162 Faesulas
1051 1121 1156 1160 inter
1192 1120 1485 1174 Arretiumque
1522 1121 1668 1169 iacent,

307 1182 502 1222 frumenti
547 1197 594 1223 ae
635 1183 794 1237 peeoris
839 1190 877 1223 et
921 1183 1104 1223 omnium
1141 1184 1259 1237 copia
1294 1198 1430 1224 rerum
1468 1183 1668 1238 opulenti3

308 1244 452 1285 consul
484 1244 600 1284 ferox
633 1244 684 1285 ab
717 1245 932 1286 consulatu
958 1246 1091 1299 priore
1118 1253 1156 1285 et
1182 1260 1262 1285 non
1289 1246 1410 1285 modo
1436 1246 1574 1300 legum
1601 1252 1670 1286 aut

307 1314 468 1360 patrum
497 1307 740 1355 maiestatis,
776 1308 848 1347 sed
872 1322 922 1347 ne
949 1308 1122 1347 deorum
1148 1307 1315 1359 quidem
1343 1308 1441 1348 satis
1468 1315 1668 1347 metuens,

306 1368 411 1408 hane
448 1369 613 1408 insitam
649 1368 815 1422 ingenio
853 1369 940 1409 eius
978 1369 1248 1409 temeritatem
1280 1369 1442 1409 fortuna
1474 1383 1669 1423 prospero

307 1430 495 1471 civilibus
529 1429 769 1482 bellicisque
800 1430 922 1471 rebus
957 1445 1154 1470 successu
1185 1430 1352 1470 aluerat.
1408 1431 1545 1483 itaque
1572 1431 1670 1471 satis

307 1491 548 1546 apparebat,
586 1507 662 1532 nee
693 1493 791 1533 deos
824 1507 900 1533 nee
937 1492 1124 1533 homines
1163 1492 1443 1533 consulentem
1482 1493 1672 1534 ferociter

307 1554 444 1594 omnia
469 1569 516 1594 ae
542 1569 815 1608 praepropere
843 1562 1043 1595 acturum.
1095 1569 1259 1607 quoque
1292 1555 1457 1608 pronior
1488 1562 1595 1595 esset
1628 1555 1669 1594 in

307 1616 404 1656 11113
441 1631 532 1664 sua,
576 1617 731 1671 agitare
771 1631 865 1656 eum
902 1625 1023 1670 atque
1060 1617 1224 1657 inritare
1255 1616 1421 1657 Poenus
1458 1624 1592 1671 parat,
1631 1624 1670 1658 et

305 1677 423 1718 laeva
455 1678 596 1719 relicto
628 1679 746 1719 hoste
777 1679 978 1720 Faesulas
1011 1687 1154 1733 petens
1185 1679 1321 1719 medio
1347 1679 1539 1720 Etruriae
1570 1695 1670 1734 agro

306 1740 546 1793 praedatum
568 1741 778 1795 profectus
805 1749 1001 1794 quantam
1027 1742 1250 1781 maximam
1277 1742 1510 1782 vastitatem
1536 1748 1670 1796 potest

307 1802 501 1843 caedibus
528 1803 810 1856 incendiisque
837 1803 996 1844 consuli
1021 1803 1163 1857 procul
1191 1804 1382 1844 ostendit.

392 1863 639 1913 Flaminius,
668 1865 738 1917 qui
760 1880 833 1905 nec
854 1866 991 1918 quieto
1013 1866 1178 1918 quidem
1198 1865 1316 1906 hoste
1342 1866 1429 1919 ipse
1457 1865 1667 1919 quieturus

307 1934 409 1975 erat,
437 1937 522 1966 tum
545 1942 660 1976 vero,
687 1935 907 1981 postquam
932 1943 997 1969 res
1026 1928 1229 1968 sociorum
1258 1935 1350 1968 ante
1377 1928 1517 1969 oculos
1542 1942 1668 1982 prope

307 2003 403 2029 suos
430 1988 526 2028 ferri
552 1989 700 2043 agique
727 1990 846 2039 vidit,
881 2005 1001 2029 suum
1027 1990 1069 2029 id
1101 1990 1280 2030 dedecus
1312 1996 1444 2038 ratus,
1481 2004 1554 2044 per
1585 2004 1669 2029 me-

306 2051 415 2090 diam
446 2051 527 2091 iam
558 2051 721 2091 Italiam
753 2052 895 2107 vagari
926 2052 1114 2093 Poenum
1147 2058 1269 2104 atque
1301 2051 1525 2093 obsistente
1556 2052 1668 2091 nullo

307 2112 359 2152 ad
384 2113 473 2166 ipsa
494 2113 682 2153 Romana
709 2114 870 2154 moenia
896 2114 953 2154 ire
980 2114 1277 2168 oppugnanda,
1305 2116 1450 2154 ceteris
1477 2113 1666 2153 omnibus

305 2176 345 2215 in
379 2175 548 2216 consilio
582 2176 776 2216 salutaria
808 2176 940 2231 magis
967 2191 1091 2229 quam
1123 2176 1310 2230 speciosa
1342 2175 1610 2216 suadentibus
1635 2200 1669 2204 —

307 2237 506 2292 collegam
529 2239 852 2291 expectandum,
878 2246 922 2278 ut
944 2238 1171 2278 coniunctis
1193 2237 1439 2278 exercitibus
1461 2237 1667 2278 communi

307 2299 443 2340 animo
464 2300 718 2353 consilioque
745 2315 830 2340 rem
857 2307 1063 2354 gererent,
1091 2300 1253 2340 interim
1278 2300 1461 2352 equitatu
1487 2299 1672 2339 auxiliis-

307 2376 386 2414 que
417 2361 569 2402 levium
603 2377 809 2403 armorum
835 2362 886 2403 ab
913 2362 1045 2402 effusa
1069 2362 1294 2416 praedandi
1319 2362 1483 2402 lieentia
1506 2361 1667 2402 hostem

309 2423 584 2464 cohibendum
609 2441 660 2465 —:
699 2426 825 2465 iratus
854 2440 896 2465 se
923 2439 974 2465 ex
1000 2425 1170 2465 consilio
1194 2425 1395 2479 proripuit
1421 2424 1667 2479 signumque

309 2486 429 2526 simul
455 2486 609 2527 itineris
635 2501 882 2541 pugnaeque
909 2502 1002 2527 cum
1036 2485 1378 2541 [proposuisset],
1418 2487 1561 2527 ‘immo
1586 2485 1667 2526 Ar-

308 2548 382 2587 reti
418 2555 510 2588 ante
547 2548 709 2589 moenia
745 2549 997 2597 sedeamus,'
1033 2549 1164 2602 inquit
1203 2549 1287 2589 ‘hic
1323 2549 1431 2589 enim
1468 2548 1598 2603 patria
1628 2554 1666 2588 et

308 2617 476 2662 penates
504 2618 610 2651 sunt.
670 2611 883 2652 Hannibal
909 2611 1085 2652 emissus
1112 2626 1134 2651 e
1159 2611 1348 2652 manibus
1374 2610 1666 2665 perpopuletur

313 2670 471 2711 [taliam
498 2673 780 2725 vastandoque
806 2679 845 2713 et
871 2673 1026 2713 urendo
1053 2673 1188 2713 omnia
1215 2674 1265 2713 ad
1292 2673 1480 2713 Romana
1505 2671 1663 2712 moenia
