1815 3184
511 234 663 268 LuffiR¹
687 234 812 278 XXV,
838 234 893 270 31.
914 233 968 268 32.
997 236 1045 277 [a.
1060 232 1098 268 c.
1114 233 1195 276 212]
1444 223 1523 264 251

174 352 253 392 que
289 337 454 378 missus.
514 336 612 378 urbs
649 337 877 391 diripienda
912 336 1029 377 militi
1065 336 1160 377 data
1195 342 1257 377 est
1287 335 1526 377 custodibus

173 399 315 440 divisis
351 414 424 454 per
461 398 605 439 domos
642 413 801 449 eorum,
851 398 920 452 qui
961 398 1066 439 intra
1101 398 1306 452 praesidia
1339 397 1528 438 Romana

172 460 349 502 fuerunt.
411 474 505 501 cum
529 460 657 500 multa
681 460 782 509 irae,
820 460 948 500 multa
972 460 1164 500 avaritiae
1189 459 1311 500 foeda
1341 458 1529 513 exempla

173 523 405 571 ederentur,
442 521 722 562 Archimeden
759 521 979 562 memoriae
1014 521 1221 575 proditum
1252 527 1314 562 est
1344 521 1386 561 in
1416 526 1529 561 tanto

172 584 367 633 tumultu,
417 590 614 637 quantum
651 590 770 638 capta
805 584 903 624 urbs
940 583 982 623 in
1023 583 1212 624 discursu
1253 582 1529 638 diripientium

173 646 347 686 militum
379 645 483 686 ciere
514 652 691 699 poterat,
726 645 928 685 intentum
959 645 1120 693 formis,
1158 659 1259 698 quas
1290 645 1332 684 in
1361 644 1529 698 pulvere

173 708 453 762 discripserat,
481 707 531 748 ab
556 707 700 762 ignaro
719 707 845 748 milite
866 708 956 761 quis
977 714 1086 748 essct
1103 706 1382 756 interfectum3
1408 720 1529 760 aegre

174 771 215 810 id
228 770 473 810 Marcellum
499 769 640 810 tulisse
667 769 982 824 sepulturaeque
1001 784 1140 810 curam
1165 768 1346 810 habitam
1373 775 1412 808 et
1435 783 1529 822 pro-

175 832 339 886 pinquis
377 832 499 872 etiam
540 831 744 883 inquisitis
787 831 931 872 honori
971 830 1256 885 praesidioque
1298 844 1446 870 nomen
1483 844 1530 870 ac

174 893 412 934 memoriam
449 893 536 934 eius
573 893 716 934 fuisse.
786 893 865 933 hoc
901 907 1094 933 maxume
1137 892 1260 933 modo
1298 890 1529 946 Syracusae

175 963 335 1010 captae,
385 956 426 995 in
468 955 617 1008 quibus
659 955 835 1008 praedae
877 960 1036 994 tantum
1077 953 1178 1003 fuit,
1227 960 1425 1006 quantum
1462 953 1531 993 vix

175 1024 294 1072 capta
331 1016 582 1072 Carthagine
619 1023 706 1056 tum
742 1015 904 1063 fuisset,
950 1029 1043 1055 cum
1080 1028 1161 1068 qua
1197 1014 1352 1055 viribus
1389 1014 1531 1067 aequis

174 1078 418 1120 certabatur.

256 1139 407 1180 Paucis
445 1146 538 1179 ante
576 1138 720 1179 diebus
764 1153 889 1191 quam
928 1136 1160 1192 Syracusae
1202 1143 1444 1191 caperentur
1479 1135 1528 1177 T.

175 1200 378 1243 Otacilius
404 1214 497 1240 cum
523 1199 886 1253 quinqueremibus
912 1199 1121 1254 octoginta
1145 1198 1313 1240 Uticam
1339 1198 1389 1239 ab
1416 1198 1533 1253 Lily-

174 1263 276 1304 baeo
312 1262 537 1303 transmisit
574 1269 636 1311 et,
686 1277 780 1303 cum
817 1269 910 1303 ante
952 1262 1085 1303 lucem
1128 1269 1292 1316 portum
1326 1261 1531 1310 intrasset,

174 1325 378 1366 onerarias
415 1325 621 1365 frumento
657 1331 826 1365 onustas
865 1324 972 1379 cepit
1008 1337 1282 1378 egressusque
1312 1323 1354 1364 in
1385 1330 1533 1364 terram

175 1387 448 1441 depopulatus
486 1395 548 1427 est
584 1387 839 1440 aliquantum
869 1387 957 1441 agri
989 1386 1096 1427 circa
1120 1385 1288 1427 Uticam
1319 1387 1535 1440 praedam-

175 1464 253 1502 que
280 1449 411 1489 omnis
437 1449 598 1503 generis
624 1456 731 1492 retro
757 1450 808 1490 ad
833 1449 951 1490 navis
983 1449 1078 1504 egit.
1138 1448 1388 1503 Lilybaeum
1415 1448 1533 1489 tertio

175 1512 240 1552 die
266 1526 389 1564 quam
414 1512 507 1552 inde
532 1512 741 1566 profectus
768 1519 852 1553 erat
884 1527 978 1553 cum
1004 1518 1168 1552 centum
1200 1511 1367 1566 triginta
1392 1526 1535 1552 onera-

175 1574 244 1613 riis
270 1573 444 1614 navibus
470 1573 674 1614 frumento
698 1575 931 1628 praedaque
957 1574 1115 1615 onustis
1141 1574 1263 1622 redit,
1300 1573 1425 1626 idque
1451 1573 1533 1613 sru-

176 1641 360 1675 mentum
386 1635 591 1689 extemplo
619 1634 848 1689 Syracusas
875 1635 1002 1684 misit,
1040 1635 1151 1688 quod
1181 1635 1223 1674 ni
1254 1641 1337 1674 tam
1367 1635 1408 1674 in
1434 1644 1535 1674 tcm-

176 1711 274 1751 pore
312 1696 589 1746 subvenisset,
627 1697 850 1738 victoribus
887 1697 1089 1750 victisque
1125 1696 1276 1751 pariter
1305 1696 1535 1750 perniciosa

180 1759 311 1800 fames
336 1759 529 1800 instabat.

261 1821 466 1861 XXXII.
525 1821 688 1862 Eadem
723 1828 877 1861 aestate
913 1821 953 1861 in
980 1820 1203 1875 Hispania,
1242 1834 1335 1860 cum
1371 1819 1535 1860 biennio

177 1882 305 1923 ferme
338 1883 438 1922 nihil
468 1883 689 1924 admodum
720 1880 984 1924 memorabile
1016 1883 1171 1924 sactum
1202 1889 1312 1923 esset
1336 1881 1536 1923 consiliis-

177 1959 256 1997 que
281 1945 414 1999 inagis
446 1958 569 1998 quam
601 1945 724 1986 armis
755 1945 908 1986 bellum
938 1952 1163 2000 gereretur,
1200 1945 1377 1986 Romani
1407 1945 1537 1999 impe-

179 2013 332 2047 ratores
366 2008 521 2061 egressi
559 2007 739 2048 hibernis
771 2008 910 2062 copias
943 2007 1253 2049 coniunxerunt.
1313 2007 1371 2048 ibi
1402 2007 1535 2047 consi-

179 2067 278 2107 lium
310 2069 574 2118 advocatum,
613 2070 878 2122 omniumque
909 2069 951 2109 in
983 2084 1108 2109 unum
1140 2074 1415 2123 congruerunt
1445 2082 1536 2109 sen-

180 2129 347 2178 tentiae,
385 2131 548 2183 quando
581 2131 631 2171 ad
662 2131 703 2171 id
733 2131 915 2172 locorum
945 2131 987 2171 id
1017 2131 1139 2172 modo
1170 2137 1307 2171 actum
1332 2136 1460 2179 esset,
1492 2136 1537 2170 ut

180 2190 487 2232 Hasdrubalem
530 2193 764 2233 tendentem
805 2193 847 2232 in
889 2193 1051 2233 Italiam
1086 2192 1323 2240 retinerent,
1373 2198 1535 2246 tempus

181 2267 271 2292 esse
297 2253 338 2292 id
363 2253 444 2293 iam
470 2254 556 2308 agi,
582 2261 627 2294 ut
650 2254 804 2295 bellum
828 2255 869 2294 in
895 2255 1100 2309 Hispania
1124 2254 1318 2294 finiretur.
1374 2260 1413 2293 et
1438 2253 1536 2294 satis

180 2314 232 2355 ad
256 2315 297 2354 id
323 2315 470 2355 virium
496 2316 716 2357 credebant
740 2317 966 2358 accessisse
997 2317 1143 2372 viginti
1172 2316 1284 2356 milia
1310 2314 1538 2357 Celtibero-

182 2392 270 2416 rum
296 2391 343 2417 ea
367 2377 500 2418 hieme
526 2378 578 2418 ad
603 2394 716 2419 arma
740 2379 1020 2420 excitatorum.
1070 2386 1152 2420 tres
1179 2378 1382 2419 exercitus
1408 2384 1534 2419 erant.

181 2438 420 2479 Hasdrubal
459 2438 656 2495 Gisgonis
704 2440 812 2482 filius
861 2447 900 2481 et
935 2441 1065 2496 Mago
1114 2440 1341 2482 coniunctis
1391 2440 1536 2481 eastris

181 2500 359 2553 quinque
386 2501 513 2542 ferme
546 2503 703 2543 dierum
727 2503 803 2544 iter
832 2503 883 2544 ab
909 2503 1107 2544 Romanis
1133 2503 1313 2544 aberant.
1373 2502 1538 2556 propior

181 2569 265 2602 erat
296 2562 545 2604 Hamilcaris
577 2565 683 2606 filius
710 2565 968 2615 Hasdrubal,
1006 2572 1124 2607 vetus
1155 2566 1197 2606 in
1226 2565 1432 2619 Hispania
1462 2565 1538 2605 im-

182 2631 359 2678 perator,
402 2626 453 2666 ad
482 2626 622 2668 urbem
646 2627 810 2668 nomine
835 2626 1071 2683 Amtorgim
1097 2627 1320 2669 exercitum
1346 2626 1535 2668 habebat.

1558 718 1598 747 10

1557 905 1593 933 11

1562 1461 1601 1489 14

1563 1647 1602 1675 15

1561 2018 1578 2046 10

1562 2391 1581 2419 4

1563 2516 1581 2544 5
