1815 3184
497 251 650 286 LIBER
674 250 841 295 XXIIII,
867 250 920 285 15.
940 250 995 286 16.
1023 252 1073 295 [a.
1090 249 1127 284 C.
1143 249 1226 293 214]
1465 240 1544 282 179

193 355 374 404 ducenti,
419 355 524 396 inter
559 368 662 407 quos
697 354 819 408 pauci
853 353 1076 394 admodum
1111 353 1263 402 Italici,
1305 352 1428 394 ceteri
1462 351 1548 393 Nu-

192 417 342 457 midiae
366 416 452 458 fere
477 431 618 457 omnes
643 415 876 468 Maurique.
930 422 1160 470 pugnatum
1185 421 1247 455 est
1273 420 1312 455 et
1336 414 1481 455 acriter
1505 420 1545 454 et
1571 428 1589 458 3

193 478 281 527 diu,
319 484 509 531 quattuor
533 477 642 518 horis
673 482 817 517 neutro
848 476 1041 517 inclinata
1070 483 1132 517 est
1155 491 1308 531 pugna.
1368 490 1444 516 nec
1467 475 1548 516 alia

192 540 325 594 magis
367 539 601 580 Romanum
642 538 877 593 inpediebat
918 553 983 579 res
1025 553 1149 592 quam
1192 539 1326 592 capita
1365 537 1546 578 hostium

191 601 322 655 pretia
345 601 522 641 libertati
545 600 672 641 facta:
708 615 804 641 nam
834 606 879 640 ut
903 600 1077 653 quisque
1107 600 1268 641 hostem
1294 600 1454 655 inpigre
1479 614 1546 640 oe-
1570 612 1590 641 4

193 663 364 711 ciderat,
402 663 579 717 primum
610 662 742 716 capite
773 676 895 717 aegre
925 662 1030 702 inter
1059 661 1221 703 turbam
1246 661 1547 714 tumultumque

193 723 444 765 abscidendo
458 723 614 764 terebat
629 733 789 778 tempus
799 740 809 773 3
835 723 982 764 deinde
1002 730 1201 777 occupata
1215 723 1358 764 dextra
1371 723 1547 764 tenendo

193 792 316 840 caput
347 786 595 826 fortissimus
627 786 800 839 quisque
830 792 1034 840 pugnator
1064 800 1155 827 esse
1181 786 1374 835 desierat,
1413 785 1549 840 segni-

191 847 270 888 bus
302 862 349 888 ac
380 848 531 888 timidis
564 848 711 888 tradita
742 862 883 901 pugna
914 854 1010 888 erat.
1061 847 1172 900 quod
1203 847 1274 888 ubi
1298 846 1450 889 tribuni
1473 847 1549 887 mi—
1575 860 1593 889 5

192 909 309 949 litum
336 908 526 951 Graccho
557 909 864 957 nuntiaverunt,
902 909 1109 949 neminem
1141 916 1316 949 stantem
1346 909 1429 950 iam
1459 908 1550 949 vul—

191 971 323 1011 nerari
347 971 525 1019 hostem,
563 969 788 1010 carnificari
817 970 1015 1018 iacentes,
1054 977 1093 1010 ct
1123 971 1164 1010 in
1190 970 1342 1011 dextris
1374 970 1549 1010 militum

191 1046 266 1086 pro
285 1032 432 1086 gladiis
453 1031 631 1072 humana
650 1031 784 1084 capita
804 1045 908 1079 esse,
936 1031 1098 1085 signum
1119 1031 1207 1071 dari
1225 1045 1396 1085 propere
1417 1031 1548 1079 iussit,

190 1093 420 1145 proicerent
451 1092 586 1146 capita
616 1092 937 1144 invaderentque
968 1091 1148 1145 hostem:
1197 1092 1348 1132 claram
1381 1092 1479 1132 satis
1512 1099 1550 1132 et
1576 1106 1592 1135 6

191 1154 395 1208 insignem
430 1154 621 1194 virtutem
658 1168 749 1194 esse
786 1168 862 1195 nec
897 1153 1065 1194 dubiam
1102 1153 1333 1194 libertatem
1367 1153 1550 1193 futuram

192 1215 367 1256 strenuis
393 1215 503 1255 viris.
552 1221 640 1255 tum
664 1215 940 1270 redintegrata
964 1229 1105 1269 pugna
1130 1222 1192 1255 est
1217 1221 1256 1255 et
1276 1229 1401 1267 eques
1428 1215 1550 1255 etiam

189 1277 233 1316 in
257 1276 396 1317 hostes
424 1277 613 1317 emissus.
673 1276 823 1330 quibus
849 1291 943 1317 cum
967 1276 1126 1331 inpigre
1151 1276 1355 1317 Numidae
1381 1291 1550 1317 concur-

190 1338 340 1379 rissent
369 1353 445 1379 nec
478 1339 641 1393 segnior
671 1339 854 1391 equitum
885 1353 1009 1392 quam
1039 1338 1224 1392 peditum
1256 1353 1398 1393 pugna
1428 1345 1548 1387 essct,

191 1400 338 1440 iterum
362 1400 404 1439 in
429 1399 599 1440 dubium
623 1400 801 1441 adducta
824 1414 904 1440 rcS.
949 1414 1043 1440 cum
1067 1400 1273 1452 utrimque
1298 1400 1438 1449 duces,
1464 1399 1549 1440 Ro-

194 1475 340 1501 manus
371 1461 580 1501 Bruttium
609 1462 911 1515 Lucanumque
953 1462 1102 1502 totiens
1139 1477 1163 1502 a
1198 1461 1421 1502 maioribus
1465 1461 1550 1502 suis

192 1522 323 1562 victos
355 1521 647 1575 subactosquc‚
685 1522 851 1564 Poenus
883 1523 1088 1577 mancipia
1117 1523 1307 1564 Romana
1338 1530 1376 1563 et
1408 1537 1459 1563 ex
1490 1537 1551 1563 er-

193 1582 355 1636 gastulo
397 1583 567 1624 militem
609 1583 745 1624 verbis
787 1584 1012 1633 obtereret,
1066 1591 1274 1638 postremo
1315 1585 1551 1638 pronuntiat
1575 1596 1594 1625 S

195 1643 428 1693 Gracchus,
466 1659 556 1685 esse
581 1644 681 1684 nihil
705 1646 814 1698 quod
840 1646 890 1686 de
914 1646 1101 1686 libertate
1133 1652 1361 1699 sperarent,
1398 1646 1478 1686 nisi
1503 1661 1551 1686 eo

194 1706 259 1746 die
285 1706 367 1747 fusi
392 1706 605 1760 fugatique
630 1706 768 1747 hostes
796 1713 945 1747 essent.

279 1767 402 1809 XVI.
451 1768 517 1809 Ea
542 1769 708 1809 demum
732 1783 814 1809 vox
838 1769 898 1809 ira
922 1769 1080 1809 animos
1106 1769 1303 1809 accendit.
1352 1776 1548 1810 renovato
1578 1783 1591 1811 1

194 1829 383 1879 clamore,
409 1830 521 1870 velut
546 1830 614 1870 alii
637 1837 803 1884 repente
830 1830 940 1879 facti,
968 1836 1080 1870 tanta
1104 1830 1145 1870 vi
1171 1844 1214 1871 se
1238 1830 1280 1870 in
1305 1829 1466 1871 hostem
1491 1831 1552 1871 in-

193 1890 389 1940 tulerunt,
416 1898 461 1931 ut
487 1892 677 1932 sustineri
702 1892 806 1932 ultra
824 1907 906 1932 non
925 1898 1105 1945 possent.
1141 1891 1273 1946 primo
1294 1892 1552 1947 antesignani

193 1951 446 2001 Poenorum,
484 1953 577 1993 dein
604 1954 722 2008 signa
747 1952 999 2007 perturbata,
1036 1960 1243 2007 postremo
1276 1960 1360 1995 tota
1389 1955 1552 2009 inpulsa

194 2014 322 2063 acies3
358 2015 452 2055 inde
476 2015 575 2056 haut
600 2015 722 2056 dubie
754 2022 869 2070 terga
893 2015 1006 2064 data,
1043 2022 1247 2069 ruuntque
1278 2016 1484 2071 fugientes
1510 2017 1551 2056 in

195 2083 328 2116 castra
352 2077 454 2117 adeo
479 2077 618 2131 pavidi
642 2077 889 2131 trepidique,
927 2083 971 2117 ut
995 2091 1046 2117 ne
1071 2077 1112 2117 in
1137 2078 1265 2132 portis
1291 2079 1456 2131 quidem
1482 2086 1551 2118 aut

194 2136 301 2177 vallo
327 2137 544 2190 quisquam
568 2139 771 2179 restiterit.
821 2153 868 2178 ac
892 2153 1019 2192 prope
1045 2139 1267 2179 continenti
1291 2140 1454 2194 agmine
1467 2139 1552 2181 Ro-

195 2198 305 2238 mani
328 2198 501 2239 insecuti
525 2214 678 2240 novum
703 2200 753 2240 de
778 2200 937 2254 integro
968 2200 1169 2254 proelium
1194 2201 1341 2242 inclusi
1366 2201 1549 2242 hostium

195 2259 301 2300 vallo
328 2260 551 2301 ediderunt.
596 2261 652 2302 ibi
678 2262 782 2302 sicut
806 2277 946 2317 pugna
970 2263 1243 2317 inexpeditior
1266 2263 1308 2303 in
1333 2264 1548 2318 angustiis,
1575 2275 1594 2304 3

195 2321 251 2361 ita
287 2322 433 2363 caedes
472 2323 646 2364 atrocior
680 2323 769 2364 fuit.
831 2330 871 2364 ct
902 2324 1095 2365 adiuvere
1127 2325 1296 2379 captivi,
1335 2325 1405 2378 qui
1434 2331 1551 2379 rapto

195 2383 299 2423 inter
334 2383 554 2424 tumultum
590 2384 698 2425 ferro
735 2385 969 2440 conglobati
1005 2392 1045 2426 et
1080 2385 1131 2427 ab
1169 2393 1285 2441 tergo
1318 2387 1553 2427 ceciderunt

195 2443 359 2485 Poenos
391 2452 429 2485 et
459 2445 603 2500 fugam
632 2446 917 2500 impedierunt.
982 2448 1120 2500 itaque
1151 2448 1286 2489 minus
1323 2448 1405 2489 duo
1440 2448 1552 2489 milia
1576 2460 1597 2489 4

195 2505 408 2546 hominum
433 2521 484 2547 cx
510 2513 620 2548 tanto
647 2509 827 2549 exercitu
852 2515 891 2549 et
915 2523 963 2550 ea
988 2509 1119 2549 maior
1138 2524 1232 2563 pars
1253 2510 1437 2562 equitum
1458 2525 1552 2550 cum

194 2566 285 2620 ipso
311 2567 414 2608 duce
440 2568 690 2623 effugeruut3
724 2570 791 2610 alii
817 2585 957 2611 omnes
984 2571 1092 2611 caesi
1118 2578 1187 2611 aut
1213 2571 1340 2625 capti,
1369 2578 1488 2625 capta
1513 2577 1553 2611 et

197 2628 314 2682 signa
349 2629 768 2685 duodequadraginta.
828 2645 880 2672 ex
909 2632 1132 2673 victoribus
1163 2633 1244 2673 duo
1276 2632 1387 2673 milia
1422 2633 1551 2673 ferme
1577 2646 1596 2675 5

196 2691 391 2732 cecidere.
451 2692 603 2745 praeda
628 2692 760 2734 omnis
784 2700 1070 2747 praeterquam
1100 2694 1314 2735 hominum
1338 2701 1550 2749 captorum

1260 2759 1326 2793 12*

1578 1290 1593 1318 *1

1577 1906 1595 1934 ΙΨ
