1815 3184
291 248 376 290 300
591 254 744 289 LIBER
768 254 917 298 XXVI,
943 254 997 288 31.
1018 254 1071 288 32.
1100 257 1148 297 [a.
1164 266 1197 289 u.
1213 255 1337 299 0.544]

288 374 369 400 non
395 359 492 399 estis
519 357 690 397 extremi
718 355 1091 412 Syracusanorum,
1125 357 1275 411 quippe
1300 358 1370 410 qui
1395 358 1484 398 aliis
1509 360 1642 401 humi-

245 436 263 464 5
288 422 442 460 litatem
479 419 690 469 obiciatis3
739 420 830 473 quis
867 427 929 461 est
965 428 1147 460 vestrum
1183 421 1254 473 qui
1291 435 1334 461 se
1370 421 1469 461 mihi
1504 429 1642 476 portas

288 489 540 536 aperturum,
579 481 650 534 qui
680 490 857 523 armatos
889 482 1037 522 milites
1069 497 1182 522 meos
1214 482 1256 522 in
1286 482 1429 523 urbem
1455 490 1642 537 acceptu-

286 559 377 584 rum
407 543 664 597 promiserit?
712 544 855 584 odistis
888 550 927 584 et
958 544 1227 584 exsecramini
1258 559 1328 585 eos
1360 545 1430 597 qui
1461 544 1643 586 fecerunt

288 615 327 647 et
364 622 413 647 ne
450 607 515 647 hic
552 607 718 660 quidem
755 606 1012 648 contumeliis
1049 607 1092 646 in
1133 622 1202 647 eos
1239 608 1422 647 dicendis
1459 608 1642 661 parcitis:

287 676 444 709 tantum
481 668 616 718 abest,
654 676 699 708 ut
736 675 775 709 et
810 669 890 723 ipsi
927 669 1006 709 tale
1043 669 1262 722 quicquam
1292 669 1439 709 facturi
1470 669 1642 710 fueritis.

243 743 260 772 6
287 732 377 785 ipsa
412 731 622 771 humilitas
641 742 820 780 «zorum,
858 738 994 785 patres
1033 731 1270 785 conscripti,
1309 746 1431 784 quam
1467 731 1536 771 isti
1572 731 1644 772 ob-

286 794 431 841 iciunt,
459 793 638 833 maximo
659 801 900 847 argumento
921 800 1000 842 est,
1027 808 1092 833 me
1112 793 1336 842 neminem,
1363 793 1433 846 qui
1453 799 1642 833 navatam

244 868 259 896 7
288 870 453 909 operam
488 855 547 895 rei
584 855 771 909 publicae
802 862 966 895 nostrae
997 855 1137 904 vellet,
1176 863 1410 896 aversatum
1441 869 1544 896 esse.
1605 862 1645 895 et

287 924 507 970 antequam
543 917 775 957 obsiderem
808 916 1056 971 Syracusas,
1093 932 1202 957 nunc
1237 917 1383 971 legatis
1420 917 1642 965 mittendis,

286 994 395 1019 nunc
427 980 478 1019 ad
510 979 773 1032 conloquium
804 980 938 1020 eundo
976 979 1173 1033 temptavi
1208 993 1372 1033 pacem3
1411 986 1450 1019 et
1480 986 1644 1033 postea-

286 1056 409 1094 quam
446 1056 579 1094 neque
615 1041 772 1095 legatos
810 1041 989 1082 violandi
1025 1041 1272 1081 verecundia
1308 1048 1393 1081 erat
1427 1056 1503 1082 nec
1545 1041 1644 1081 mihi

287 1103 367 1156 ipsi
391 1117 612 1157 congresso
644 1104 695 1144 ad
727 1110 864 1157 portas
892 1118 985 1143 cum
1015 1103 1267 1157 principibus
1298 1118 1542 1156 responsum
1573 1103 1644 1143 da-

287 1164 424 1213 batur,
463 1165 600 1205 multis
641 1172 746 1205 terra
781 1165 964 1218 marique
997 1165 1206 1205 exhaustis
1237 1164 1446 1205 laboribus
1479 1165 1643 1206 tandem

242 1238 262 1267 8
287 1226 328 1266 vi
364 1234 485 1279 atque
522 1227 644 1267 armis
672 1226 901 1281 Syracusas
940 1227 1040 1280 cepi.
1102 1241 1205 1279 quae
1243 1227 1372 1280 captis
1409 1227 1641 1276 acciderint,

287 1295 384 1341 aput
410 1287 689 1328 Hannibalem
720 1295 759 1328 ct
787 1288 1138 1342 Carthaginiensis
1175 1288 1304 1329 victos
1335 1289 1481 1329 iustius
1518 1303 1643 1341 quam

243 1363 260 1391 9
287 1350 397 1403 apud
433 1350 597 1390 victoris
635 1350 775 1404 populi
813 1361 999 1390 senatum
1035 1357 1311 1403 quererentur.
1373 1365 1468 1405 ego,
1506 1357 1642 1404 patres

287 1411 523 1465 conscripti,
553 1410 781 1465 Syracusas
809 1411 1002 1465 spoliatas
1031 1412 1065 1451 si
1090 1419 1312 1465 negaturus
1340 1426 1493 1460 essem,
1526 1427 1644 1452 num-

288 1489 413 1527 quam
450 1475 589 1528 spoliis
633 1489 772 1514 earum
814 1474 958 1515 urbem
995 1474 1171 1514 Romam
1215 1488 1466 1514 exornarem.
1539 1489 1643 1527 quae

288 1543 424 1576 autem
451 1536 622 1589 singulis
650 1537 778 1576 victor
803 1543 871 1576 aut
903 1536 1037 1576 ademi
1069 1544 1137 1575 aut
1168 1536 1280 1584 dedi,
1319 1550 1411 1575 cum
1437 1535 1533 1576 belli
1557 1536 1643 1577 iure

223 1610 261 1638 10
287 1605 373 1638 tum
399 1613 450 1638 ex
475 1599 672 1650 cuiusque
699 1599 842 1638 merito
870 1598 967 1639 satis
996 1598 1079 1638 scio
1106 1612 1170 1638 me
1191 1597 1352 1638 fecisse.
1391 1613 1438 1638 ea
1457 1612 1531 1638 vos
1556 1604 1645 1639 rata

286 1660 489 1709 habeatis,
533 1671 670 1714 patres
714 1660 950 1714 conscripti,
1000 1675 1148 1708 necne,
1192 1661 1324 1715 magis
1361 1660 1419 1700 rei
1454 1660 1643 1714 publicae

285 1722 451 1762 interest
483 1736 606 1774 quam
638 1737 740 1762 mea.
802 1723 954 1776 quippe
990 1737 1082 1763 mea
1118 1723 1219 1763 fides
1257 1722 1444 1763 exsoluta
1475 1731 1554 1763 est:
1592 1723 1645 1763 ad

284 1799 370 1824 rem
395 1783 601 1838 publicam
627 1785 819 1838 pertinet,
858 1799 908 1825 ne
940 1792 1029 1825 acta
1055 1798 1147 1825 mea
1177 1785 1446 1825 rescindendo
1477 1785 1578 1826 alios
1602 1785 1644 1825 in

220 1858 256 1886 11
285 1853 494 1900 posterum
522 1847 731 1901 segniores
763 1847 888 1886 duces
922 1846 1094 1887 faciatis.
1156 1854 1194 1887 et
1219 1847 1411 1900 quoniam
1444 1862 1580 1887 coram
1606 1854 1645 1886 et

288 1906 521 1948 Siculorum
548 1916 585 1948 et
611 1922 703 1948 mea
727 1907 855 1949 verba
880 1908 1072 1957 audistis,
1099 1915 1236 1962 patres
1262 1908 1494 1962 conscripti,
1523 1908 1643 1949 simul

285 1970 437 2024 templo
464 1971 730 2019 excedemus,
757 1967 808 2011 ut¹
827 1986 891 2011 me
918 1970 1085 2011 absente
1111 1970 1278 2011 liberius
1299 1971 1456 2010 consuli
1477 1977 1643 2010 senatus

284 2032 443 2086 possit'.
504 2033 559 2073 ita
591 2033 752 2074 dimissi
779 2031 927 2083 Siculi,
967 2041 1006 2073 et
1038 2033 1125 2087 ipse
1157 2032 1198 2072 in
1225 2031 1476 2086 Capitolium
1508 2032 1560 2072 ad
1585 2032 1644 2072 di-

288 2094 439 2134 lectum
466 2095 669 2135 discessit.

243 2169 255 2196 1
368 2156 573 2197 XXXII.
649 2156 808 2198 Consul
845 2157 946 2198 alter
981 2156 1031 2198 de
1067 2156 1283 2211 postulatis
1324 2155 1555 2197 Siculorum
1593 2155 1644 2196 ad

284 2225 418 2271 patres
451 2219 616 2259 rettulit.
677 2219 734 2259 ibi
765 2234 858 2260 cum
890 2220 960 2259 diu
985 2220 1035 2260 de
1062 2219 1274 2260 sententiis
1306 2226 1504 2259 certatum
1535 2225 1644 2258 esset

285 2288 323 2319 et
350 2296 500 2335 magna
524 2296 619 2335 pars
647 2288 831 2330 senatus,
859 2282 1040 2335 principe
1066 2281 1153 2322 eius
1180 2281 1406 2322 sententiae
1421 2281 1470 2321 T.
1484 2279 1643 2320 Manlio

286 2340 514 2395 Torquato,
564 2358 657 2383 cum
695 2344 877 2397 tyrannis
921 2343 1074 2384 bellum
1116 2344 1344 2398 gerendum
1386 2343 1516 2383 fuisse
1552 2357 1646 2383 cen-

287 2412 438 2453 serent,
476 2405 665 2446 hostibus
697 2412 737 2446 et
763 2404 1120 2459 Syracusanorum
1147 2413 1186 2446 et
1210 2405 1350 2460 populi
1375 2405 1571 2454 Romani,
1605 2412 1644 2445 et

286 2465 428 2506 urbem
464 2467 608 2521 recipi,
647 2483 729 2508 non
755 2468 862 2522 capi,
903 2476 941 2508 et
966 2476 1171 2522 receptam
1197 2467 1358 2522 legibus
1394 2466 1573 2520 antiquis
1606 2473 1643 2506 et

285 2526 471 2568 libertate
509 2529 699 2576 stabiliri,
738 2544 820 2569 non
856 2530 1011 2571 fessam
1047 2530 1280 2570 miseranda
1311 2529 1506 2570 servitute
1537 2527 1643 2568 bello

242 2602 260 2630 3
287 2589 443 2643 adfligi:
492 2590 597 2631 inter
645 2599 912 2645 tyrannorum
959 2599 999 2632 et
1046 2592 1162 2632 ducis
1198 2591 1377 2632 Romani
1425 2590 1644 2631 certamina

287 2651 511 2702 praemium
539 2652 704 2693 victoris
730 2653 773 2692 in
797 2653 931 2693 medio
957 2654 1134 2707 positam
1159 2653 1302 2694 urbem
1328 2651 1642 2707 pulcherrimam

288 2725 335 2751 ac
365 2711 663 2754 nobilissimam
693 2729 869 2768 perisse,
906 2715 1098 2755 horreum
1129 2722 1251 2768 atque
1282 2713 1483 2754 aerarium
1514 2725 1642 2765 quon-

241 2354 258 2383 ΙΟ
