1815 3184
453 222 603 257 LIBER
627 221 756 266 XXX,
782 221 835 255 26.
856 221 910 255 27.
939 223 987 264 [a.
1004 220 1227 263 c.203.202]
1435 208 1517 250 509

171 328 341 369 missam
375 327 438 368 M.
468 326 660 370 Valerius
690 325 810 366 Falto
847 331 888 366 et
921 323 984 365 M.
1013 323 1169 365 Fabius
1193 323 1329 364 Buteo
1366 321 1518 364 aediles

172 391 333 432 curules
360 389 568 444 quaternis
595 388 699 429 aeris
725 387 890 429 vicatim
913 387 1067 442 populo
1094 386 1400 441 discripserunt.

255 452 418 494 Eodem
454 466 560 492 anno
592 450 773 503 Quintus
802 449 959 491 Fabius
994 449 1207 490 Maximus
1244 448 1414 490 moritur
1450 462 1520 488 ex-

173 522 287 556 actae
325 514 490 563 aetatis,
540 513 574 554 si
610 512 775 566 quidem
817 527 960 552 verum
996 517 1059 552 est
1101 525 1298 566 augurem
1341 510 1444 551 duos
1481 516 1522 550 et

174 576 391 632 sexaginta
416 590 545 616 annos
571 575 718 624 fuisse,
751 575 862 628 quod
887 574 1053 627 quidam
1079 581 1266 614 auctores
1293 580 1399 613 sunt.
1459 572 1520 612 vir

173 612 300 679 cei-Dte
318 638 395 678 fuit
427 637 576 692 dignus
609 644 722 678 tanto
754 635 1018 691 cognomine,
1054 635 1121 676 vel
1152 635 1187 676 si
1216 650 1370 676 novum
1395 634 1447 675 ab
1472 649 1520 675 eo

172 700 383 755 inciperet.
445 699 653 754 superavit
682 706 875 754 paternos
914 698 1111 746 honores,
1149 697 1280 737 avitos
1320 696 1520 750 aequavit.

174 763 339 803 victoris
371 768 412 802 et
440 761 662 803 maioribus
699 760 864 816 proeliis
899 775 999 801 avus
1036 759 1210 815 insignis
1241 759 1389 800 Rullus
1399 775 1410 809 ;
1449 758 1523 799 sed

174 824 313 866 omnia
349 839 525 878 aequare
566 839 672 865 unus
715 824 845 866 hostis
881 823 1094 864 Hannibal
1135 831 1283 878 potest.
1367 823 1522 864 cautior

174 894 313 928 tamen
350 901 473 940 quarn
514 886 740 941 promptior
782 886 847 926 hic
882 886 1072 935 habitus,
1121 892 1162 926 et
1203 885 1309 926 sieut
1346 885 1521 934 dubites,

173 956 312 989 utrum
341 949 507 1004 ingenio
539 955 750 989 cunctator
780 948 902 988 fuerit
934 964 985 988 an
1016 948 1112 1000 quia
1140 948 1198 988 ita
1226 948 1334 988 bello
1360 947 1522 1002 proprie

175 1012 286 1065 quod
312 1019 399 1052 tum
418 1011 638 1066 gerebatur
658 1018 799 1065 aptum
819 1017 924 1058 erat,
952 1010 1010 1050 sic
1028 1010 1129 1050 nihil
1150 1010 1298 1051 certius
1319 1018 1382 1051 est
1401 1025 1524 1063 quam

173 1088 302 1114 unum
338 1073 546 1114 hominem
581 1072 700 1113 nobis
737 1072 968 1112 cunctando
1004 1086 1091 1112 rem
1126 1072 1375 1120 restituisse,
1420 1072 1524 1112 sicut

173 1135 335 1175 Ennius
374 1134 442 1174 ait.
502 1148 633 1188 augur
667 1133 709 1173 in
744 1133 880 1173 locum
918 1133 1004 1173 eius
1041 1133 1310 1187 inauguratus
1343 1132 1522 1184 Quintus

173 1196 329 1238 Fabius
353 1195 566 1236 Maximus
592 1195 719 1244 filius,
745 1194 787 1234 in
813 1195 998 1235 eiusdem
1023 1194 1159 1235 locum
1183 1194 1524 1249 pontifex—nam

175 1259 256 1299 duo
283 1257 512 1305 sacerdotia
536 1257 679 1298 habuit
702 1281 735 1285 —
761 1255 851 1297 Ser.
880 1255 1087 1311 Sulpicius
1115 1255 1263 1297 Galba.

258 1320 372 1361 Ludi
395 1319 574 1361 Romani
610 1319 718 1360 diem
753 1334 899 1368 unum,
921 1318 1073 1373 *plebei
1108 1325 1170 1359 ter
1206 1318 1280 1360 toti
1310 1318 1525 1359 instaurati

176 1385 227 1425 ab
260 1384 459 1425 aedilibus
484 1384 547 1424 M.
576 1382 719 1424 Sextio
747 1381 903 1424 Sabino
934 1389 973 1422 et
1000 1381 1078 1423 Cn.
1105 1381 1328 1432 Tremellio
1357 1382 1523 1423 Flacco.

175 1447 203 1487 ii
229 1447 349 1487 ambo
374 1453 583 1500 praetores
615 1445 713 1486 faeti
737 1452 777 1486 et
802 1459 895 1485 cum
924 1444 973 1485 iis
1001 1443 1050 1485 C.
1077 1445 1225 1485 Livius
1254 1444 1460 1486 Salinator
1485 1452 1525 1485 et

178 1508 227 1550 C.
254 1508 450 1548 Aurelius
478 1507 615 1549 Cotta.
665 1507 830 1548 comitia
854 1507 941 1548 eius
967 1507 1063 1547 anni
1086 1514 1224 1547 utrum
1251 1505 1300 1548 C.
1323 1505 1523 1547 Servilius

178 1570 322 1612 consul
358 1570 547 1610 habuerit
583 1585 654 1619 an,
691 1569 787 1622 quia
822 1583 917 1609 eum
950 1584 1016 1609 res
1047 1568 1089 1608 in
1118 1568 1286 1609 Etruria
1321 1568 1526 1609 tenuerint

177 1632 439 1686 quaestiones
467 1647 519 1673 ex
551 1638 716 1673 senatus
743 1631 929 1672 consulto
963 1631 1013 1671 (le
1040 1630 1388 1671 coniurationibus
1413 1630 1525 1685 prin-

178 1695 315 1749 cipum
339 1695 579 1744 habentem,
617 1693 790 1734 dictator
815 1694 866 1734 ab
891 1708 939 1734 eo
966 1693 1097 1733 dictus
1122 1692 1172 1733 P.
1201 1691 1428 1747 Sulpicius,
1464 1692 1526 1732 in-

178 1765 334 1799 certum
358 1765 404 1798 ut
429 1758 481 1798 sit
506 1757 657 1798 diversi
683 1764 870 1798 auctores
896 1756 1063 1797 faciunt.

261 1820 458 1863 XXVII.
517 1819 727 1874 Principio
758 1819 1012 1872 insequentis
1045 1818 1140 1859 anni
1163 1818 1225 1858 M.
1254 1816 1454 1859 Servilius
1486 1824 1526 1857 et

177 1883 242 1924 Ti.
269 1881 470 1924 Claudius
510 1889 655 1922 senatu
690 1881 733 1921 in
759 1880 1010 1935 Capitolium
1047 1891 1190 1921 vocato
1223 1880 1272 1921 de
1303 1879 1524 1935 provinciis

175 1945 432 1986 rettulerunt.
480 1944 645 1985 Italiam
670 1952 791 1996 atque
816 1943 1003 1983 Africam
1028 1943 1070 1983 in
1095 1949 1247 1983 sortem
1272 1942 1385 1991 coici,
1410 1941 1526 1981 Afri-

177 2022 267 2048 cam
293 2007 413 2048 ambo
440 2007 671 2061 cupientes,
697 2007 902 2048 volebant.
957 2013 1138 2046 ceterum
1162 2004 1216 2057 Q.
1241 2005 1413 2046 Metello
1438 2020 1525 2044 ma-

176 2069 285 2110 xime
311 2069 519 2109 adnitente
544 2083 678 2122 neque
703 2076 854 2123 negata
878 2082 1011 2121 neque
1037 2068 1132 2108 data
1156 2074 1220 2108 est
1239 2067 1401 2108 Africa:
1429 2081 1524 2107 con-

179 2131 288 2172 sules
314 2131 417 2171 iussi
443 2145 536 2171 cum
561 2130 734 2171 tribunis
760 2130 892 2185 plebis
919 2145 1059 2185 agere,
1089 2137 1151 2179 ut,
1186 2130 1219 2170 si
1243 2132 1278 2170 is
1304 2129 1523 2177 videretur,

177 2193 376 2248 populum
399 2199 607 2247 rogarent,
634 2207 755 2246 quem
780 2192 932 2232 vellent
956 2192 997 2232 in
1020 2192 1167 2232 Africa
1190 2191 1344 2232 bellum
1368 2206 1523 2246 gerere.

1554 1147 1591 1176 10

1553 1334 1588 1362 ll

1552 1520 1590 1549 12

1554 1830 1567 1858 l

1551 1955 1568 1975 t)

1552 1975 1568 1984 u

1551 2080 1569 2108 3

179 2269 321 2295 omnes
347 2254 476 2295 tribus
502 2255 552 2295 P.
581 2253 818 2309 Scipionem
842 2254 1062 2295 iusserunt.
1116 2253 1243 2295 nihilo
1269 2253 1402 2294 minus
1429 2267 1525 2294 con·
1549 2266 1569 2294 4

180 2316 289 2357 sules
314 2316 569 2371 provinciam
589 2316 892 2357 Africam—ita
917 2316 1025 2357 enim
1051 2323 1216 2357 senatus
1243 2316 1526 2357 decreverat—

177 2379 219 2420 in
256 2387 408 2420 sortem
444 2379 718 2421 coniecerunt.
778 2379 843 2419 Ti.
883 2377 1058 2420 Claudio
1094 2379 1240 2419 Africa
1276 2378 1432 2427 evenit,
1480 2385 1526 2418 ut
1550 2391 1568 2419 5

177 2442 475 2497 quinquaginta
504 2441 672 2482 navium
703 2441 897 2490 classem,
934 2452 1076 2482 omnes
1108 2441 1441 2494 quinqueremes,
1482 2440 1525 2481 in

176 2504 366 2544 Africam
390 2504 580 2544 traiceret
608 2503 779 2558 parique
809 2503 980 2558 imperio
1011 2517 1104 2544 cum
1131 2501 1324 2558 Scipione
1349 2503 1524 2558 impera-

178 2574 240 2607 tor
266 2573 374 2607 esset
383 2583 394 2615 3
419 2566 481 2607 M.
505 2564 705 2606 Servilius
730 2566 940 2606 Etruriam
967 2566 1147 2607 sortitus.
1195 2566 1237 2607 in
1262 2566 1406 2607 eadem
1429 2580 1524 2620 pro·
1549 2578 1567 2608 6

177 2628 312 2668 vincia
336 2635 375 2669 et
401 2626 450 2669 C.
480 2626 655 2669 Servilio
679 2636 946 2683 prorogatum
976 2628 1209 2683 imperium,
1248 2628 1283 2669 si
1314 2628 1524 2668 consulem

176 2705 341 2731 manere
368 2690 420 2731 ad
443 2691 586 2731 urbem
613 2697 758 2731 senatu
777 2690 1011 2745 placuisset.
1047 2698 1257 2745 praetores
1276 2690 1338 2732 M.
1355 2689 1522 2732 Sextius
1550 2706 1566 2733 7
