1815 3184
503 656 792 708 [PERIOCHA
822 658 961 694 LIBRI
992 656 1124 707 XXI]

205 755 270 798 [In
290 754 436 788 Italiam
462 754 551 788 belli
574 754 705 788 Punici
733 754 887 788 secundi
912 757 1032 788 aetum
1060 758 1188 788 narrat
1210 757 1247 788 et
1267 753 1492 787 Hannibalis

136 805 241 838 ducis
267 805 479 838 Poenorum
513 808 644 838 contra
676 804 810 838 foedus
841 816 907 848 per
931 804 1112 837 Hiberum
1139 803 1275 838 flumen
1300 804 1493 837 transitus.

135 867 157 889 a
177 866 250 899 quo
272 854 477 899 Saguntum
498 854 682 888 sociorum
702 854 830 898 populi
851 854 1009 887 Romani
1031 854 1161 888 civitas
1183 855 1339 888 obsessa
1360 858 1492 888 octavo

135 916 260 939 mense
287 908 397 948 capta
422 908 489 938 est.
544 905 589 937 de
622 904 757 949 quibus
783 904 927 937 iniuriis
953 904 1055 937 missi
1081 904 1195 948 legati
1226 904 1274 937 ad
1300 903 1492 947 Carthagi-

135 956 283 989 nienses
299 955 361 999 qui
383 959 637 999 quererentur.
686 966 766 988 eum
788 954 1008 988 satisfacere
1024 955 1184 997 nollent,
1211 954 1350 988 bellum
1371 954 1423 987 eis
1442 954 1495 986 in-

135 1006 271 1039 dictum
292 1010 357 1039 est.
406 1005 597 1038 Hannibal
620 1010 795 1048 superato
816 1004 1013 1048 Pyrenaeo
1037 1005 1135 1037 saltu
1154 1016 1220 1048 per
1236 1004 1381 1038 Gallias
1401 1003 1494 1037 fusis

133 1056 279 1099 Volcis,
307 1055 369 1100 qui
396 1055 579 1088 obsistere
600 1055 724 1088 eonati
744 1059 849 1088 erant.
869 1055 921 1097 ei,
949 1059 986 1088 et
1005 1055 1052 1088 ad
1073 1054 1190 1098 Alpes
1212 1055 1313 1089 venit
1333 1058 1370 1088 et
1391 1054 1494 1087 labo—

133 1107 233 1140 rioso
253 1117 321 1150 per
340 1116 403 1139 eas
423 1105 600 1147 transitu,
628 1116 709 1138 eum
730 1111 928 1139 montanos
951 1116 1100 1150 quoque
1123 1105 1254 1140 Gallos
1277 1105 1408 1138 obvios
1431 1104 1495 1138 ali-

134 1162 226 1201 quot
239 1156 390 1200 proeliis
404 1155 616 1200 repulisset,
638 1156 829 1189 deseendit
847 1156 884 1189 in
898 1156 1045 1190 Italiam
1060 1160 1097 1189 et
1109 1156 1157 1189 ad
1172 1155 1344 1188 Ticinum
1359 1154 1494 1188 flumen

133 1209 321 1242 Romanos
337 1206 500 1250 equestri
514 1206 657 1250 proelio
673 1207 781 1240 fudit.
832 1206 868 1240 in
884 1217 956 1251 quo
977 1207 1210 1240 vulneratum
1226 1206 1266 1239 P.
1282 1205 1494 1239 Cornelium

135 1257 347 1302 Scipionem
378 1257 541 1300 protexit
571 1256 687 1299 filius,
722 1257 785 1301 qui
810 1256 979 1291 Africani
1011 1261 1144 1301 postea
1169 1267 1304 1290 nomen
1335 1256 1493 1300 aceepit.

133 1309 340 1352 iterumque
367 1308 530 1341 exercitu
555 1307 725 1341 Romano
753 1308 800 1341 ad
826 1307 962 1341 flumen
990 1307 1167 1341 Trebiam
1193 1306 1276 1340 fuso
1302 1306 1494 1340 Hannibal

134 1359 371 1403 Apenninum
404 1369 551 1403 quoque
584 1369 788 1402 permagna
819 1358 1016 1392 vexatione
1048 1357 1202 1391 militum
1239 1362 1392 1401 propter
1422 1357 1494 1390 vim

134 1409 409 1454 tempestatium
429 1409 586 1442 transiit.
636 1408 700 1442 Cn.
725 1408 921 1443 Cornelius
943 1408 1068 1452 Scipio
1096 1409 1133 1441 in
1154 1408 1340 1452 Hispania
1365 1413 1495 1442 contra

139 1461 284 1494 Poenos
304 1471 481 1504 prospere
500 1460 681 1504 pugnavit
702 1459 796 1494 duee
817 1460 978 1493 hostium
997 1460 1161 1503 Magone
1184 1462 1323 1503 capta]

641 1686 794 1739 TITI
829 1686 991 1739 LIVI

458 1790 545 1827 AB
595 1790 781 1828 VRBE
832 1790 1175 1836 CONDITA

662 1914 831 1951 LIBER
859 1914 976 1952 XXI.

224 2009 257 2050 Ι.
306 2010 355 2049 In
386 2017 500 2064 parte
533 2012 666 2065 operis
698 2012 779 2052 mei
809 2012 904 2052 licet
940 2013 1039 2052 mihi
1074 2012 1269 2066 praefari,
1308 2012 1419 2065 quod
1454 2012 1497 2051 in

141 2071 337 2125 principio
364 2087 548 2113 summae
574 2074 698 2114 totius
723 2074 900 2128 professi
919 2075 1103 2129 plerique
1125 2081 1219 2114 sunt
1237 2089 1373 2113 rerum
1400 2073 1497 2113 seri-

142 2139 296 2185 ptores,
334 2132 485 2173 bellum
517 2135 694 2175 maxime
726 2135 909 2175 omnium
945 2135 1227 2183 memorabile,
1267 2149 1372 2187 quae
1410 2150 1498 2174 um-

142 2208 265 2245 quam
296 2200 414 2248 gesta
445 2195 543 2244 sint,
582 2211 646 2236 ine
679 2197 943 2250 scripturum,
983 2197 1094 2250 quod
1127 2196 1362 2237 Hannibale
1394 2196 1497 2236 duce

145 2253 507 2309 Carthaginienses
534 2271 627 2297 eum
646 2258 797 2311 populo
816 2257 1005 2297 Romano
1027 2272 1206 2311 gessere.
1244 2273 1341 2297 nam
1365 2272 1497 2310 neque

144 2315 359 2356 validiores
385 2316 531 2371 opibus
557 2318 664 2358 ullae
688 2319 794 2358 inter
819 2334 862 2359 se
894 2319 1078 2359 civitates
1105 2326 1330 2374 gentesque
1357 2327 1499 2360 eontu-

143 2377 276 2417 lerunt
307 2393 420 2418 arma
449 2393 582 2431 neque
613 2380 677 2420 his
708 2380 808 2433 ipsis
841 2387 999 2420 tantuin
1029 2396 1226 2434 umquam
1256 2381 1402 2421 virium
1428 2390 1499 2421 aut

144 2439 300 2479 roboris
332 2439 427 2489 fuit3
465 2448 504 2480 et
534 2441 644 2481 haud
674 2442 836 2496 ignotas
867 2442 963 2482 belli
994 2450 1100 2483 artes
1138 2443 1242 2483 inter
1278 2457 1387 2492 sese,
1425 2444 1498 2483 sed

145 2508 332 2554 expertas
364 2502 495 2555 primo
525 2502 683 2543 Punico
720 2503 989 2544 conserebant
1019 2504 1144 2553 bello,
1183 2511 1223 2544 et
1253 2505 1355 2545 adeo
1386 2505 1498 2545 varia

146 2563 308 2602 fortuna
339 2562 435 2603 belli
466 2578 697 2618 ancepsque
723 2564 838 2605 Mars
865 2565 958 2614 fuit,
996 2573 1041 2605 ut
1071 2566 1238 2620 propius
1269 2566 1496 2620 periculum

144 2624 294 2663 fuerint
326 2625 396 2676 qui
427 2625 628 2674 vieerunt3
666 2627 769 2667 odiis
801 2627 922 2667 etiam
953 2642 1078 2681 prope
1109 2628 1331 2669 maioribus
1369 2635 1498 2669 certa-

145 2692 237 2725 runt
251 2700 375 2738 quam
388 2686 556 2736 viribus,
584 2688 780 2729 Romanis
796 2689 1116 2744 indignantibus,
1143 2691 1253 2743 quod
1272 2690 1495 2732 victoribus

212 2751 275 2777 Lim·
296 2752 348 2779 vot.
367 2752 397 2779 ιι.
1250 2756 1268 2789 1

1524 2271 1540 2300 10

1523 2643 1540 2672 3
