1815 3184
319 233 402 275 506
621 238 773 273 LIBER
796 238 924 281 XXX,
949 237 1071 271 2324.
1098 239 1145 280 [a.
1160 248 1192 270 u.
1210 248 1239 270 c.
1264 237 1345 280 551]

319 343 454 398 rogari
486 348 665 395 coeptae.
724 341 786 380 M.
817 340 964 380 Livius
997 338 1047 380 C.
1074 337 1294 379 Servilium
1324 340 1551 389 consulem,
1587 339 1655 393 qui

319 396 484 460 propior
509 411 637 451 esset,
671 402 980 451 arcessendum,
1011 408 1056 441 ut
1080 415 1217 442 coram
1241 416 1289 442 eo
1315 401 1365 442 de
1388 416 1489 456 pace
1516 417 1655 456 agere-

276 481 294 510 2
319 476 402 515 tur,
441 466 635 506 censebat
657 489 691 494 —
715 479 808 504 cum
833 465 882 505 de
906 479 950 504 re
974 463 1126 504 maiore
1152 478 1274 516 quam
1299 472 1451 516 quanta
1475 479 1524 504 ea
1548 471 1657 504 esset

321 528 563 571 consultatio
593 528 772 568 incidere
802 542 885 568 non
914 534 1073 582 posset,
1112 542 1195 568 non
1225 528 1353 568 videri
1383 528 1461 568 sibi
1490 529 1657 568 absente

321 591 535 633 consulum
561 591 687 631 altero
713 590 966 630 ambobusve
998 604 1088 630 eam
1118 605 1204 630 rem
1236 590 1302 645 agi
1328 590 1425 631 satis
1452 605 1501 631 ex
1527 590 1658 644 digni-

277 667 294 695 3
320 661 402 694 tate
428 652 568 707 populi
580 652 758 693 Romani
783 667 937 701 esse—,
964 650 1017 703 Q
1031 652 1247 700 Metellus,
1274 651 1342 705 qui
1367 651 1539 693 triennio
1565 660 1657 692 ante

321 715 463 757 consul
489 714 743 767 dictatorque
769 714 920 754 fuerat:
953 727 1044 753 cum
1069 713 1117 754 P.
1146 712 1285 768 Scipio
1311 714 1518 755 caedendo
1545 728 1660 754 exer-

321 777 443 825 eitus,
481 791 601 831 agros
632 775 868 830 populando
899 775 940 815 in
971 790 1061 815 eam
1084 775 1372 816 necessitatem
1397 775 1525 816 hostis
1551 789 1660 816 com-

276 852 296 880 4
319 838 511 894 pulisset‚
547 845 592 878 ut
618 838 824 892 supplices
855 851 999 892 pacem
1030 845 1233 891 peterent,
1271 845 1311 878 et
1335 852 1454 878 nemo
1480 837 1661 878 omnium

319 900 455 942 verius
493 899 740 940 existumare
777 906 936 953 posset,
974 913 1055 952 qua
1089 907 1224 940 mente
1256 914 1304 940 ea
1333 915 1414 954 pax
1441 906 1659 954 peteretur,

320 977 443 1015 quam
480 970 565 1002 tum
601 961 670 1014 qui
706 969 799 1001 ante
835 969 974 1015 portas
1002 961 1266 1017 Carthaginis
1303 961 1456 1002 bellum
1487 967 1659 1016 gereret,

320 1024 470 1066 nullius
497 1024 662 1064 alterius
695 1023 865 1064 consilio
898 1037 1021 1076 quam
1049 1022 1254 1078 Scipionis
1287 1024 1565 1078 accipiendam
1591 1023 1661 1063 ab-

277 1101 295 1129 5
320 1087 578 1127 nuendamve
603 1099 747 1140 pacem
772 1100 876 1125 esse.
936 1085 998 1126 M.
1023 1085 1214 1127 Valerius
1241 1086 1471 1134 Laevinus,
1504 1085 1572 1138 qui
1596 1084 1660 1125 bis

322 1148 465 1189 consul
490 1148 634 1196 fuerat,
663 1147 959 1201 speculatores,
985 1162 1067 1187 non
1092 1147 1250 1202 legatos
1276 1147 1438 1188 venisse
1464 1147 1660 1201 arguebat

320 1210 602 1262 iubendosque
626 1209 747 1249 Italia
781 1209 978 1249 excedere
1015 1216 1056 1249 et
1091 1209 1281 1249 custodes
1319 1223 1411 1249 cum
1445 1208 1494 1249 iis
1532 1223 1659 1261 usque

323 1273 375 1313 ad
404 1286 530 1312 naves
562 1271 782 1311 mittendos
816 1269 1080 1325 Scipionique
1113 1271 1391 1320 scribendum,
1428 1286 1478 1311 ne
1508 1270 1660 1311 bellum

278 1348 296 1378 6
320 1333 555 1375 remitteret.
604 1332 774 1372 Laelius
798 1333 1053 1385 Fulviusque
1080 1333 1333 1381 adiecerunt,
1360 1340 1399 1373 et
1425 1332 1659 1386 Scipionem

321 1396 362 1437 in
387 1411 434 1436 co
459 1395 636 1450 positam
660 1395 852 1435 habuisse
879 1410 993 1448 spem
1019 1395 1150 1448 pacis,
1179 1394 1211 1434 si
1235 1394 1446 1434 Hannibal
1472 1402 1511 1434 et
1529 1394 1659 1448 BIago

280 1473 295 1501 7
322 1474 373 1499 ex
408 1458 529 1498 Italia
564 1472 646 1497 non
681 1465 988 1498 revocarentur:
1031 1457 1168 1497 omnia
1200 1456 1459 1496 simulaturos
1487 1455 1660 1497 Cartha-

321 1520 529 1574 ginienses
550 1519 674 1559 duces
696 1533 766 1559 eos
786 1518 1069 1570 exercitusque
1091 1517 1326 1572 spectantis,
1353 1518 1499 1558 deinde
1520 1532 1661 1570 quam-

321 1582 382 1622 vis
408 1581 632 1622 lecentium
653 1581 866 1621 foederum
891 1588 931 1620 et
950 1580 1119 1620 deorum
1141 1579 1322 1619 omnium
1342 1579 1489 1620 oblitos
1508 1579 1662 1620 bellum

276 1656 295 1685 S
322 1652 524 1698 gesturos.
596 1658 643 1683 eo
680 1642 812 1696 marris
848 1642 890 1682 in
926 1642 1103 1682 Laevini
1141 1641 1383 1682 sententiam
1420 1642 1660 1682 discessum.

320 1688 444 1759 legati
469 1719 568 1759 pace
594 1678 774 1744 infecta&
769 1718 816 1744 ac
839 1719 966 1758 prope
993 1703 1079 1744 sine
1104 1718 1303 1758 iesponso
1329 1703 1498 1744 dimissi.

280 1782 293 1809 1
405 1767 606 1807 XXIIII.
665 1767 747 1807 Per
779 1782 849 1807 eos
881 1766 967 1807 dies
1002 1765 1079 1807 Cn.
1114 1765 1312 1807 Servilius
1350 1765 1509 1815 consul,
1552 1765 1662 1806 haud

322 1830 469 1870 dubius
501 1829 598 1882 quin
627 1838 797 1883 pacatae
822 1828 965 1869 Italiae
997 1844 1124 1883 penes
1157 1843 1200 1869 se
1225 1828 1356 1883 gloria
1385 1835 1512 1877 esset,
1550 1828 1662 1868 velut

320 1891 486 1946 pulsum
517 1891 568 1931 ab
600 1906 643 1931 se
668 1890 949 1931 Hannibalem
977 1905 1229 1944 persequens
1260 1890 1302 1930 in
1328 1888 1529 1938 Siciliam,
1566 1890 1660 1930 inde

277 1966 295 1995 2
322 1960 362 1994 et
385 1953 573 1993 Africam
610 1953 872 2002 transiturus,
911 1953 1081 1993 traiecit.
1142 1952 1251 2005 quod
1284 1951 1355 1992 ubi
1379 1952 1536 1992 Romae
1573 1952 1661 1992 vul-

322 2023 463 2070 gatum
489 2022 568 2064 est,
599 2015 730 2070 primo
757 2022 1000 2056 censuerant
1023 2022 1180 2070 patres,
1211 2022 1258 2055 ut
1280 2021 1442 2068 praetor
1467 2013 1662 2055 scriberet

323 2078 498 2127 consuli,
526 2086 712 2118 senatum
738 2092 913 2130 aequum
937 2091 1104 2118 censere
1130 2076 1171 2117 in
1195 2076 1357 2117 Italiam
1380 2075 1529 2116 reverti
1554 2090 1659 2125 eum,

278 2153 296 2181 3
323 2140 468 2180 deinde
495 2154 587 2179 cum
610 2147 774 2194 praetor
805 2147 1034 2194 spreturum
1066 2154 1159 2180 eum
1189 2139 1343 2179 litteras
1376 2153 1470 2178 suas
1496 2137 1660 2187 diceret,

323 2202 493 2243 dictator
519 2202 570 2242 ad
595 2202 637 2241 id
660 2201 797 2256 ipsum
816 2210 975 2242 creatus
988 2201 1037 2242 P.
1056 2200 1263 2255 Sulpicius
1289 2215 1361 2255 pro
1386 2200 1471 2240 iure
1496 2199 1660 2240 maioris

278 2275 298 2304 4
322 2263 465 2318 imperi
490 2264 700 2304 consulem
723 2263 765 2303 in
778 2263 941 2304 Italiam
965 2263 1185 2304 revocavit.
1228 2262 1425 2303 relicuum
1449 2261 1544 2302 anni
1570 2276 1661 2302 cum

321 2325 383 2365 M.
411 2324 585 2367 Servilio
615 2326 812 2381 magistro
844 2326 1024 2379 equitum
1056 2324 1355 2366 circumeundis
1380 2324 1523 2364 Italiae
1553 2323 1662 2364 urbi-

322 2388 417 2436 bus,
455 2402 558 2440 quae
583 2388 690 2429 bello
717 2388 915 2429 alienatae
940 2389 1119 2437 fuerant,
1157 2386 1456 2439 noscendisque
1483 2386 1662 2441 singula-

322 2464 412 2489 rum
438 2449 570 2490 causis
597 2450 863 2505 consumpsit.

281 2522 299 2551 5
405 2511 487 2551 Per
522 2511 770 2552 indutiarum
806 2519 966 2566 tempus
1005 2518 1045 2553 et
1080 2526 1131 2552 ex
1168 2510 1360 2552 Sardinia
1395 2510 1446 2551 ab
1480 2509 1660 2551 Lentulo

323 2580 508 2625 praetore
539 2582 702 2613 centum
732 2574 941 2614 onerariae
972 2589 1051 2614 nav
1055 2588 1098 2614 es
1130 2587 1223 2613 cum
1253 2582 1482 2613 commeatu
1517 2570 1661 2625 viginti

325 2641 589 2674 rostratarum
624 2635 828 2689 praesidio
869 2643 910 2676 et
945 2636 996 2676 ab
1032 2635 1149 2676 hoste
1186 2643 1225 2676 et
1261 2635 1312 2675 ab
1349 2633 1658 2688 tempestatibus

284 2706 302 2736 6
327 2694 428 2734 mari
463 2702 549 2736 tuto
572 2696 627 2749 ‚in
657 2696 844 2738 Africam
874 2697 1199 2738 transmiserunt.
1265 2696 1343 2738 Cn.
1375 2695 1550 2737 Octavio
1585 2694 1659 2734 du-
