1815 3184
465 234 619 269 LIBER
643 232 850 277 XXVIIII,
876 233 931 267 27.
950 232 1004 266 28.
1033 233 1082 275 [a.
1096 230 1135 265 C.
1150 230 1232 274 204]
1441 220 1522 261 471

173 341 272 381 ‘huc
297 338 459 393 dirigite
484 337 638 378 naves.’
683 351 732 378 eo
758 335 903 377 classis
929 334 1108 376 decurrit
1132 333 1356 389 copiaeque
1382 347 1525 374 omnes
1554 345 1593 374 13

173 403 214 442 in
239 409 388 442 terram
416 399 628 455 expositae
656 406 764 439 sunt.

256 464 508 517 Prosperam
556 461 865 515 navigationem
914 459 1001 500 sine
1049 466 1203 500 terrore
1252 472 1299 498 ae
1352 457 1528 498 tumultu
1556 469 1596 498 14

174 526 303 566 fuisse
339 524 553 579 permultis
593 522 765 564 Graecis
803 521 1049 574 Latinisque
1088 520 1322 561 auctoribus
1361 519 1528 561 credidi.

175 586 365 635 Coelius,
402 593 691 640 praeterquam
722 584 832 637 quod
862 599 945 624 non
975 598 1133 623 mersas
1165 582 1357 622 fluctibus
1386 596 1528 629 naves,

173 656 332 689 ceteros
359 647 491 688 omnis
525 646 713 687 caelestis
744 646 1055 698 maritimosque
1088 652 1283 693 terrores,
1320 652 1530 698 postremo

174 711 387 765 abreptam
418 716 664 764 tempestate
697 709 748 749 ab
774 708 921 748 Africa
952 708 1129 748 classem
1160 707 1213 747 ad
1243 706 1420 747 insulam
1444 706 1532 746 Ae-

174 773 399 827 gimurum,
426 772 521 812 inde
548 786 671 826 aegre
697 777 928 812 correctum
953 784 1119 810 cursum
1145 768 1314 823 exponit
1339 776 1379 809 et
1403 783 1531 823 prope

175 834 332 875 obrutis
357 834 534 874 navibus
566 833 727 873 iniussu
757 832 1016 887 imperatoris
1050 831 1236 885 scaphis,
1273 830 1385 871 haud
1411 844 1531 870 secus

175 911 300 949 quam
323 896 570 951 naufragos,
609 895 759 936 milites
787 895 875 935 sine
902 894 1026 934 armis
1053 908 1146 933 eum
1171 893 1329 947 ingenti
1355 892 1532 932 tumultu

175 959 218 998 111
244 966 396 999 terram
422 958 620 998 evasisse.

258 1019 480 1062 XXVIII.
518 1018 734 1073 Expositis
762 1018 890 1071 copiis
904 1016 1084 1058 Romani
1109 1024 1244 1057 eastra
1268 1016 1310 1056 in
1335 1016 1532 1070 proximis

176 1082 342 1123 tumulis
379 1088 597 1121 metantur.
669 1079 751 1118 iam
787 1094 870 1119 non
906 1078 948 1118 in
985 1078 1212 1118 maritimos
1250 1078 1373 1118 modo
1411 1093 1533 1132 agros

175 1150 400 1197 conspectu
424 1142 603 1196 primum
629 1140 793 1189 01115515,
833 1140 928 1180 (16111
959 1140 1137 1179 tumultu
1168 1139 1469 1193 egredientium
1492 1141 1536 1181 in

174 1213 324 1246 terram
354 1219 485 1258 pavor
517 1210 728 1255 terrorque
760 1209 1023 1256 pervenerat,
1063 1202 1137 1242 sed
1172 1201 1214 1241 in
1251 1202 1364 1256 ipsas
1396 1203 1533 1243 urbes.

172 1281 307 1320 neque
334 1266 443 1307 enim
474 1265 687 1307 hominum
718 1265 841 1306 modo
874 1265 1011 1312 turba,
1049 1263 1269 1304 mulierum
1294 1278 1536 1318 puerorum-

173 1344 253 1382 que
279 1328 514 1383 agminibus
540 1327 746 1376 immixta,
785 1326 918 1368 omnis
945 1326 1103 1381 passim
1129 1326 1408 1380 compleverat
1433 1327 1534 1375 vias,

175 1392 249 1432 sed
274 1405 424 1445 pecora
450 1405 612 1443 quoque
638 1404 737 1444 prae
765 1404 808 1430 se
835 1396 1021 1443 agrestes
1050 1388 1248 1443 agebant,
1286 1396 1331 1428 ut
1361 1388 1536 1442 relinqui

176 1453 311 1494 subito
326 1452 516 1493 Africam
542 1452 712 1492 diceres.
750 1451 922 1492 urbibus
949 1466 1047 1491 vero
1067 1450 1168 1505 ipsis
1192 1450 1390 1491 maiorem
1412 1465 1535 1503 quam

175 1531 298 1568 quem
336 1529 477 1555 secum
515 1515 736 1555 attulerant
773 1521 971 1555 terrorem
1007 1513 1265 1561 inferebant,
1314 1513 1536 1567 praecipue

177 1577 445 1631 Carthaginis
471 1592 599 1631 prope
626 1584 671 1616 ut
696 1584 840 1630 captae
867 1575 1066 1616 tumultus
1093 1574 1183 1614 fuit.
1232 1589 1328 1614 nam
1353 1583 1447 1628 post
1471 1575 1534 1616 M.

175 1640 351 1681 Atilium
376 1639 587 1693 Regulum
619 1647 659 1679 et
690 1639 742 1679 L.
769 1638 977 1678 Manlium
1009 1636 1220 1685 consules,
1258 1637 1376 1677 annis
1408 1652 1536 1692 prope

177 1701 501 1756 quinquaginta,
573 1701 732 1740 nullum
780 1700 1017 1740 Romanum
1068 1698 1294 1739 exercitum
1348 1699 1536 1740 viderant

176 1772 338 1817 praeter
364 1762 647 1817 praedatorias
675 1761 850 1809 classes,
878 1761 1026 1814 quibus
1054 1760 1318 1800 escensiones
1344 1760 1386 1800 in
1413 1776 1535 1816 agros

177 1827 310 1866 factae
338 1833 472 1874 erant,
498 1825 730 1879 raptisque,
758 1839 861 1877 quae
883 1823 1005 1864 obvia
1030 1823 1114 1863 fors
1135 1823 1307 1871 fecerat,
1334 1822 1447 1877 prius
1473 1838 1536 1863 re-

177 1903 344 1929 cursum
376 1902 538 1942 semper
571 1887 623 1926 ad
654 1901 781 1926 naves
815 1900 939 1938 quam
971 1885 1125 1925 clamor
1156 1884 1330 1939 agrestis
1358 1884 1538 1925 conciret

178 1952 330 1991 fuerat:
364 1965 412 1990 eo
438 1949 567 1990 maior
594 1958 680 1988 tum
706 1949 807 2003 fuga
831 1962 1042 2002 pavorque
1067 1947 1109 1987 in
1135 1947 1235 1987 urbe
1256 1947 1344 1988 fuit.
1384 1954 1424 1988 et
1444 1947 1536 1988 her-

178 2014 268 2054 cule
298 2027 432 2065 neque
466 2011 670 2052 exercitus
703 2010 814 2052 domi
846 2011 1005 2050 validus
1036 2024 1169 2062 neque
1203 2009 1285 2049 dux
1318 2000 1440 2062 quesn
1465 2024 1538 2064 op-

179 2084 380 2129 ponerent
413 2082 512 2115 erat.
573 2073 816 2114 Hasdrubal
844 2072 1043 2127 Gisgonis
1069 2072 1177 2112 filius
1205 2087 1375 2126 genere,
1413 2071 1537 2120 fama,

180 2136 338 2185 divitis,
370 2136 486 2191 regia
512 2143 598 2176 tum
629 2136 752 2176 etiam
780 2135 989 2175 adfinitate
1014 2134 1137 2189 longe
1170 2134 1328 2188 primus
1361 2133 1537 2174 civitatis

180 2205 284 2238 erat:
313 2198 385 2238 sed
412 2212 506 2237 eum
532 2198 583 2238 ab
608 2197 677 2238 illo
695 2196 889 2251 Scipione
916 2196 1071 2249 aliquot
1095 2195 1262 2250 proeliis
1289 2195 1428 2235 fusum
1447 2195 1539 2249 pul-

180 2274 353 2313 sumque
384 2259 426 2299 in
451 2260 659 2314 Hispania
690 2259 962 2299 meminerant
991 2272 1066 2299 nec
1099 2257 1232 2312 magis
1266 2258 1413 2297 ducem
1445 2257 1539 2297 duci

180 2337 321 2376 parem
347 2336 471 2374 quam
502 2321 813 2362 tumultuarium
845 2321 1073 2362 exercitum
1105 2335 1225 2360 suum
1250 2319 1441 2360 Romano
1468 2334 1539 2359 ex-

180 2383 323 2424 ercitui
349 2398 454 2424 esse.
497 2384 634 2437 itaque
661 2384 774 2424 velut
799 2384 832 2424 si
858 2384 1002 2424 urbem
1029 2382 1236 2436 extemplo
1264 2381 1537 2435 adgressurus

182 2445 322 2501 Scipio
359 2446 489 2494 foret,
538 2446 595 2486 ita
631 2446 932 2488 conclamatum
969 2446 1021 2485 ad
1059 2460 1174 2484 arma
1211 2452 1273 2483 est
1313 2450 1538 2498 portaeque

179 2507 328 2562 raptim
350 2507 514 2548 clausae
540 2515 581 2548 et
607 2508 753 2548 armati
778 2507 821 2547 in
846 2507 972 2547 muris
999 2506 1247 2561 vigiliaeque
1273 2512 1313 2545 et
1339 2505 1536 2546 stationes

180 2570 426 2625 dispositae,
465 2584 512 2610 ac
548 2577 668 2611 nocte
705 2569 939 2623 insequenti
975 2569 1193 2624 vigilatum
1223 2574 1298 2608 est.
1370 2575 1537 2621 postero

180 2632 245 2672 die
270 2632 381 2672 mille
402 2632 581 2685 equites,
610 2633 868 2687 speculatum
888 2632 940 2672 ad
959 2646 1071 2672 mare
1091 2630 1400 2682 turbandosque
1421 2644 1538 2685 egre-

180 2694 328 2736 dientis
367 2710 418 2735 ex
454 2695 629 2736 navibus
667 2694 802 2744 missi,
840 2695 882 2735 in
920 2694 1118 2736 stationes
1155 2693 1441 2734 Romanorum
1476 2691 1538 2732 in-

1559 779 1598 808 15

1561 1027 1576 1055 1

1560 1087 1578 1116 2

1561 1273 1579 1302 3

1561 1459 1580 1486 4

1563 1585 1581 1612 5

1563 1833 1580 1861 (J

1564 1959 1580 1987 7

1564 2207 1583 2236 8

1565 2394 1582 2421 9

1567 2580 1606 2609 10
