1815 3184
467 246 620 281 LIBER
644 245 809 290 XXVII,
835 245 890 280 39.
918 247 966 288 [a.
981 243 1019 280 0.
1033 245 1114 288 207]
1381 235 1464 277 369

205 351 499 394 XXXVIIII„
559 351 780 391 Auxerunt
802 349 962 391 Romae
987 349 1207 390 tumultum
1230 349 1389 390 litterae
1414 363 1465 389 ex
1493 363 1508 391 1

124 414 261 457 Gallia
287 415 434 455 allatae
465 414 516 454 ab
540 414 593 454 L.
620 413 768 454 Porcio
798 420 1004 468 praetore:
1040 411 1349 457 Hasdrubalem
1378 426 1466 452 mo·
1491 424 1509 454 2

122 477 233 518 visse
259 492 310 517 ex
334 475 516 517 hibernis
542 482 583 516 et
605 475 687 515 iam
705 475 838 530 Alpes
863 474 1056 524 transire3
1089 481 1180 515 octo
1205 473 1317 514 milia
1334 473 1468 528 Ligu-

121 555 212 581 rum
244 539 476 594 conscripta
506 545 743 591 armataque
774 537 1041 578 coniunctura
1072 551 1116 577 se
1141 545 1401 591 transgresso
1425 535 1468 575 in

122 603 286 644 Italiam
322 616 433 651 esse,
470 600 549 641 nisi
583 600 812 641 mitteretur
847 599 890 640 in
920 599 1120 654 Ligures,
1158 598 1228 652 qui
1258 613 1328 639 eos
1358 598 1467 639 bello

122 671 358 719 occuparet3
386 679 429 705 se
450 678 542 704 cum
561 662 742 703 invalido
761 661 959 711 exercitu,
986 661 1122 715 quoad
1141 668 1273 702 tutum
1291 667 1467 715 putaret,

121 741 451 782 progressurum.
511 726 588 767 hae
618 725 776 766 litterae
807 725 996 766 consules
1020 724 1171 779 raptim
1195 724 1381 765 confecto
1408 723 1468 764 di-
1493 735 1511 764 3

121 789 231 830 lectu
271 789 470 830 inatm·ius
513 802 637 841 quam
680 787 977 829 constituerant
1012 787 1122 828 exire
1158 787 1200 827 in
1235 786 1467 841 provincias

123 859 348 906 coegerunt
372 866 421 892 ea
444 858 600 899 mente,
631 857 677 890 ut
699 857 871 902 uterque
896 849 1058 890 hostem
1082 849 1124 889 in
1155 864 1230 890 sua
1258 847 1470 904 provincia

123 914 349 955 contineret
391 927 525 965 neque
562 911 755 966 coniungi
792 918 863 951 aut
898 911 1084 951 conferre
1119 910 1162 950 in
1196 925 1324 950 unum
1359 910 1468 950 vires

121 982 342 1030 pateretur.
401 974 623 1029 plurimum
652 973 695 1013 in
726 988 817 1013 eam
846 987 934 1012 rem
964 972 1119 1012 adiuvit
1144 972 1281 1026 opinio
1306 971 1469 1012 Hanni·
1493 984 1514 1013 4

120 1037 244 1084 halis,
273 1036 400 1089 quod,
427 1036 504 1076 etsi
524 1050 573 1076 ea
592 1042 748 1075 aestate
769 1034 1036 1074 transiturum
1056 1034 1098 1073 in
1116 1033 1280 1074 Italiam
1299 1033 1470 1074 fratrem

121 1099 367 1147 crediderat,
397 1098 670 1146 recordando,
705 1111 809 1150 quae
834 1096 924 1150 ipse
949 1096 991 1136 in
1016 1095 1191 1136 transitu
1220 1109 1330 1135 nunc
1353 1095 1468 1136 Rho-

121 1161 234 1210 dani,
274 1174 383 1200 nuno
412 1159 586 1214 Alpium
623 1174 716 1200 cum
752 1158 986 1200 hominibus
1023 1157 1206 1210 locisque
1242 1157 1468 1212 pugnando

118 1238 192 1278 per
222 1223 401 1276 quinque
431 1236 596 1262 meuses
628 1221 906 1270 exhausisset,
939 1220 1230 1273 hauquaquam
1261 1227 1345 1260 tam
1369 1219 1469 1260 faci-

119 1285 201 1326 lem
231 1291 519 1337 maturumque
550 1283 768 1324 transitum
799 1282 1056 1337 expectabat.
1117 1297 1166 1323 ea
1196 1281 1351 1322 tardius
1381 1297 1471 1322 mo-

119 1347 243 1388 vendi
268 1361 319 1387 ex
343 1345 524 1387 hibernis
550 1360 676 1386 causa
700 1345 788 1386 fuit.
839 1352 1022 1386 ceterum
1046 1343 1303 1385 Hasdrubali
1328 1350 1369 1384 et
1394 1359 1469 1385 sua
1494 1356 1512 1385 6

120 1417 161 1450 et
192 1409 363 1450 aliorum
395 1423 467 1463 spe
498 1408 636 1449 omnia
666 1407 863 1449 celeriora
894 1414 1017 1460 atque
1049 1406 1304 1461 expeditiora
1339 1405 1467 1447 fuere.

119 1487 204 1512 non
245 1470 354 1511 enim
395 1477 639 1525 receperunt
678 1470 802 1511 modo
838 1469 1019 1510 Arverni
1061 1484 1156 1510 eum
1192 1468 1470 1523 deincepsque

122 1534 225 1574 aliae
258 1532 443 1574 Gallicae
476 1539 597 1586 atque
627 1532 808 1586 Alpinae
839 1538 1004 1587 gentes,
1043 1532 1117 1572 sed
1148 1531 1272 1572 etiam
1303 1538 1469 1571 secutae

123 1603 218 1636 sunt
257 1595 309 1636 ad
344 1595 510 1636 bellum.
571 1602 611 1636 et
646 1609 740 1635 cum
775 1609 849 1649 per
878 1594 1038 1635 munita
1068 1594 1264 1648 pleraque
1294 1593 1470 1634 transitu
1496 1608 1512 1635 7

121 1657 278 1706 firatris,
325 1671 428 1710 quae
466 1663 586 1698 antea
621 1657 732 1697 invia
766 1657 947 1706 fuerant,
992 1657 1186 1705 ducebat,
1224 1663 1311 1696 tum
1347 1656 1471 1697 etiam

122 1719 339 1760 duodecim
382 1734 582 1760 annorum
624 1719 895 1760 adsuetudine
936 1719 1089 1774 perviis
1125 1718 1306 1773 Alpibus
1349 1717 1468 1759 factis

120 1782 226 1823 inter
250 1781 412 1823 mitiora
435 1781 517 1822 iam
541 1782 771 1822 transibant
796 1780 1008 1822 homiuum
1032 1780 1212 1835 ingenia.
1271 1780 1470 1821 invisitati
1494 1792 1514 1822 8

119 1858 298 1897 namque
324 1852 445 1884 antea
469 1843 710 1898 alienigenis
736 1857 813 1884 nec
837 1843 977 1883 videre
1001 1842 1082 1897 ipsi
1107 1842 1310 1883 advenam
1333 1842 1376 1883 in
1395 1857 1471 1884 sua

121 1914 229 1948 terra
254 1906 431 1955 adsueti,
457 1906 568 1948 omni
593 1906 734 1960 generi
759 1906 938 1947 humano
963 1905 1225 1946 insociabiles
1253 1912 1381 1946 erant.
1430 1912 1472 1946 et

120 1969 252 2024 primo
282 1969 436 2024 ignari,
473 1984 553 2022 quo
583 1969 751 2010 Poenus
782 1976 990 2023 pergeret,
1029 1983 1125 2009 suas
1156 1983 1280 2023 rupes
1314 1983 1470 2021 suaque

123 2030 292 2072 castella
322 2038 362 2072 et
390 2045 587 2086 pecorum
617 2031 910 2083 hominumque
939 2031 1137 2085 praedam
1165 2030 1250 2085 peti
1287 2030 1471 2071 credide-

121 2102 232 2141 rant3
269 2093 380 2133 fama
405 2093 553 2134 deinde
577 2093 726 2134 Punici
750 2092 865 2142 belli,
897 2107 977 2146 quo
1005 2093 1293 2134 duodecimum
1319 2107 1470 2133 aunum
1495 2105 1513 2135 9

122 2156 316 2196 urebatur
339 2154 479 2204 Italia,
506 2156 605 2196 satis
632 2156 869 2204 edocuerat,
896 2155 1005 2195 viam
1030 2162 1191 2196 tantum
1213 2154 1337 2210 Alpis
1363 2169 1469 2204 esse,

123 2217 225 2258 duas
252 2217 510 2272 praevalidas
535 2218 677 2265 urbes,
710 2232 862 2272 magno
888 2217 993 2258 inter
1019 2232 1063 2257 se
1095 2217 1219 2258 maris
1252 2224 1471 2258 terrarum-

122 2294 202 2332 que
234 2278 366 2333 spatio
401 2278 619 2328 discretas,
652 2280 702 2320 de
727 2279 898 2334 imperio
925 2287 965 2320 et
990 2279 1137 2334 opibus
1164 2286 1333 2320 certare.
1391 2278 1469 2320 hae
1497 2291 1537 2321 10

123 2355 272 2381 causae
298 2348 542 2395 aperuerant
563 2341 684 2396 Alpis
704 2342 973 2382 Hasdrubali.
1023 2349 1204 2382 ceterum
1229 2341 1340 2394 quod
1364 2341 1470 2382 cele-
1495 2353 1534 2383 11

121 2403 240 2444 ritate
276 2402 431 2444 itineris
468 2403 699 2457 profectum
737 2412 840 2453 erat,
883 2404 927 2444 id
962 2419 1077 2445 mora
1112 2404 1165 2444 ad
1198 2403 1468 2453 Placentiam,

123 2465 220 2505 dum
257 2465 409 2506 frustra
445 2465 606 2506 obsidet
646 2466 778 2521 magis
823 2481 946 2519 quam
989 2472 1220 2521 oppugnat,
1269 2466 1468 2521 conrupit.

123 2527 351 2568 crediderat
376 2528 617 2584 campestris
644 2528 785 2584 oppidi
809 2528 975 2569 facilem
1000 2528 1350 2584 expugnationem
1375 2543 1468 2570 esse
1495 2542 1535 2572 12

123 2597 164 2631 et
192 2590 384 2631 nobilitas
415 2590 599 2631 coloniae
629 2590 847 2632 induxerat
872 2606 983 2641 eum,
1015 2607 1214 2647 magnum
1239 2606 1283 2632 se
1308 2591 1468 2633 excidio

123 2652 210 2693 eius
235 2652 348 2693 urbis
374 2659 570 2694 terrorem
596 2654 741 2694 ceteris
767 2661 901 2695 ratum
925 2653 1182 2695 iniecturum.
1224 2669 1307 2696 non
1331 2654 1467 2709 ipsum
1494 2669 1534 2698 13

123 2715 256 2756 solum
275 2730 325 2756 ea
343 2715 595 2771 oppugnatio
614 2715 798 2771 inpediit,
826 2723 888 2758 set
901 2716 1181 2758 Hannibalem
1201 2723 1296 2771 post
1315 2716 1469 2758 famam

189 2781 253 2808 Livi
272 2781 325 2809 vol.
342 2781 376 2809 11.
1199 2783 1244 2816 24

1500 1228 1518 1258 27!
