1815 3184
273 408 292 438 8

273 656 290 685 20

253 1028 292 1057 10

252 1215 289 1243 11

272 1524 290 1553 10

270 1773 288 1801 ΟΒ

270 2330 288 2359 6

271 2455 288 2483 7

319 222 401 263 378
610 228 764 263 LIBER
788 216 953 273 xxvii,
978 229 1032 263 47.
1053 229 1109 264 48.
1139 233 1234 273 [a.u.
1250 231 1375 274 0547]

318 334 417 373 lium
452 331 635 372 venisset
658 331 941 385 Romanisque
978 332 1123 373 eadem
1159 333 1242 373 iam
1277 333 1442 374 fortuna
1476 333 1519 374 in
1547 335 1668 376 Italia

319 409 423 447 quae
453 393 495 433 in
525 392 734 447 Hispania
764 400 886 434 esset.
946 393 1152 435 interdum
1181 394 1338 435 litteras
1370 410 1466 436 suas
1498 395 1551 435 ad
1575 411 1668 437 eum

316 473 399 497 non
422 456 662 511 pervenisse
689 456 854 497 credere
878 455 1197 511 interceptisque
1216 459 1252 498 is
1273 457 1483 498 consulem
1503 457 1556 498 ad
1576 472 1667 499 sese

317 519 630 573 opprimendum
656 518 926 559 adcelerasse.
969 518 1032 560 his
1059 520 1204 560 anxius
1225 519 1332 559 curis
1352 519 1541 560 extinctis
1562 519 1668 574 igni—

316 582 394 622 bus
426 581 567 635 vigilia
596 580 729 635 prima
759 580 855 621 dato
892 579 1030 635 signo,
1067 588 1112 621 ut
1142 580 1255 622 taciti
1283 596 1385 622 vasa
1414 581 1667 635 colligerent,

320 643 439 697 signa
474 643 572 684 ferri
605 642 738 683 iussit.
796 642 839 683 in
874 642 1146 697 trepidatione
1182 650 1223 684 et
1257 650 1456 684 nocturno
1493 644 1668 684 tumultu

317 705 442 746 duces
478 720 624 760 parum
660 705 814 745 intente
851 705 1075 754 adservati,
1119 705 1221 746 alter
1257 705 1298 746 in
1336 705 1549 746 destinatis
1585 705 1667 746 iam

319 775 412 809 ante
438 768 573 808 animo
598 767 765 808 latebris
792 767 996 817 subsedit,
1030 767 1131 808 alter
1154 783 1228 822 per
1252 768 1360 808 vada
1383 774 1481 809 nota
1503 767 1668 809 Metau-

316 846 408 871 rum
442 830 595 870 flumen
631 829 821 871 tranavit.
880 829 939 870 ita
975 830 1184 871 desertum
1220 831 1271 871 ab
1308 830 1480 871 ducibus
1519 845 1668 885 agmen

315 893 446 948 primo
471 907 544 947 per
569 907 691 946 agros
711 891 884 946 palatur,
911 891 1091 945 fessique
1112 892 1266 945 aliquot
1285 907 1428 934 somno
1449 907 1497 933 ac
1516 892 1666 947 vigiliis

319 962 504 995 sternunt
542 969 713 1009 corpora
753 954 911 1009 passim
954 962 1075 1008 atque
1119 954 1394 1008 infrequentia
1433 954 1670 1008 relinquunt

320 1017 450 1071 signa.
509 1016 751 1057 Hasdrubal
787 1016 885 1056 dum
919 1016 992 1056 lux
1027 1016 1137 1057 viam
1173 1017 1425 1066 ostenderet,
1472 1016 1667 1058 intentius

318 1078 437 1132 signa
466 1078 573 1119 ferre
603 1078 733 1127 iubet,
771 1086 812 1118 et
842 1093 915 1132 per
945 1078 1118 1119 tortuosi
1150 1078 1281 1118 amnis
1315 1078 1428 1119 sinus
1453 1078 1666 1132 flexusque

319 1139 447 1193 (cum)
475 1154 653 1181 errorem
677 1139 848 1180 volvens
874 1139 985 1180 haud
1008 1139 1182 1180 multum
1200 1139 1421 1194 processit,
1446 1139 1516 1180 ubi
1534 1139 1668 1194 prima

317 1201 389 1242 lux
424 1201 639 1242 transitum
676 1209 952 1256 opportunum
982 1201 1232 1242 ostendisset
1268 1201 1526 1243 transiturus.
1593 1202 1667 1243 sed

317 1278 429 1313 cum,
456 1271 654 1316 quantum
678 1278 790 1304 mare
816 1263 1083 1313 abscedebat,
1109 1271 1222 1305 tanto
1243 1263 1453 1304 altioribus
1475 1278 1666 1305 coercen-

317 1325 425 1366 tibus
452 1340 614 1366 amnem
638 1325 736 1379 ripis
762 1340 845 1366 non
869 1325 1071 1366 inveniret
1096 1326 1215 1375 vada,
1242 1325 1351 1366 dicm
1377 1326 1546 1367 terendo
1573 1341 1666 1381 spa-

317 1387 419 1427 tium
445 1387 557 1427 dedit
581 1387 634 1427 ad
656 1387 958 1440 insequendum
983 1402 1074 1428 sese
1100 1387 1222 1428 hosti.

402 1448 721 1491 XXXXVHI.
786 1449 897 1490 Nero
921 1448 1099 1503 primum
1130 1462 1223 1488 cum
1247 1448 1358 1489 omni
1389 1448 1571 1501 equitatu
1596 1449 1667 1489 ad-

316 1511 445 1560 venit,
476 1510 650 1551 Porcius
677 1510 824 1551 deinde
851 1511 1069 1551 adsecutus
1096 1525 1190 1551 cum
1213 1510 1295 1551 levi
1320 1518 1537 1552 armatura.
1597 1511 1667 1565 qui

315 1588 408 1614 cum
433 1573 591 1614 fessum
617 1588 766 1627 agmen
791 1580 1005 1627 carperent
1030 1574 1081 1614 ab
1108 1573 1219 1614 omni
1250 1580 1365 1629 parte
1390 1573 1666 1614 incursarent-

315 1649 393 1688 que
419 1643 459 1675 et
483 1635 565 1675 iam
590 1634 743 1675 omisso
768 1635 932 1684 itinere,
958 1635 1070 1688 quod
1094 1635 1218 1689 fugae
1245 1635 1375 1675 simile
1402 1642 1505 1684 erat,
1531 1643 1667 1677 castra

314 1697 459 1738 metari
493 1698 661 1738 Poenus
706 1696 747 1736 in
790 1697 945 1738 tumulo
989 1712 1111 1752 super
1146 1696 1325 1738 fluminis
1360 1697 1492 1752 ripam
1529 1697 1664 1747 vellet,

315 1761 479 1801 advenit
494 1760 642 1801 Livius
668 1760 853 1815 peditum
877 1760 1066 1802 omnibus
1093 1761 1221 1816 copiis
1246 1776 1329 1801 non
1353 1760 1508 1801 itineris
1528 1761 1664 1811 modo,

315 1823 389 1863 scd
409 1823 462 1863 ad
480 1823 781 1863 conserendum
800 1822 1006 1877 extemplo
1027 1822 1228 1877 proelium
1248 1822 1457 1863 instructis
1478 1822 1665 1863 armatis-

314 1899 405 1938 que.
456 1885 530 1925 sed
553 1885 623 1925 ubi
649 1884 780 1925 omnis
803 1884 942 1939 copias
968 1885 1267 1926 coniunxerunt
1286 1885 1529 1937 derectaque
1556 1884 1663 1925 acies

314 1954 394 1996 est,
422 1945 623 1987 Claudius
645 1947 789 1988 dextro
808 1946 851 1987 in
870 1961 1014 1996 cornu,
1040 1946 1188 1987 Livius
1215 1947 1266 1987 ab
1292 1945 1456 1987 sinistro
1481 1961 1664 2000 pugnam

313 2008 494 2058 instruit,
531 2009 668 2049 media
705 2009 813 2050 acies
848 2008 1027 2064 praetori
1062 2009 1215 2049 tuenda
1250 2008 1357 2049 data.
1422 2008 1664 2049 Hasdrubal

313 2071 468 2112 omissa
491 2071 717 2112 munitione
749 2078 975 2112 castrorum
1005 2079 1226 2126 postquam
1255 2070 1524 2125 pugnandum
1548 2069 1662 2119 vidit,

313 2133 355 2172 111
385 2132 518 2187 prima
548 2132 634 2173 acic
666 2140 759 2173 ante
792 2132 912 2187 signa
941 2133 1182 2188 elephantos
1214 2132 1418 2181 conlocat,
1455 2131 1562 2172 circa
1593 2147 1663 2173 eos

313 2194 431 2235 laevo
455 2194 498 2235 in
523 2209 650 2235 cornu
680 2195 878 2236 adversus
905 2193 1126 2235 Claudium
1153 2193 1297 2236 Gallos
1329 2193 1517 2249 opponit,
1553 2193 1664 2234 haud

315 2264 474 2297 tantum
497 2256 546 2298 iis
572 2257 723 2307 fidens,
760 2265 958 2310 quantum
983 2257 1034 2298 ab
1059 2257 1177 2298 hoste
1203 2256 1336 2297 timeri
1360 2271 1431 2297 eos
1458 2256 1661 2297 credebat.

313 2318 401 2373 ipse
433 2319 622 2360 dextrum
654 2334 781 2360 cornu
811 2319 1010 2360 adversus
1041 2319 1103 2360 M.
1129 2318 1300 2359 Livium
1330 2318 1409 2359 sibi
1439 2325 1561 2371 atque
1584 2316 1662 2358 Hi-

316 2381 454 2435 spanis
480 2406 513 2410 —
537 2389 577 2422 et
606 2381 663 2422 ibi
692 2381 870 2422 maxime
900 2381 943 2421 in
966 2388 1105 2422 vetere
1129 2381 1257 2421 milite
1289 2395 1405 2435 spem
1429 2379 1608 2421 habebat
1630 2403 1659 2407 -

317 2443 503 2497 sumpsit.
563 2443 745 2498 Ligures
775 2443 818 2483 in
848 2443 983 2484 medio
1013 2451 1109 2498 post
1139 2442 1379 2498 elephantos
1409 2441 1552 2497 positi3
1589 2440 1662 2481 sed

314 2504 474 2559 longior
510 2520 634 2559 quam
669 2505 788 2546 latior
819 2505 927 2546 acies
959 2513 1063 2546 erat:
1101 2504 1246 2547 Gallos
1277 2504 1514 2560 prominens
1545 2501 1659 2543 collis

271 2578 290 2607 8
315 2568 494 2621 tegebat.
553 2583 603 2608 ea
626 2568 759 2617 frons,
787 2583 910 2622 quam
934 2568 1115 2623 Hispani
1139 2568 1351 2615 tenebant,
1379 2581 1472 2607 cum
1496 2564 1659 2606 sinistro

315 2628 597 2670 Romanorum
633 2644 759 2671 cornu
795 2631 1015 2680 concurrit3
1065 2631 1209 2671 dextra
1238 2628 1370 2670 omnis
1401 2627 1508 2668 acies
1546 2631 1660 2666 extra

317 2690 516 2743 proelium
542 2691 725 2733 eminens
752 2693 959 2734 cessabat:
997 2692 1112 2733 collis
1145 2691 1358 2746 oppositus
1389 2689 1570 2737 arcebat,
1606 2700 1657 2726 ne
