1815 3184
488 240 642 274 LIBER
666 239 792 284 xxv,
820 240 948 273 17.1S.
977 241 1024 282 [a.
1041 238 1177 281 (3.212]
1428 227 1512 269 235

238 342 385 384 XVII.
439 342 545 384 Sunt
570 343 640 396 qui
664 342 702 383 in
731 357 830 397 agro
854 342 1148 382 Beneventano
1173 355 1299 395 prope
1321 339 1512 381 Calorem

153 404 325 445 fluvium
351 405 569 447 ostendant
593 420 617 445 a
642 404 786 445 castris
812 418 905 444 cum
930 403 1139 444 lictoribus
1166 417 1213 444 ac
1233 402 1362 443 tribus
1384 402 1512 443 servis

1540 355 1553 383 1

152 466 318 506 lavandi
344 481 468 507 causa
492 481 776 521 progressum,
815 480 909 506 cum
938 465 1043 506 forte
1073 465 1178 505 inter
1208 464 1350 505 salicta
1373 464 1512 504 innata
1538 478 1556 506 2

153 528 252 581 ripis
294 528 466 568 laterent
508 528 674 576 hostes,
724 527 880 567 nudum
922 533 1044 580 atque
1085 526 1283 566 inermem
1321 526 1513 579 saxisque

154 604 260 642 quae
298 590 425 629 volvit
461 589 592 630 amnis
624 595 954 643 propugnantem
983 588 1256 628 interfectum.
1313 594 1408 628 sunt
1443 587 1514 640 qui
1539 601 1558 629 3

154 651 419 705 haruspicum
466 651 624 691 monitu
671 651 918 705 quingentos
966 665 1115 704 passus
1163 665 1188 690 a
1229 649 1372 690 castris
1421 663 1515 702 pro-

154 728 362 767 gressum,
400 713 459 753 uti
484 713 574 754 loco
605 727 708 766 puro
740 727 787 753 ea
817 726 922 765 quae
948 719 1041 752 ante
1067 712 1176 752 dicta
1200 711 1389 766 prodigia
1420 716 1514 750 sunt

153 781 407 828 procuraret;
456 774 507 815 ab
544 773 817 815 insidentibus
855 774 960 814 forte
995 774 1133 814 locum
1170 773 1331 814 duabus
1368 772 1512 812 turmis

153 836 426 876 Numidarum
451 836 774 876 circumventum
803 835 995 876 scribant.
1058 835 1161 875 adeo
1193 849 1268 875 nec
1298 834 1413 875 locus
1439 848 1515 874 neo

153 898 256 938 ratio
282 898 423 938 mortis
449 898 491 938 in
517 898 603 938 viro
629 905 712 937 tam
744 897 851 937 claro
879 903 917 937 et
947 896 1099 951 insigni
1125 903 1297 936 constat.
1357 896 1513 936 funeris

154 975 316 1013 quoque
345 959 522 1001 Gracchi
547 960 699 999 variast
724 959 846 998 fama.
896 958 964 998 alii
988 958 1030 997 in
1056 959 1199 999 castris
1224 958 1424 999 Romanis
1452 973 1515 998 se-

153 1022 314 1075 pultum
340 1021 391 1062 ab
418 1021 521 1069 suis,
549 1021 617 1061 alii
647 1019 698 1060 ab
717 1018 955 1060 Hannibale
979 1044 1009 1047 —
1037 1026 1076 1059 et
1102 1034 1149 1059 ea
1174 1020 1379 1073 vulgatior
1403 1019 1516 1059 fama

154 1090 216 1123 est
240 1108 272 1111 —
298 1083 479 1123 tradunt:
523 1082 567 1122 in
596 1080 801 1121 vestibulo
826 1080 1078 1120 Punicorum
1111 1088 1338 1120 castrorum
1367 1095 1514 1134 rogum

154 1151 408 1184 exstructum
445 1158 556 1192 esse,
606 1149 807 1183 armatum
844 1142 1069 1183 exercitum
1105 1142 1389 1183 decucurrisse
1421 1156 1515 1182 cum

153 1206 339 1260 tripudiis
365 1205 649 1260 Hispanorum
684 1204 946 1257 motibusque
983 1219 1190 1245 armorum
1223 1211 1261 1245 et
1299 1218 1516 1258 corporum

154 1282 252 1308 suae
283 1268 429 1321 cuique
461 1267 574 1322 genti
605 1267 806 1315 adsuetis,
843 1267 934 1320 ipso
966 1266 1202 1307 Hannibale
1233 1266 1344 1307 omni
1379 1280 1515 1306 rerum

152 1329 453 1382 verborumque
484 1329 638 1370 honore
670 1328 865 1382 exequias
897 1328 1141 1370 celebrante.
1214 1328 1316 1369 haec
1353 1327 1517 1368 tradunt

153 1391 224 1444 qui
248 1391 290 1431 in
314 1391 499 1431 Lucanis
525 1391 583 1431 rei
608 1397 750 1445 gestae
776 1397 963 1431 auctores
997 1397 1103 1431 sunt.
1168 1390 1203 1431 si
1232 1390 1331 1439 illis,
1369 1389 1440 1443 qui
1465 1388 1518 1429 ad

156 1453 349 1494 Calorem
385 1453 555 1492 fluvium
597 1452 857 1493 interfectum
899 1459 1145 1501 memorant,
1196 1453 1360 1493 credere
1397 1451 1513 1498 velis,

156 1515 299 1569 capitis
330 1520 488 1554 tantum
516 1513 695 1555 Gracchi
725 1514 866 1555 hostes
897 1514 1015 1568 potiti
1046 1521 1165 1555 sunt:
1215 1529 1263 1555 eo
1298 1513 1432 1554 delato
1464 1513 1516 1553 ad

156 1576 453 1625 Hannibalem,
492 1576 644 1616 missus
681 1576 733 1617 ab
771 1589 818 1616 eo
855 1576 1073 1617 confestim
1111 1576 1326 1625 Carthalo,
1368 1575 1439 1628 qui
1475 1574 1517 1614 in

156 1646 290 1679 castra
325 1638 514 1678 Romana
556 1638 607 1678 ad
640 1637 717 1678 Cn.
752 1636 992 1678 Cornelium
1027 1644 1289 1690 quaestorem
1325 1636 1514 1677 deferret.

154 1701 189 1741 is
215 1700 340 1740 funus
365 1699 621 1754 imperatoris
647 1700 689 1739 in
714 1699 857 1740 castris
884 1698 1186 1740 celebrantibus
1218 1714 1312 1740 cum
1337 1697 1518 1739 exercitu

155 1761 460 1802 Beneventanis
487 1761 597 1802 fecit.

238 1822 410 1864 XVIII.
485 1822 690 1864 Consules
727 1838 874 1878 agrum
911 1822 1173 1877 Campanum
1210 1822 1387 1877 ingressi
1423 1835 1518 1862 cum

154 1884 309 1939 passim
334 1884 645 1939 popularentur,
683 1885 894 1939 eruptione
926 1885 1225 1939 oppidanorum
1258 1891 1297 1925 et
1320 1882 1517 1938 Magonis

156 1961 250 1986 cum
286 1946 470 1999 equitatu
506 1947 634 1987 territi
670 1953 709 1987 et
744 1947 892 2001 trepidi
928 1947 981 1987 ad
1017 1947 1136 2001 signa
1171 1946 1321 1986 milites
1358 1945 1518 2000 palatos

157 2008 312 2061 passim
348 2016 591 2049 revocarunt
628 2016 667 2049 et
703 2009 874 2049 vixdum
910 2009 1109 2050 instructa
1151 2009 1237 2049 acie
1273 2008 1356 2048 fusi
1394 2022 1519 2061 supra

157 2069 265 2109 mille
292 2076 331 2109 et
355 2070 601 2125 quingentos
627 2071 775 2112 milites
802 2071 1038 2112 amiserunt.
1075 2071 1169 2111 inde
1195 2071 1341 2125 ingens
1367 2069 1520 2110 ferocia

159 2130 359 2184 superbae
397 2140 542 2186 suopte
578 2133 743 2187 ingenio
773 2133 887 2188 genti
918 2133 1062 2182 crevit,
1099 2132 1321 2185 multisque
1352 2131 1517 2186 proeliis

158 2192 415 2233 lacessebant
445 2194 655 2236 Romanos
666 2212 675 2244 ;
715 2196 788 2236 sed
818 2196 1055 2236 intentiores
1087 2194 1139 2235 ad
1170 2194 1399 2234 cavendum
1425 2208 1520 2233 con-

160 2254 268 2294 sules
306 2269 387 2295 una
422 2270 563 2310 pugna
599 2257 753 2297 fecerat
788 2258 951 2298 incaute
988 2264 1109 2310 atque
1146 2255 1376 2296 inconsulte
1406 2255 1517 2295 inita.

158 2316 334 2356 restituit
359 2323 495 2357 tamen
520 2317 582 2358 his
610 2319 767 2359 animos
800 2326 840 2359 et
870 2319 949 2359 illis
981 2319 1128 2359 minuit
1153 2317 1368 2359 audaciam
1392 2332 1520 2371 parva

158 2393 240 2418 una
264 2394 348 2419 res:
382 2379 455 2419 sed
478 2380 520 2419 in
545 2379 652 2420 bello
677 2380 777 2420 nihil
796 2388 881 2421 tam
898 2381 989 2421 leve
1009 2388 1088 2429 cst,
1115 2380 1227 2433 quod
1245 2394 1326 2420 non
1344 2394 1519 2433 magnae

158 2441 363 2481 interdum
388 2441 446 2481 rei
472 2450 726 2482 momentum
750 2442 887 2482 faciat.
936 2443 986 2482 T.
1003 2442 1198 2494 Quinctio
1219 2441 1412 2496 Crispino
1437 2441 1519 2482 Ba-

159 2502 251 2542 dius
279 2502 518 2557 Campanus
545 2503 696 2558 hospes
728 2510 813 2545 erat
838 2503 1104 2557 perfamiliari
1134 2503 1312 2557 hospitio
1342 2503 1518 2544 iunctus.

158 2572 341 2605 creverat
368 2567 640 2615 consuetudo,
678 2566 789 2619 quod
820 2580 943 2620 aeger
966 2565 1124 2606 Romae
1156 2572 1254 2619 aput
1281 2564 1520 2619 Crispinum

158 2627 316 2667 Badius
354 2636 446 2668 ante
483 2628 755 2669 defectionem
784 2627 1041 2682 Campanam
1076 2627 1296 2668 liberaliter
1333 2628 1520 2668 comiter-

157 2703 236 2743 que
268 2696 431 2730 curatus
464 2690 607 2731 fuerat.
668 2690 704 2731 is
736 2696 822 2730 tum
855 2690 1011 2731 Badius
1043 2704 1286 2745 progressus
1320 2696 1413 2731 ante
1439 2696 1520 2731 sta-

1543 1527 1558 1555 κ]

1547 2706 1564 2733 ἵ)
