1815 3184
287 247 370 288 256
604 252 756 286 LIBER
780 244 909 294 xxv,
935 251 990 284 36.
1011 251 1064 284 37.
1094 251 1331 294 [a.u.e.542]

281 358 322 397 in
348 362 480 396 castra
504 354 552 395 P.
583 353 807 408 Scipionis,
845 354 994 407 quibus
1021 353 1084 393 Ti.
1112 353 1310 394 Fonteius
1335 353 1495 408 legatus
1520 371 1632 411 prae-

217 433 255 461 13
282 425 384 466 erat,
422 417 703 471 pei-fugerunt.
766 416 844 457 Cn.
874 415 1111 470 Scipionem
1143 415 1210 455 alii
1240 416 1281 455 in
1318 417 1475 457 tumulo
1505 419 1636 472 primo

280 480 434 533 impetu
460 479 639 519 hostium
672 493 838 518 caesum
870 478 1052 526 tradunt,
1091 477 1158 518 alii
1189 491 1281 517 cum
1312 479 1454 532 paucis
1479 479 1521 519 in
1545 494 1637 533 pro-

280 541 475 595 pinquam
517 540 661 580 castris
704 540 846 580 turrim
886 539 1144 593 perfugisse;
1193 539 1298 580 hanc
1339 540 1425 594 igni
1467 541 1638 581 circum·
1687 590 1689 593 Α

279 604 418 643 datam
455 609 576 655 atque
611 602 667 642 110
704 602 860 642 exustis
898 601 1073 650 foribus,
1112 616 1214 654 quas
1250 602 1363 642 1111110
1398 603 1531 643 moliri
1565 618 1638 658 po-

279 671 439 705 tuerant
470 664 528 713 vi,
567 671 729 718 captam
761 663 977 717 onmisque
1007 664 1117 704 intus
1149 678 1243 704 cum
1273 664 1363 718 ipso
1393 664 1637 719 imperatore

280 741 452 768 0001303.

214 807 253 835 14
363 788 488 829 Anno
531 797 676 829 octavo
719 794 937 842 postquam
980 788 1022 828 in
1064 788 1311 842 Hispaniam
1355 795 1521 829 venerat
1558 788 1634 831 Cn.

281 850 438 905 Scipio,
485 850 829 891 undetricensimo
856 850 920 890 die
945 856 1040 904 post
1070 850 1206 890 fratris
1233 857 1403 891 mortem
1431 857 1492 891 cst
1516 851 1638 891 inter-

278 913 423 954 fectus.
483 912 617 952 luctus
650 927 701 952 cx
733 918 861 952 morte
893 926 1033 952 eorum
1066 927 1147 952 non
1172 911 1329 952 Romae
1356 912 1484 953 maior
1514 927 1637 965 quam

214 992 253 1021 15
278 991 350 1030 per
386 982 511 1016 totam
538 975 785 1029 Hispaniam
822 974 910 1014 fuit.
972 975 1069 1027 quin
1106 982 1205 1029 aput
1241 974 1341 1014 01113
1378 981 1535 1029 partem
1566 975 1638 1015 do-

277 1038 373 1079 loris
405 1045 444 1078 et
475 1038 676 1078 exereitus
709 1037 849 1077 amissi
881 1044 920 1077 et
952 1037 1127 1077 alienata
1162 1037 1372 1091 provincia
1404 1045 1443 1078 et
1473 1036 1638 1091 publica

214 1117 252 1146 16
279 1100 461 1140 trahebat
495 1099 655 1140 clades:
700 1099 929 1153 Hispaniae
962 1099 1073 1153 ipsos
1104 1098 1302 1153 lugebant
1332 1098 1637 1140 desiderabant-

278 1176 357 1214 que
394 1162 537 1209 duees,
577 1159 767 1201 Gnaeum
804 1160 955 1215 magis,
994 1160 1105 1213 quod
1141 1160 1293 1200 diutius
1324 1160 1556 1214 praefuerat
1586 1160 1635 1200 iis

278 1225 469 1278 priorque
506 1230 545 1263 et
587 1222 771 1263 favorem
815 1229 1087 1276 occupaverat
1129 1229 1168 1261 01
1211 1222 1419 1276 specimen
1459 1222 1637 1263 iustitiae

278 1285 653 1339 temperantiaeque
679 1284 890 1324 Romanae
916 1284 1072 1337 primus
1099 1284 1292 1324 ediderat.

237 1365 250 1392 1
363 1346 610 1387 XXXVII.
673 1345 781 1387 Cum
812 1346 934 1386 deleti
961 1346 1162 1386 exercitus
1193 1346 1451 1398 amissaeque
1482 1345 1638 1399 Hispa-

234 1426 251 1454 -2
278 1410 369 1451 11100
406 1409 657 1456 viderentur,
695 1408 757 1447 vir
788 1423 893 1448 unus
925 1422 988 1447 res
1021 1408 1200 1460 perditas
1232 1408 1418 1447 restituit.
1481 1416 1565 1448 erat
1595 1408 1636 1447 in

279 1471 458 1512 exercitu
484 1470 536 1509 L.
562 1469 747 1509 Marcius
776 1468 951 1522 Septimi
976 1468 1103 1517 filius,
1142 1483 1267 1521 eques
1293 1468 1524 1517 Romanus,
1562 1469 1638 1508 im-

277 1534 394 1589 piger
418 1533 577 1572 iuvenis
604 1531 810 1583 animique
836 1537 875 1571 et
900 1530 1038 1584 ingeni
1071 1530 1278 1583 aliquanto
1304 1545 1428 1583 quam
1458 1545 1531 1584 pro
1557 1530 1638 1571 for-

233 1611 251 1640 3
278 1604 377 1635 tuna
412 1594 454 1634 in
490 1608 571 1646 qua
607 1599 692 1633 erat
728 1599 848 1633 natus
885 1592 1063 1632 maioris.
1130 1592 1183 1632 ad
1219 1607 1422 1632 summam
1458 1592 1637 1632 indolem

277 1662 505 1697 accesserat
550 1653 627 1695 Cn.
674 1652 879 1707 Scipionis
928 1653 1167 1707 disciplina,
1218 1653 1294 1695 sub
1343 1668 1424 1707 qua
1465 1668 1537 1708 per
1579 1660 1637 1693 tot

233 1733 252 1760 4
277 1732 405 1758 annos
444 1717 575 1757 omnis
613 1716 781 1756 militiae
818 1716 914 1756 artis
953 1716 1121 1756 edoctus
1158 1716 1303 1756 fuerat.
1376 1723 1415 1756 et
1451 1731 1502 1756 ex
1537 1715 1638 1770 suga

277 1780 455 1821 collectis
493 1778 690 1819 militibus
728 1785 766 1819 et
809 1778 1057 1831 quibusdam
1100 1779 1150 1819 (10
1192 1778 1406 1832 praesidiis
1451 1778 1637 1818 deductis

281 1841 353 1897 [is]
387 1842 497 1882 haud
535 1841 882 1882 contemnendum
918 1841 1140 1881 exercitum
1177 1841 1329 1881 fecerat
1368 1840 1637 1893 iunxeratque

232 1920 250 1947 5
277 1919 369 1945 cum
402 1904 465 1944 Ti.
492 1904 666 1944 Fonteio
698 1903 747 1943 P.
783 1902 989 1957 Scipionis
1026 1903 1176 1958 legato.
1239 1909 1300 1943 set
1331 1909 1489 1943 tantum
1521 1917 1638 1956 prae-

277 1967 376 2007 stitit
413 1980 536 2018 eques
569 1965 782 2006 Romanus
821 1965 1060 2005 auctoritate
1091 1965 1195 2005 inter
1226 1964 1374 2004 milites
1411 1971 1533 2017 atque
1564 1963 1637 2003 ho-

276 2043 390 2075 nore,
428 2035 473 2067 ut
504 2028 648 2068 castris
681 2027 781 2068 citra
806 2027 1012 2067 Hiberum
1045 2026 1325 2075 communitis,
1365 2041 1457 2066 cum
1489 2026 1635 2066 (lucem

232 2108 248 2133 o
277 2091 478 2131 exercitus
506 2090 680 2131 comitiis
707 2089 951 2131 militaribus
984 2090 1110 2130 creari
1141 2089 1383 2144 placuisset,
1423 2088 1636 2129 subeuntis

276 2153 343 2193 alii
369 2153 458 2193 aliis
484 2152 527 2192 111
552 2152 781 2193 custodiam
806 2152 903 2192 valli
929 2152 1208 2205 stationesque
1240 2152 1369 2192 donee
1399 2165 1472 2205 per
1503 2150 1635 2190 omnis

277 2214 520 2269 suffragium
551 2214 644 2264 iret,
686 2215 739 2255 ad
762 2215 815 2254 L.
843 2214 1048 2254 Marcium
1082 2213 1217 2254 cuncti
1250 2228 1453 2253 summam
1478 2212 1637 2266 imperii

233 2291 250 2319 7
277 2277 506 2316 detulerint.
568 2291 688 2317 omne
719 2277 814 2316 inde
846 2283 1007 2330 tempus
1032 2300 1066 2304 —
1091 2276 1287 2330 exiguum
1317 2275 1359 2315 id
1391 2275 1468 2314 fuit
1491 2299 1525 2302 —
1549 2288 1638 2314 mu-

275 2339 434 2379 niendis
466 2339 609 2379 castris
643 2338 1003 2391 convehendisque
1035 2337 1330 2379 commeatibus
1369 2336 1635 2390 consumpsit,

277 2407 316 2440 et
341 2401 477 2441 onmia
502 2400 672 2455 imperia
698 2400 848 2441 milites
876 2415 969 2441 011111
1000 2400 1178 2454 inpigre,
1218 2407 1304 2440 tum
1329 2399 1637 2452 hautquaquam

233 2476 252 2505 S
277 2462 435 2504 abiecto
472 2463 607 2504 01111110
650 2463 971 2516 exequebantur.
1042 2470 1223 2504 ceterum
1265 2469 1484 2516 postquam
1526 2461 1637 2501 Has-

278 2524 488 2565 drubalem
516 2524 714 2580 Gisgonis
747 2526 978 2566 venientem
1008 2525 1060 2566 ad
1090 2525 1282 2578 reliquias
1315 2524 1410 2565 belli
1442 2523 1635 2564 delendas

278 2587 473 2627 transisse
498 2588 704 2628 Hiberum
732 2595 770 2629 et
797 2588 1125 2642 adpropinquare
1151 2587 1333 2628 adlatum
1365 2594 1427 2627 est
1453 2586 1636 2639 signum-

279 2660 357 2698 que
393 2663 555 2703 pugnae
592 2650 849 2704 propositum
881 2649 932 2691 ab
968 2665 1076 2690 novo
1112 2649 1215 2690 (luce
1253 2649 1400 2689 milites
1433 2647 1632 2692 viderunt,
