1815 3184
306 253 389 294 468
577 257 732 292 LIBER
755 256 960 299 XXVIIII,
987 256 1042 289 24.
1062 255 1116 289 25.
1144 258 1192 299 [a.
1206 267 1240 289 u.
1257 267 1286 289 c.
1300 256 1382 300 550]

305 361 498 417 praemia.
547 359 766 415 praecipue
793 358 862 411 qui
888 359 1138 412 superabant
1164 373 1215 399 ex
1240 357 1451 399 Cannensi
1476 361 1656 402 exercitu

304 423 454 463 milites
480 422 568 469 illo,
606 435 689 461 non
721 420 799 460 alio
826 420 929 460 duce
960 420 1182 460 credebant
1205 426 1356 460 navata
1385 420 1443 460 rei
1468 421 1656 475 publicae

241 500 279 528 12
306 499 431 539 opera
459 483 575 523 finire
608 496 652 522 se
682 481 869 521 militiam
898 481 1217 535 ignominiosam
1247 496 1383 536 posse.
1445 490 1486 522 et
1516 481 1657 536 Scipio

306 545 472 585 minime
497 544 540 584 id
564 558 695 598 genus
722 543 897 583 militum
923 543 1239 596 aspernabatur,
1275 549 1321 583 ut
1353 543 1421 595 qui
1445 557 1578 596 neque
1605 544 1656 584 ad

307 606 476 647 Cannas
518 605 685 659 ignavia
727 619 868 644 eorum
909 604 1069 644 cladem
1111 612 1324 659 acceptam
1367 605 1489 645 sciret
1523 619 1656 658 neque

305 669 410 709 ullos
437 682 566 720 aeque
592 674 752 707 veteres
778 666 928 706 milites
954 666 995 706 in
1021 666 1201 706 exercitu
1226 667 1416 707 Romano
1443 681 1553 716 esse,
1586 681 1657 707 ex-

304 738 526 785 pertosque
563 743 647 769 non
683 727 806 768 variis
843 727 1009 782 proeliis
1047 728 1189 777 modo,
1229 735 1291 768 set
1326 728 1496 768 urbibus
1534 728 1656 769 etiam

240 805 279 834 13
306 790 609 846 oppugnandis,
665 789 807 842 quinta
833 798 872 828 et
899 798 1015 829 sexta
1042 787 1285 829 Cannenses
1312 797 1428 829 erant
1451 789 1656 844 legiones3

305 868 374 893 eas
413 868 457 892 se
494 851 761 892 traiecturum
796 851 835 890 in
873 850 1062 890 Africam
1100 865 1191 890 cum
1229 850 1420 899 dixisset,
1471 851 1656 905 singulos

303 914 453 955 milites
479 913 678 967 inspexit,
704 912 939 964 relictisque
966 926 1068 964 quos
1093 927 1176 952 non
1201 912 1372 952 idoneos
1399 913 1593 953 credebat
1616 913 1658 952 in

303 976 442 1017 locum
478 990 618 1016 eorum
653 973 825 1014 subiecit
863 987 966 1026 quos
1006 987 1147 1014 secum
1183 988 1232 1013 ex
1257 973 1380 1013 Italia
1416 974 1656 1022 adduxerat,

239 1053 279 1082 14
306 1037 593 1092 supplevitque
623 1036 681 1076 ita
712 1051 782 1076 eas
813 1035 1018 1089 legiones,
1056 1044 1101 1075 ut
1133 1035 1320 1089 singulae
1353 1050 1452 1076 sena
1481 1036 1594 1076 milia
1618 1043 1657 1076 et

306 1100 488 1140 ducenos
525 1098 703 1152 pedites,
748 1106 935 1138 trecenos
973 1097 1173 1137 haberent
1209 1097 1380 1149 equites.
1454 1097 1658 1138 sociorum

304 1162 403 1202 item
428 1161 571 1201 Latini
596 1159 773 1201 nominis
799 1159 959 1212 pedites
992 1159 1231 1212 equitesque
1264 1159 1313 1199 de
1340 1158 1521 1199 exercitu
1547 1157 1658 1199 Can-

305 1222 424 1263 nensi
450 1222 564 1275 legit.

263 1300 278 1328 1
392 1283 541 1325 XXV.
615 1282 829 1334 Quantum
854 1282 1027 1322 militum
1054 1281 1096 1321 in
1119 1282 1309 1322 Africam
1334 1289 1657 1336 transportatum

260 1360 279 1389 2
307 1345 376 1394 sit,
414 1361 496 1385 non
531 1360 660 1400 parvo
696 1359 866 1385 numero
903 1344 1009 1384 inter
1046 1353 1233 1385 auctores
1271 1345 1489 1398 discrepat.
1562 1344 1658 1384 alibi

304 1408 447 1448 decem
472 1407 583 1446 milia
608 1406 812 1461 peditum,
840 1406 920 1446 duo
947 1405 1059 1446 milia
1079 1414 1119 1445 et
1138 1406 1335 1446 ducentos
1357 1406 1535 1458 equites,
1563 1406 1659 1446 alibi

306 1469 486 1509 sedecim
518 1468 629 1508 milia
659 1468 863 1521 peditum,
900 1467 1011 1507 mille
1043 1474 1082 1506 et
1109 1476 1320 1507 sescentos
1346 1467 1524 1519 equites,
1562 1467 1658 1507 alibi

304 1538 420 1585 parte
445 1530 538 1584 plus
566 1529 734 1569 dimidia
759 1544 846 1569 rem
872 1537 1052 1577 auctam,
1086 1528 1264 1580 quinque
1291 1536 1331 1568 et
1356 1528 1523 1583 triginta
1546 1529 1659 1569 milia

304 1592 490 1646 peditum
516 1591 780 1644 equitumque
812 1591 856 1629 111
885 1604 1012 1630 naves
1045 1590 1225 1644 inposita
1254 1590 1432 1631 invenio.
1494 1590 1659 1643 quidam

305 1669 387 1694 11011
419 1654 605 1694 adiecere
637 1667 872 1701 numerum,
908 1652 1014 1692 inter
1045 1667 1147 1705 quos
1178 1667 1244 1692 me
1276 1652 1364 1707 ipse
1395 1652 1438 1692 in
1467 1667 1510 1692 re
1536 1652 1661 1693 dubia

261 1729 279 1757 3
304 1715 403 1771 poni
426 1715 580 1755 malim.
633 1713 801 1755 Coelius
827 1723 874 1755 ut
898 1714 1077 1754 abstinet
1102 1729 1292 1763 numero,
1330 1714 1387 1754 ita
1412 1714 1464 1754 ad
1488 1714 1660 1755 immen—

260 1791 280 1819 4
307 1793 397 1818 511111
422 1776 695 1817 multitudinis
724 1776 905 1831 speciem
931 1783 1073 1830 auget:
1111 1776 1299 1816 volucres
1331 1776 1383 1815 ad
1414 1783 1565 1816 terram
1590 1776 1660 1816 de-

305 1840 443 1893 lapsas
469 1839 647 1879 clamore
672 1839 867 1887 militum,
906 1847 1028 1891 atque
1054 1845 1211 1878 tantam
1235 1837 1539 1878 multitudinem
1564 1851 1661 1879 con-

306 1902 518 1942 scendisse
544 1916 692 1950 naves,
731 1911 776 1941 ut
800 1915 921 1942 nemo
948 1900 1182 1941 mortalium
1214 1908 1281 1940 aut
1312 1899 1354 1940 in
1378 1899 1500 1940 Italia
1525 1906 1595 1940 aut
1618 1899 1660 1939 in

308 1963 449 2004 Sicilia
473 1963 650 2016 relinqui
677 1962 896 2003 videretur.

262 2038 280 2067 5
389 2025 548 2066 Milites
586 2032 632 2065 ut
661 2040 790 2065 naves
823 2024 964 2065 ordine
997 2038 1044 2064 ac
1077 2023 1164 2065 sine
1196 2023 1371 2065 tumultu
1409 2023 1660 2064 conscende-

304 2096 413 2136 rent,
440 2087 530 2141 ipse
557 2102 648 2127 eam
675 2087 753 2127 sibi
779 2101 919 2126 euram
946 2086 1134 2141 sumpsit.
1183 2086 1369 2127 nauticos
1397 2084 1446 2126 C:
1472 2085 1658 2134 Laelius,

306 2149 375 2201 qui
401 2149 545 2189 classis
571 2148 806 2203 praefectus
833 2156 938 2197 erat,
970 2148 1013 2187 in
1036 2148 1232 2196 navibus,
1265 2154 1357 2188 ante
1384 2147 1660 2187 conscendere

263 2223 280 2253 6
307 2218 491 2259 coactos,
524 2210 736 2251 continuit.
798 2217 1052 2251 commeatus
1078 2209 1316 2263 imponendi
1340 2208 1402 2248 M.
1428 2208 1660 2262 Pomponio

306 2272 485 2326 praetori
511 2286 608 2312 cura
634 2272 747 2312 data:
786 2271 965 2324 quinque
998 2280 1037 2311 et
1063 2270 1337 2325 quadraginta
1368 2269 1526 2310 dierum
1551 2269 1662 2309 ciba-

264 2348 280 2375 7
307 2334 390 2381 ria,
439 2348 460 2374 e
497 2334 646 2386 quibus
685 2332 920 2386 quindecim
958 2332 1116 2373 dierum
1153 2341 1293 2380 cocta,
1342 2331 1547 2386 imposita.
1618 2340 1662 2370 ut

308 2410 450 2435 omnes
476 2395 559 2435 iam
583 2395 625 2435 in
649 2395 825 2436 navibus
853 2402 987 2443 erant,
1022 2394 1198 2448 scaphas
1225 2393 1508 2441 circummisit,
1540 2400 1585 2432 ut
1611 2407 1662 2432 ex

307 2457 482 2497 navibus
509 2457 888 2511 gubernatoresque
915 2464 955 2497 et
978 2455 1167 2510 magistri
1190 2455 1359 2495 navium
1384 2463 1423 2495 et
1447 2454 1532 2494 bini
1557 2453 1663 2494 mili-

264 2531 283 2559 8
309 2526 369 2558 tes
406 2519 448 2557 in
484 2519 619 2559 forum
656 2519 923 2559 convenirent
955 2519 1006 2558 ad
1035 2517 1208 2572 imperia
1239 2516 1489 2571 accipienda.
1548 2522 1663 2569 post-

310 2593 433 2631 quam
471 2588 770 2629 convenerunt,
807 2580 986 2634 primum
1023 2581 1073 2620 ab
1105 2579 1154 2620 iis
1187 2578 1409 2632 quaesivit,
1448 2577 1482 2617 si
1513 2591 1660 2629 aquam

310 2640 543 2681 hominibus
574 2641 849 2694 iumentisque
880 2642 922 2681 in
953 2641 1125 2682 totidem
1156 2640 1243 2681 dies
1275 2647 1375 2693 quot
1410 2639 1659 2679 frumentum

266 2713 284 2742 9
310 2700 617 2754 imposuissent.
676 2703 748 2742 ubi
771 2703 1091 2756 responderunt,
1125 2717 1273 2755 aquam
1299 2701 1457 2741 dierum
1482 2698 1658 2751 quinque
