1815 3184
281 619 320 649 10

280 804 317 833 11

283 1171 322 1200 13

284 1294 323 1322 14

284 1539 324 1567 15

285 1722 323 1750 16

285 2029 324 2057 17

286 2212 326 2241 18

287 2397 325 2425 19

344 254 427 294 330
635 259 788 292 LIBER.
811 258 977 302 XXVII,
1002 259 1034 292 6.
1063 260 1112 301 [a.
1128 268 1162 290 u.
1178 268 1207 291 c.
1224 258 1301 291 544.
1315 258 1396 302 545]

344 363 462 403 Ι111110
486 359 676 400 Bubulco
713 367 872 400 creatus
910 366 1036 408 esset,
1073 374 1215 400 reeens
1248 359 1300 412 Q.
1332 359 1471 409 Fabii,
1508 361 1579 413 qui
1614 360 1692 401 sibi

344 422 570 464 continuari
607 421 882 470 consulatum,
918 421 997 462 nisi
1027 421 1069 461 id
1099 420 1207 462 bono
1237 421 1401 475 publico
1432 421 1562 469 fieret,
1599 436 1693 475 pro-

343 484 452 524 fecto
476 497 702 535 numquam
728 483 860 523 sisset.
919 483 969 523 iis
1001 483 1251 523 orationibus
1283 497 1376 523 eum
1401 482 1472 523 diu
1496 489 1693 523 certatum

344 551 471 594 esset,
508 551 715 598 postremo
740 544 796 584 ita
820 544 924 584 inter
948 544 1187 584 dictatorem
1211 558 1258 584 ac
1283 544 1466 584 tribunos
1493 544 1692 592 convenit,

345 613 389 646 ut
414 620 460 646 eo
486 606 596 658 quod
621 605 849 645 censuisset
874 611 1039 645 senatus
1071 611 1255 645 staretur.
1314 605 1498 659 patribus
1528 605 1571 645 id
1595 612 1695 645 tem-

343 682 421 721 pus
457 667 514 707 rei
549 666 737 720 publicae
768 666 902 706 visum
933 673 1012 715 est,
1061 673 1103 706 ut
1133 681 1205 720 per
1239 673 1397 707 veteres
1430 673 1469 707 et
1505 673 1693 720 expertos

345 728 522 781 bellique
547 728 698 782 peritos
724 727 988 781 imperatores
1013 742 1078 768 res
1103 727 1267 781 publica
1297 735 1522 782 gereretur:
1559 729 1694 780 itaque

345 805 502 830 moram
527 789 613 829 fieri
639 789 811 829 comitiis
837 804 919 829 11011
942 788 1115 842 placere.
1176 789 1492 830 concedentibus
1523 789 1695 829 tribunis

347 851 509 892 comitia
545 849 702 890 habita:
746 849 939 890 declarati
975 849 1164 889 consules
1203 849 1254 901 Q.
1294 849 1446 890 Fabius
1483 849 1694 890 Maximus

347 913 546 965 quintum,
568 911 619 963 Q.
634 911 806 951 Fulvius
821 911 995 951 Flaccus
1011 918 1213 964 quartum.
1245 919 1451 965 praetores
1464 911 1558 951 inde
1573 911 1696 951 creati

346 974 610 1015 L.Veturius
635 973 773 1022 Philo,
813 972 861 1013 T.
891 973 1109 1025 Quinctius
1142 972 1377 1026 Crispinus,
1417 972 1465 1013 C.
1492 973 1695 1013 Hostilius

347 1035 554 1083 Tubulus,
582 1034 630 1075 C.
646 1034 965 1076 Aurunculeius.
1015 1034 1323 1089 niagistratibuS
1348 1035 1391 1074 in
1416 1049 1567 1075 annum
1587 1048 1697 1075 crea-

347 1097 398 1137 tis
426 1096 477 1148 Q.
504 1096 675 1136 Fulvius
702 1096 901 1136 dictatura
927 1110 970 1136 sc
996 1095 1212 1136 abdicavit.

431 1158 630 1198 Extremo
656 1158 821 1197 aestatis
846 1157 968 1197 huius
994 1156 1136 1197 classis
1150 1156 1309 1196 Punica
1333 1156 1498 1196 navium
1524 1155 1697 1208 quadra-

347 1220 461 1273 ginta
486 1233 577 1259 cum
608 1218 814 1272 praesecto
839 1218 1074 1258 Hamilcare
1104 1218 1146 1256 in
1173 1216 1404 1257 Sardiniam
1430 1217 1595 1257 traiecta
1622 1216 1697 1261 Ol.-

348 1281 532 1322 biensem
568 1280 716 1333 primo,
765 1280 875 1328 dein,
924 1287 1142 1333 postquam
1177 1279 1233 1320 ibi
1268 1279 1317 1320 P.
1354 1279 1536 1320 Manlius
1566 1279 1696 1320 Volso

347 1348 509 1395 praetor
533 1355 625 1381 011111
652 1341 831 1380 exercitu
850 1341 1054 1394 apparuit,
1081 1341 1326 1381 circumacta
1344 1341 1437 1381 inde
1457 1341 1508 1381 ad
1527 1341 1697 1381 alterum

347 1402 504 1443 insulae
529 1402 653 1449 latus,
682 1401 961 1442 Caralitanum
987 1417 1131 1455 agrum
1156 1402 1349 1450 vastavit,
1376 1408 1526 1441 etcum
1546 1402 1698 1456 praeda

349 1464 481 1505 omnis
507 1464 667 1517 generis
693 1463 732 1502 in
758 1462 944 1502 Africam
969 1463 1085 1502 redit.

437 1523 680 1565 Sacerdotes
706 1523 883 1563 Romani
919 1537 966 1563 eo
1002 1537 1108 1563 anno
1138 1523 1286 1563 mortui
1323 1523 1475 1576 aliquot
1519 1523 1699 1564 suffecti-

349 1600 445 1638 que:
491 1584 538 1625 C.
579 1583 776 1625 Servilius
813 1584 999 1638 pontifex
1035 1584 1168 1625 factus
1205 1585 1247 1625 111
1281 1585 1416 1626 10011111
1454 1585 1502 1625 Τ.
1532 1584 1697 1626 Otacilii

351 1646 511 1694 Crassi:
554 1645 618 1685 Ti.
648 1644 916 1698 Sempronius
949 1645 1013 1685 Ti.
1051 1644 1079 1685 f.
1109 1646 1284 1700 Longus
1321 1661 1452 1701 augur
1486 1646 1620 1686 factus
1656 1646 1698 1686 in

350 1708 484 1747 locum
511 1706 558 1746 T.
590 1705 756 1747 Otacilii
789 1706 949 1755 Crassi3
986 1707 1192 1747 decemvir
1220 1708 1317 1747 item
1349 1707 1473 1747 sacris
1499 1707 1697 1747 faciendis

348 1769 390 1809 in
420 1769 554 1809 locum
586 1768 649 1808 Ti.
679 1767 897 1822 Semproni
930 1767 977 1808 C.
1010 1768 1037 1807 f.
1069 1768 1209 1823 Longi
1240 1769 1303 1808 Ti.
1332 1767 1600 1822 Sempronius
1632 1768 1696 1808 Ti.

349 1830 377 1870 f.
404 1831 579 1884 Longus
607 1830 817 1870 suffectus.
877 1829 938 1870 M.
965 1829 1148 1870 Marcius
1179 1844 1251 1870 rex
1282 1844 1489 1871 sacrorum
1515 1836 1698 1870 mortuus

350 1898 411 1932 est
436 1899 474 1931 01
488 1891 547 1931 M.
562 1890 765 1931 Aemilius
786 1891 926 1945 Papus
952 1891 1154 1931 maximus
1180 1891 1309 1941 curio,
1335 1905 1467 1944 neque
1491 1891 1536 1931 in
1559 1906 1698 1932 eorum

349 1952 485 1993 locum
511 1952 742 1993 sacerdotes
770 1967 817 1993 eo
843 1967 948 1992 anno
975 1952 1148 1992 suffecti.

433 2014 491 2054 Et
522 2029 710 2054 censores
742 2014 808 2054 1110
837 2029 967 2055 annus
997 2013 1140 2054 habuit
1164 2014 1216 2054 L.
1243 2012 1459 2054 Veturium
1484 2013 1700 2053 Philonem

352 2083 391 2116 et
415 2076 463 2116 P.
490 2076 700 2116 Licinium
727 2075 945 2125 Crassum,
972 2076 1196 2116 maximum
1221 2075 1470 2129 pontificem.
1521 2073 1699 2115 Crassus

351 2134 539 2178 Licinius
566 2152 641 2178 nec
667 2138 810 2178 consul
840 2152 915 2178 nec
940 2144 1101 2191 praetor
1131 2144 1223 2177 ante
1252 2136 1386 2176 fuerat
1411 2150 1532 2189 quam
1558 2151 1701 2177 censor

352 2206 413 2240 est
438 2199 588 2248 factus3
626 2213 676 2239 ex
702 2199 905 2239 aedilitate
935 2199 1109 2254 gradum
1139 2199 1192 2239 ad
1216 2213 1430 2239 censuram
1461 2197 1569 2238 fecit.
1629 2197 1702 2238 sed

351 2261 393 2300 hi
418 2275 606 2301 censores
632 2275 764 2313 neque
791 2268 977 2301 senatum
1001 2261 1188 2314 legerunt
1217 2275 1349 2313 neque
1379 2260 1597 2312 quicquam
1627 2273 1702 2313 pu-

350 2322 481 2362 blicae
506 2322 563 2362 rei
588 2330 777 2376 egerunt:
814 2337 924 2362 mors
950 2322 1110 2362 diremit
1135 2323 1186 2362 L.
1213 2321 1376 2370 Veturi,
1408 2321 1502 2361 inde
1527 2327 1566 2360 et
1589 2320 1711 2360 Lici--

351 2383 443 2423 nius
470 2398 641 2423 censura
667 2398 710 2424 se
736 2383 952 2424 abdicavit.
1007 2383 1158 2424 aediles
1185 2383 1345 2423 curules
1369 2383 1422 2423 L.
1443 2382 1637 2423 Veturius
1663 2387 1702 2421 et

351 2445 400 2485 P.
427 2445 613 2486 Licinius
639 2445 775 2486 Varus
807 2446 925 2487 ludos
957 2447 1167 2486 Romanos
1204 2446 1311 2486 diem
1341 2461 1468 2485 unum
1503 2445 1703 2485 instaura-

351 2513 456 2546 runt.
517 2507 668 2547 aediles
699 2507 833 2561 plcbei
860 2507 911 2559 Q.
941 2507 1084 2548 Catius
1110 2514 1149 2547 01
1172 2508 1226 2547 L.
1252 2506 1422 2547 Porcius
1448 2506 1620 2546 Licinus
1651 2519 1701 2544 ex

353 2567 575 2608 multaticio
611 2575 779 2622 argento
822 2569 940 2623 signa
984 2583 1111 2609 aenea
1153 2569 1206 2609 ad
1243 2567 1404 2609 Cereris
1442 2568 1613 2614 dedere,
1661 2571 1701 2604 et

352 2628 470 2668 ludos
517 2643 590 2682 pro
638 2630 832 2684 temporis
879 2630 1000 2670 huius
1054 2630 1172 2685 copia
1223 2628 1429 2684 magnifici
1482 2631 1698 2682 apparatus

354 2688 550 2730 fecerunt.
