1815 3184
465 239 620 273 LIBER
644 238 828 283 XXVIII,
854 237 910 272 39.
939 235 1233 281 [1102110205]
1443 224 1528 266 427

175 344 356 386 exercitu
379 343 422 383 in
446 342 695 396 Hispaniam
720 341 831 381 velut
857 341 909 380 ad
934 339 1185 393 colligendas
1209 337 1403 391 reliquias
1428 353 1530 378 nau-

174 406 296 460 fragii
326 404 456 445 nostri
486 403 668 444 misistis.
728 402 777 442 P.
811 408 850 442 et
876 402 954 443 Cn.
983 400 1164 442 Cornelii
1189 414 1239 440 ex
1265 415 1346 453 quo
1371 400 1413 440 in
1436 415 1530 454 pro·
1555 412 1575 441 4

175 466 352 506 vinciam
384 473 601 513 venerunt,
639 464 752 504 nullo
784 470 966 517 tempore
999 463 1240 503 destiterunt
1270 476 1375 515 quae
1411 462 1530 503 nobis

176 527 356 568 secunda
390 541 576 579 quaeque
608 527 781 566 adversa
811 525 999 566 hostibus
1030 525 1181 565 nostris
1213 531 1350 565 essent
1381 524 1530 564 facere.

174 589 256 629 iam
298 589 481 629 omnium
523 588 700 642 primum
743 587 940 641 oppidum
981 586 1099 627 nobis
1135 586 1417 634 restituerunt,
1459 600 1532 639 per
1557 598 1576 627 5

176 665 338 691 omnem
369 650 618 704 Hispaniam
655 649 755 690 civis
791 655 952 689 nostros
989 663 1141 688 venum
1177 648 1313 696 datos,
1351 647 1531 687 dimissis

175 712 246 764 qui
277 712 579 764 conquirerent,
618 725 669 750 ex
700 710 894 750 servitute
925 709 966 749 in
996 709 1224 749 libertatem
1254 709 1531 749 restituerunt.

176 787 269 813 cum
294 773 374 812 iam
401 787 528 826 prope
554 778 681 820 esset,
715 777 757 811 ut
781 770 1003 824 optabilem
1029 785 1080 810 ex
1112 770 1340 810 miserrima
1368 769 1533 810 fortuna
1559 783 1576 812 6

177 833 441 882 haberemus,
473 833 522 874 P.
556 840 595 873 ct
622 832 699 874 Cn.
728 832 895 873 Corneli
924 832 1189 886 imperatores
1221 831 1346 872 vestri
1375 831 1534 872 luctuo-

177 895 261 936 sius
294 895 413 935 nobis
446 909 609 948 quoque
640 909 764 947 quam
795 893 913 934 vobis
945 893 1162 947 perierunt.
1223 900 1310 933 tum
1346 908 1444 934 vero
1481 893 1533 933 ad
1559 906 1576 934 7

176 957 254 997 1100
285 956 448 997 retracti
479 971 529 996 ex
555 955 800 996 distantibus
826 954 926 994 10015
953 954 994 994 in
1021 954 1161 994 sedem
1185 955 1396 1006 antiquam
1420 955 1534 995 vide-

175 1017 332 1066 bamur,
371 1024 415 1058 ut
444 1017 591 1057 iterum
622 1016 848 1070 periremus
881 1022 921 1055 et
951 1015 1123 1055 alterum
1148 1016 1353 1056 excidium
1378 1016 1533 1070 patriae

176 1079 408 1119 videremus
439 1092 515 1118 nee
546 1078 598 1117 ad
628 1077 850 1131 perniciem
880 1083 1063 1116 nostram
1090 1076 1424 1130 Carthaginiensi
1455 1077 1533 1116 uti-
1558 1090 1578 1119 8

175 1154 254 1193 que
291 1146 360 1179 aut
398 1139 501 1178 duce
539 1145 608 1178 aut
645 1138 826 1178 exercitu
862 1152 966 1191 opus
997 1152 1108 1185 esse,
1147 1137 1198 1177 ab
1231 1137 1427 1178 Turdulis
1459 1153 1533 1178 nos

175 1200 402 1241 veterrimis
424 1199 631 1248 hostibus,
659 1199 729 1252 qui
748 1199 893 1253 prioris
914 1213 1077 1251 quoque
1098 1198 1246 1238 excidii
1266 1213 1391 1239 causa
1415 1198 1534 1239 nobis

176 1262 360 1310 fuerunt,
393 1262 578 1316 extingui
608 1275 732 1315 posse
756 1285 808 1310 —,
841 1275 935 1301 cum
961 1275 1012 1301 ex
1036 1261 1244 1314 insperato
1268 1267 1435 1314 repente
1460 1261 1536 1300 1111-
1562 1273 1579 1302 9

177 1324 286 1365 sistis
302 1322 420 1364 nobis
434 1323 543 1363 1111110
552 1323 600 1363 P.
619 1322 868 1376 Scipionem,
890 1337 1012 1375 quem
1026 1321 1341 1363 fortunatissimi
1354 1322 1537 1362 omnium

180 1385 503 1440 Saguntinorum
523 1385 711 1424 videmur
730 1384 825 1437 quia
845 1384 1057 1424 consulem
1076 1383 1328 1424 declaratum
1348 1383 1536 1424 videmus

177 1462 225 1488 ac
255 1447 408 1488 vidisse
439 1462 513 1487 nos
546 1446 704 1487 civibus
736 1447 885 1488 nostris
918 1446 1187 1486 renuntiaturi
1219 1461 1381 1495 sumus,
1421 1460 1536 1500 spem

177 1523 341 1550 omnem
373 1508 629 1560 salutemque
660 1516 854 1548 nostram.
904 1508 975 1560 qui
1006 1522 1099 1548 cum
1130 1507 1326 1561 plurimas
1356 1507 1536 1548 hostium
1564 1521 1604 1550 10

178 1577 405 1611 vestrorum
432 1569 608 1623 cepisset
627 1569 669 1609 in
689 1569 894 1623 Hispania
914 1569 1055 1617 urbes,
1082 1568 1233 1621 ubique
1255 1583 1305 1609 ex
1325 1575 1536 1622 captorum

178 1646 350 1672 numero
377 1638 560 1671 excretos
584 1629 836 1684 Saguntinos
862 1631 904 1670 in
928 1631 1100 1684 patriam
1126 1630 1301 1678 remisit,
1327 1636 1536 1684 postremo
1565 1644 1598 1672 11

179 1693 492 1741 Turdetaniam,
520 1692 622 1733 adeo
647 1692 840 1732 infestam
864 1692 1003 1740 nobis,
1031 1699 1073 1732 ut
1099 1691 1169 1732 illa
1193 1698 1316 1746 gente
1340 1691 1536 1732 incolumi

180 1762 287 1795 stare
304 1753 538 1809 Saguntum
559 1769 641 1794 non
661 1760 820 1807 posset,
847 1753 903 1793 ita
922 1752 1029 1794 bello
1049 1753 1224 1801 adflixit,
1251 1760 1295 1793 ut
1314 1768 1394 1793 non
1414 1753 1537 1793 modo

179 1815 298 1856 nobis
318 1840 350 1844 —
370 1815 478 1856 absit
502 1815 628 1856 verbo
652 1815 806 1855 invidia
819 1839 862 1863 —,
889 1829 939 1855 ne
964 1815 1140 1868 posteris
1166 1815 1331 1868 quidem
1357 1815 1538 1855 timenda

179 1877 328 1918 nostris
361 1884 484 1918 esset.
546 1877 722 1917 deletam
753 1876 896 1916 urbem
929 1876 1132 1917 cernimus
1164 1891 1322 1925 eorum,
1363 1891 1536 1929 quorum
1564 1891 1603 1919 12

180 1939 221 1979 in
240 1939 413 1993 gratiam
436 1937 671 1993 Saguntum
694 1938 900 1978 deleverat
914 1937 1144 1986 Hannibal,
1170 1937 1347 1992 vectigal
1367 1952 1417 1978 ex
1437 1952 1536 1992 agro

182 2015 323 2041 eorum
348 2001 554 2054 capimus,
581 2000 693 2053 quod
712 1999 829 2040 nobis
856 2014 936 2039 non
963 2005 1045 2039 tam
1070 1999 1206 2040 fructu
1230 1999 1449 2040 iucundius
1476 2006 1538 2039 est

181 2077 306 2115 quam
339 2063 504 2103 ultione.
567 2062 618 2103 ob
650 2062 769 2110 haee,
809 2061 958 2114 quibus
988 2061 1144 2102 maiora
1172 2076 1248 2102 nec
1273 2075 1437 2115 sperare
1462 2075 1538 2101 1100
1566 2075 1604 2105 13

183 2131 323 2177 optare
349 2124 399 2165 ab
425 2125 487 2164 dis
513 2123 812 2164 immortalibus
839 2129 1093 2177 poteramus,
1124 2123 1276 2177 gratias
1302 2129 1437 2162 actum
1462 2137 1537 2163 nos

182 2186 323 2226 decem
343 2186 500 2239 legatos
526 2185 782 2240 Saguntinus
809 2192 975 2225 senatus
1001 2185 1260 2239 populusque
1286 2185 1339 2224 ad
1363 2199 1437 2225 vos
1463 2184 1538 2224 mi-

184 2248 252 2296 sit,
280 2248 400 2287 simul
420 2248 688 2302 gratulatum,
715 2247 825 2300 quod
850 2247 906 2287 ita
929 2262 994 2287 res
1020 2247 1097 2288 hos
1123 2262 1251 2287 annos
1270 2247 1310 2286 in
1331 2246 1537 2300 Hispania
1565 2261 1603 2289 14

184 2316 304 2361 atque
335 2309 456 2349 Italia
491 2309 698 2363 gessistis,
736 2309 795 2348 uti
826 2308 1073 2362 Hispaniam
1110 2323 1192 2349 non
1222 2308 1381 2349 Hibero
1418 2322 1538 2348 amne

184 2378 320 2419 tenus,
360 2372 432 2411 sed
463 2386 543 2423 qua
574 2379 771 2411 terrarum
805 2370 967 2410 ultimas
993 2370 1081 2411 finit
1107 2385 1302 2419 oceanus,
1341 2369 1538 2410 domitam

184 2432 307 2472 armis
339 2432 541 2481 habeatis,
580 2433 742 2480 Italiae,
780 2432 859 2471 nisi
890 2438 1091 2484 quatenus
1122 2431 1275 2472 vallum
1312 2438 1538 2472 castrorum

184 2494 326 2548 cingit,
371 2495 470 2534 nihil
511 2494 754 2547 reliqueritis
791 2493 947 2534 Poeno.
1013 2493 1105 2534 Iovi
1148 2493 1302 2547 optimo
1343 2493 1536 2541 maximo,
1565 2507 1605 2536 15

183 2555 360 2608 praesidi
397 2556 654 2610 Capitolinae
691 2555 816 2605 arcis,
860 2570 942 2596 non
979 2561 1116 2610 grates
1153 2562 1310 2595 tantum
1347 2554 1399 2596 ob
1435 2554 1537 2595 haec

183 2631 305 2671 agere
336 2617 438 2658 iussi
465 2633 627 2667 sumus,
662 2618 734 2658 sed
759 2618 912 2657 donum
937 2617 1015 2657 hoc
1041 2617 1180 2666 etiam,
1215 2617 1249 2658 si
1272 2632 1347 2658 vos
1372 2616 1538 2671 permit-
1567 2630 1605 2659 16

183 2679 332 2729 teretis,
360 2694 553 2721 coronam
572 2694 738 2720 auream
757 2679 797 2719 in
813 2678 1064 2733 Capitolium
1085 2679 1281 2720 victoriae
1301 2692 1399 2734 ergo
1418 2677 1536 2718 ferre.
