1815 3184
212 524 251 553 10

213 771 248 798 11

213 1203 251 1232 13

214 1326 251 1354 14

214 1511 252 1539 15

214 1887 252 1915 16

214 2005 250 2032 17

214 2317 252 2346 18

215 2441 252 2469 19

278 216 361 257 232
618 222 772 257 LIBER
796 221 919 265 XXV,
946 221 999 254 15.
1027 224 1075 263 [a.
1091 232 1124 254 u.
1140 232 1170 255 c.
1185 221 1267 264 542]

278 335 413 367 tamen
452 332 602 365 temere
638 324 861 364 ineundum
904 322 1097 364 rebantur
1138 337 1281 377 posse,
1329 338 1410 363 non
1448 324 1634 373 militum,

276 402 381 440 quos
417 400 645 440 perpaucos
681 385 878 434 habebat,
926 385 1076 425 fiducia
1106 399 1230 437 quam
1260 384 1484 424 iuventutis
1521 385 1635 425 Thu-

275 449 407 490 rinae:
450 463 541 488 eam
577 462 628 488 ex
662 448 863 488 industria
906 447 1203 488 centuriaverat
1239 453 1549 499 armaveratque
1584 448 1636 487 ad

277 510 369 550 talis
395 524 529 552 casus.
567 509 710 550 divisis
736 509 864 563 copiis
889 509 994 548 inter
1019 523 1062 549 se
1087 508 1212 548 duces
1228 507 1471 549 Poenicum
1492 522 1635 562 agrum

277 571 509 613 Thurinum
544 571 721 626 ingressi
757 577 912 618 essent,
950 570 1103 611 Hanno
1141 584 1233 610 cum
1264 570 1448 624 peditum
1473 569 1636 624 agmine

275 633 437 673 infestis
470 633 599 687 signis
629 633 688 673 ire
719 632 770 673 ad
801 632 945 672 urbem
976 632 1129 687 pergit,
1167 631 1296 686 Mago
1328 646 1422 672 cum
1453 631 1637 684 equitatu

278 701 409 735 tectus
431 694 603 735 collibus
624 702 716 748 apte
738 694 789 734 ad
809 694 1006 748 tegendas
1027 694 1196 734 insidias
1217 693 1414 747 oppositis
1436 692 1634 734 subsistit.

278 756 445 796 Atinius
465 756 649 810 peditum
669 763 826 796 tantum
852 756 1016 810 agmine
1035 770 1108 809 per
1133 755 1409 809 exploratores
1430 761 1636 808 comperto

276 819 319 858 in
349 818 478 861 aciem
510 817 648 871 copias
681 817 835 866 educit,
873 826 911 858 et
947 817 1103 861 fraudis
1135 817 1351 858 intestinae
1383 824 1422 857 et
1458 816 1637 857 hostium

233 898 239 906 ·
276 880 518 921 insidiarum
566 880 747 934 ignarus.
819 880 1008 934 pedestre
1056 879 1256 934 proelium
1304 879 1382 919 fuit
1421 888 1636 933 persegne,

275 943 417 997 paucis
444 943 485 983 in
510 942 641 996 prima
666 942 752 982 acie
779 941 1058 996 pugnantibus
1084 942 1301 991 Romanis,
1340 941 1535 982 Thurinis
1567 955 1637 980 ex-

276 1003 535 1058 pectantibus
562 1004 694 1058 magis
721 1018 844 1057 quam
865 1003 1153 1045 adiuvantibus
1174 1010 1384 1044 eventum:
1411 1010 1450 1044 et
1466 1001 1638 1043 Cartha-

278 1066 527 1121 giniensium
552 1066 660 1107 acies
686 1066 736 1106 de
756 1066 956 1106 industria
975 1066 1122 1119 pedem
1141 1065 1355 1114 referebat,
1381 1071 1426 1105 ut
1446 1065 1497 1104 ad
1522 1070 1637 1117 terga

278 1128 392 1169 collis
419 1128 470 1168 ab
497 1128 631 1181 equite
658 1143 732 1168 suo
762 1128 911 1169 insessi
942 1128 1103 1168 hostem
1133 1128 1342 1168 incautum
1372 1126 1634 1181 pertraheret.

278 1205 360 1243 quo
391 1189 461 1229 ubi
493 1197 554 1230 est
585 1198 771 1237 ventum,
816 1190 943 1230 coorti
974 1204 1067 1229 cum
1099 1189 1276 1229 clamore
1314 1188 1472 1241 equites
1509 1202 1636 1242 prope

277 1252 528 1292 inconditam
543 1251 820 1292 Thurinorum
847 1251 1007 1292 turbam
1032 1265 1106 1291 nec
1134 1251 1231 1292 satis
1250 1251 1332 1291 fido
1352 1250 1500 1298 animo,
1527 1250 1635 1290 unde

278 1314 508 1368 pugnabat,
548 1321 723 1355 stantem
760 1314 965 1368 extemplo
1001 1314 1043 1354 in
1074 1313 1218 1368 fugam
1249 1320 1492 1354 averterunt.
1553 1313 1638 1353 Ro-

279 1376 401 1425 mani,
428 1389 677 1429 quamquam
699 1376 998 1416 circumventos
1018 1375 1113 1416 hinc
1133 1376 1272 1429 pedeS,
1299 1375 1394 1416 hino
1419 1389 1545 1428 eques
1570 1390 1637 1414 ur-

278 1437 419 1492 gebat,
457 1445 593 1478 tamen
624 1438 875 1490 aliquamdiu
907 1452 1088 1491 pugnam
1120 1444 1291 1477 traxere.
1352 1442 1560 1490 postremo
1598 1443 1638 1476 et

278 1500 358 1554 ipsi
384 1507 498 1554 terga
522 1507 684 1540 vertunt
709 1506 830 1552 atque
857 1500 908 1539 ad
933 1499 1077 1540 urbem
1103 1499 1279 1553 fugiunt.
1327 1499 1385 1539 ibi
1408 1499 1636 1553 proditores

279 1562 514 1616 conglobati
545 1576 639 1602 cum
675 1561 935 1615 popularium
966 1576 1116 1616 agmen
1146 1561 1381 1615 patentibus
1412 1561 1539 1615 portis
1571 1575 1638 1601 ac-

280 1624 503 1678 cepissent,
542 1623 612 1664 ubi
643 1623 852 1664 Romanos
885 1623 1000 1664 fusos
1038 1624 1090 1664 ad
1121 1623 1264 1664 urbem
1301 1623 1397 1664 ferri
1434 1623 1635 1670 viderunt,

279 1686 554 1734 conclamant,
592 1686 743 1726 instare
769 1685 977 1735 Poenum,
1014 1686 1321 1740 permixtosque
1353 1692 1393 1726 et
1416 1685 1546 1726 hostis
1572 1700 1639 1724 ur-

278 1747 371 1788 bem
396 1747 632 1795 invasuros,
664 1748 711 1787 ·ni
736 1762 910 1801 propere
934 1755 1073 1801 portas
1100 1747 1304 1788 claudant.
1364 1747 1421 1787 ita
1446 1746 1635 1787 exclusos

277 1810 488 1850 Romanos
514 1809 738 1863 praebuere
765 1809 873 1850 hosti
898 1810 950 1850 ad
976 1810 1162 1858 caedem,
1188 1809 1357 1850 Atinius
1383 1816 1519 1850 tamen
1544 1823 1637 1849 cum

279 1871 421 1925 paucis
447 1878 651 1925 receptus.
702 1872 847 1912 seditio
867 1872 961 1912 inde
988 1871 1196 1926 paulisper
1216 1871 1357 1920 tenuit,
1384 1886 1477 1912 cum
1496 1871 1537 1910 in
1557 1870 1637 1910 fide

280 1932 365 1987 [alii
400 1931 690 1987 manendum],
729 1933 796 1974 alii
833 1934 1059 1974 cedendum
1097 1933 1285 1974 fortunae
1323 1940 1361 1973 et
1398 1932 1634 1973 tradendam

277 1995 421 2035 urbem
446 1994 668 2035 victoribus
696 1988 921 2036 censerent.
972 2003 1171 2044 ceterum,
1198 2002 1241 2035 ut
1266 1994 1528 2049 plerumque,
1556 1994 1638 2034 for-

278 2064 376 2097 tuna
401 2062 440 2096 et
466 2057 636 2097 consilia
667 2057 775 2097 mala
804 2058 1007 2098 vicerunt:
1044 2057 1188 2097 Atinio
1214 2072 1305 2097 cum
1339 2057 1423 2097 suis
1449 2056 1501 2096 ad
1526 2070 1637 2096 mare

277 2134 324 2159 ac
350 2133 475 2159 naves
502 2119 696 2168 deducto,
724 2120 857 2174 magis
883 2120 979 2173 quia
1002 2120 1082 2174 ipsi
1107 2119 1159 2160 ob
1179 2119 1396 2173 imperium
1415 2119 1457 2158 in
1478 2133 1520 2159 se
1541 2118 1638 2158 mite

278 2195 324 2220 ac
344 2181 497 2221 iustum
523 2181 755 2221 consultum
781 2181 973 2222 volebant
995 2197 1118 2235 quam
1139 2188 1330 2236 respectu
1342 2180 1637 2228 Romanorum,

279 2242 642 2297 Carthaginienses
667 2243 708 2283 in
734 2243 877 2284 urbem
904 2244 1119 2298 accipiunt.

365 2304 570 2345 Consules
597 2321 621 2345 a
645 2305 885 2346 Benevento
915 2306 957 2346 in
984 2305 1246 2360 Campanum
1277 2320 1423 2360 agrum
1454 2304 1638 2359 legi0nes

278 2366 433 2406 ducunt
457 2381 538 2407 non
563 2367 615 2407 ad
639 2367 846 2408 frumenta
870 2368 1011 2417 modo,
1044 2382 1149 2420 quae
1174 2367 1255 2407 iam
1280 2367 1321 2407 in
1346 2366 1484 2407 herbis
1511 2372 1638 2413 erant,

279 2428 593 2482 corrumpenda,
627 2429 700 2469 sed
725 2429 777 2469 ad
803 2428 991 2483 Capuam
1018 2429 1358 2484 oppugnandam,
1390 2427 1568 2468 nobilem
1595 2442 1639 2467 se

281 2490 538 2530 consulatum
581 2497 664 2530 tam
707 2490 925 2544 opulentae
969 2491 1080 2531 urbis
1125 2490 1285 2531 excidio
1326 2490 1402 2535 rati
1444 2490 1637 2536 facturos,

281 2551 400 2591 simul
432 2559 470 2591 et
502 2552 647 2606 ingens
680 2552 880 2607 flagitium
912 2552 1083 2606 imperio
1115 2553 1370 2606 dempturos,
1409 2551 1519 2604 quod
1549 2549 1639 2590 urbi

281 2619 362 2652 tam
398 2613 651 2667 propinquae
689 2614 850 2654 tertium
890 2629 1042 2654 annum
1084 2614 1268 2667 inpunita
1305 2612 1480 2653 defectio
1517 2617 1636 2651 esset.

213 2685 256 2714 ‘20
281 2680 459 2713 ceterum
499 2689 549 2714 ne
586 2674 870 2716 Beneventum
915 2675 1001 2716 sine
1044 2675 1249 2729 praesidio
1292 2680 1401 2714 esset
1438 2679 1476 2712 et
1508 2678 1551 2711 ut
1586 2670 1637 2710 ad
