1815 3184
438 251 591 286 LIBER
615 251 726 296 XXI,
751 251 806 287 55.
824 251 881 285 56.
910 250 1012 294 [me.
1027 251 1109 295 218]
1396 242 1449 282 47

97 363 338 411 pugnatum.
395 355 467 396 sed
499 363 539 395 et
563 355 749 395 Baliares
781 354 900 409 pulso
933 354 1068 407 equite
1100 353 1383 394 iaculabantur
1413 353 1454 394 in

96 417 224 458 latera
260 424 300 458 et
335 417 540 471 elephanti
576 417 656 456 iam
693 417 735 456 in
771 417 946 457 mediam
983 416 1167 470 peditum
1199 416 1328 456 aciem
1363 430 1453 456 sese

96 479 272 520 tulerant
297 485 337 519 et
361 478 490 534 Mago
515 478 821 530 Numidaeque,
860 477 981 518 simul
1012 477 1189 518 latebras
1222 492 1362 517 eorum
1394 478 1455 517 in-

97 542 268 596 provida
303 541 547 595 praeterlata
584 540 692 581 acies
732 547 811 589 est,
850 539 979 580 exorti
1010 538 1060 579 ab
1093 545 1208 593 tergo
1244 540 1454 594 ingentem

98 603 318 643 tumultum
344 617 391 643 ac
416 609 611 642 terrorem
636 601 781 641 secere.
832 607 968 641 tamen
998 600 1040 640 in
1071 606 1130 640 tot
1155 601 1454 640 circumstanti-

98 664 175 705 bus
202 665 319 704 malis
346 664 496 704 mansit
521 663 771 716 aliquamdiu
795 663 950 703 inmota
975 662 1102 711 acies,
1137 662 1312 702 maxime
1338 677 1455 716 prae-

101 735 161 767 ter
187 741 300 780 spem
328 726 508 766 omnium
532 725 734 765 adversus
761 725 1013 778 elephantos.
1070 738 1139 765 eos
1166 724 1308 764 velites
1336 724 1387 764 ad
1413 724 1453 764 id

98 788 234 842 ipsum
259 788 380 827 locati
406 787 557 827 verutis
584 786 777 826 coniectis
804 794 843 826 ct
868 792 1050 826 avertere
1077 793 1116 825 et
1140 786 1313 826 insecuti
1339 800 1455 826 aver-

102 864 170 889 sos
198 849 273 889 sub
300 849 459 898 caudis,
486 863 568 901 qua
587 862 777 888 maxume
797 847 910 887 molli
929 854 1021 887 cute
1042 847 1211 887 vulnera
1236 847 1452 901 accipiunt.

97 910 321 952 fodiebant.

181 972 300 1012 LVI.
350 971 694 1025 Trepidantisque
719 985 847 1024 prope
872 971 955 1010 iam
980 970 1022 1010 in
1047 985 1143 1010 suos
1170 977 1452 1010 consternatos

97 1034 231 1073 media¹
257 1034 342 1073 acie
367 1034 408 1073 in
435 1040 658 1073 extremam
686 1033 738 1072 ad
764 1032 973 1072 sinistrum
995 1046 1120 1072 cornu
1141 1032 1338 1072 adversus
1355 1031 1455 1072 Gal-

96 1095 158 1135 los
183 1095 400 1135 auxiliares
427 1094 494 1149 agi
518 1094 638 1134 iussit
657 1093 881 1134 Hannibal.
932 1093 1137 1147 extemplo
1163 1093 1263 1133 haut
1287 1093 1454 1133 dubiam

98 1156 230 1196 fecere
261 1156 422 1210 fugam,
460 1170 590 1208 eoque
626 1170 758 1196 novus
797 1162 925 1195 terror
960 1155 1122 1195 additus
1154 1154 1374 1202 Romanis,
1411 1162 1454 1194 ut

97 1218 196 1259 fusa·
232 1217 384 1258 auxilia
427 1232 502 1258 sua
544 1217 746 1257 viderunt.
806 1217 944 1270 itaque
988 1231 1080 1256 eum
1118 1217 1200 1256 iam
1237 1216 1277 1256 in
1315 1216 1454 1257 orbem

98 1286 345 1336 pugnarent,
382 1279 525 1320 decem
559 1279 670 1319 milia
701 1279 828 1319 ferme
854 1279 1086 1326 hominum,
1121 1293 1213 1319 cum
1240 1277 1336 1318 alibi
1362 1293 1456 1318 eva-

98 1342 192 1382 dere
218 1341 476 1394 nequissent,
503 1341 638 1381 media
657 1340 857 1381 Afrorum
884 1341 988 1389 acie,
1015 1355 1120 1393 quae
1142 1339 1312 1381 Gallicis
1339 1341 1455 1381 auxi-

98 1403 162 1443 liis
188 1403 346 1443 firmata
370 1409 473 1451 erat,
500 1417 592 1443 cum
618 1403 774 1457 ingenti
800 1403 925 1443 caede
950 1402 1129 1442 hostium
1155 1417 1375 1456 perrupere
1401 1410 1453 1450 et,

1481 370 1497 396 ἕο

1483 616 1519 643 ]‹›

1483 740 1515 767 11

1481 1231 1499 1259 [ὓ

99 1479 193 1505 cum
224 1479 356 1517 neque
387 1464 429 1504 in
460 1472 595 1505 eastra
620 1465 774 1505 reditus
801 1471 910 1505 esset
936 1465 1103 1505 flumine
1129 1464 1359 1505 interclusis
1385 1480 1456 1504 ne-
1482 1481 1498 1507 ε’,

99 1541 178 1578 quc
214 1540 309 1580 prae
346 1525 466 1566 imbri
503 1527 601 1567 satis
634 1526 852 1567 decernere
882 1534 1068 1581 possent,
1106 1541 1187 1580 qua
1220 1527 1304 1567 suis
1336 1542 1454 1580 opem

99 1588 270 1635 ferrent,
295 1587 552 1628 Placentiam
577 1595 689 1628 recto
714 1588 856 1628 itinere
881 1603 1109 1641 perrexere.
1152 1589 1288 1642 plures
1310 1589 1456 1628 deinde

100 1650 139 1689 in
166 1663 307 1689 omnes
333 1656 470 1702 partes
496 1650 729 1703 eruptiones
762 1651 914 1690 factae:
952 1657 991 1690 et
1022 1650 1092 1703 qui
1122 1650 1275 1690 flumen
1301 1651 1453 1704 petiere

100 1718 167 1751 aut
198 1710 429 1765 gurgitibus
461 1710 669 1765 absumpti
701 1718 796 1752 sunt
827 1718 897 1751 aut
928 1712 1033 1752 inter
1064 1712 1365 1752 cunctationem
1396 1712 1457 1751 in-

99 1773 309 1826 grediendi
334 1772 385 1813 ab
410 1772 596 1814 hostibus
625 1774 829 1827 oppressi,
857 1774 926 1827 qui
946 1774 1101 1827 passim
1121 1789 1194 1828 per
1214 1789 1335 1829 agros
1356 1774 1457 1829 fuga

100 1834 230 1887 sparsi
256 1842 386 1883 erant,
419 1835 595 1889 vestigia
620 1836 801 1876 cedentis
829 1843 1046 1889 sequentes
1082 1836 1257 1890 agminis
1283 1836 1457 1877 Placen-

99 1896 196 1935 tiam
216 1897 470 1937 eontendere,
508 1897 597 1937 aliis
619 1898 740 1938 timor
758 1897 938 1937 hostium
958 1898 1172 1938 audaciam
1198 1898 1455 1952 ingrediendi

100 1956 250 1997 flumen
274 1957 389 2007 fecit,
416 1960 746 2013 transgressique
771 1960 813 1999 in
839 1966 973 1999 castra
996 1966 1283 2013 pervenerunt.
1326 1959 1457 1999 imber

100 2017 190 2057 nive
217 2018 367 2059 mixtus
394 2025 433 2059 et
456 2019 711 2060 intoleranda
735 2020 797 2060 vis
823 2020 988 2075 frigoris
1015 2027 1053 2060 et
1085 2020 1272 2061 homines
1305 2020 1456 2060 multos

101 2086 139 2118 et
174 2079 355 2120 iumenta
391 2087 430 2120 et
467 2081 706 2135 elephantos
744 2096 871 2135 prope
905 2082 1037 2121 omnis
1070 2081 1313 2134 absumpsit.
1363 2081 1455 2121 finis

102 2140 343 2192 insequendi
372 2141 502 2183 hostis
533 2142 685 2183 Poenis
716 2143 870 2183 flumen
901 2143 1053 2183 Trebia
1083 2143 1180 2191 fuit,
1219 2150 1258 2183 et
1289 2144 1345 2183 ita
1377 2149 1458 2183 tor-

101 2211 242 2256 pentes
279 2203 374 2257 gelu
410 2205 452 2244 in
483 2211 616 2245 castra
646 2205 820 2254 rediere,
859 2212 903 2245 ut
934 2205 1004 2245 vix
1034 2205 1230 2245 laetitiam
1261 2205 1456 2245 victoriae

102 2264 307 2304 sentirent.
346 2265 482 2318 itaque
502 2273 621 2306 nocte
640 2266 890 2319 insequenti,
918 2281 1011 2306 cum
1032 2266 1280 2320 praesidium
1303 2275 1456 2307 castro-

102 2341 190 2365 rum
216 2334 256 2365 et
281 2326 389 2378 quod
412 2327 581 2367 relicum
608 2343 659 2368 ex
685 2343 836 2382 magna
859 2335 973 2383 parte
1001 2328 1173 2368 militum
1195 2334 1279 2368 erat
1299 2328 1455 2369 ratibus

1484 2096 1498 2124 λ1

1480 2279 1499 2309 8

102 2388 293 2428 Trebiam
328 2389 559 2438 traicerent,
597 2396 664 2429 aut
696 2390 795 2429 nihil
828 2404 991 2431 sensere
1025 2389 1285 2443 obstrepente
1316 2390 1455 2444 pluvia
1481 2402 1498 2431 a

101 2456 186 2497 aut,
224 2450 321 2502 quia
350 2450 431 2490 iam
463 2450 617 2491 moveri
647 2451 871 2504 nequibant
904 2465 1002 2505 prae
1026 2451 1267 2492 lassitudine
1293 2466 1341 2492 ac
1366 2451 1455 2491 vul-

100 2512 284 2560 neribus,
335 2512 482 2553 sentire
526 2528 616 2553 sese
660 2513 989 2561 dissimularunt,
1037 2514 1266 2567 quietisque
1301 2514 1453 2554 Poenis

99 2574 221 2614 tacito
258 2574 420 2628 agmine
457 2574 507 2615 ab
543 2574 735 2629 Scipione
767 2575 935 2616 consule
967 2575 1168 2616 exercitus
1199 2575 1452 2616 Placentiam

98 2641 158 2674 est
184 2636 423 2689 perductus,
449 2637 543 2677 inde
563 2636 679 2677 Pado
701 2637 891 2678 traiectus
914 2636 1181 2686 Cremonam,
1207 2652 1257 2678 ne
1279 2637 1451 2677 (luorum

97 2698 349 2738 exercituum
375 2698 554 2739 hibernis
581 2714 661 2739 una
688 2699 845 2739 colonia
870 2706 1133 2754 premeretur.
