<?xml version="1.0" encoding="UTF-8"?>
<!DOCTYPE html PUBLIC "-//W3C//DTD XHTML 1.0 Transitional//EN"
    "http://www.w3.org/TR/xhtml1/DTD/xhtml1-transitional.dtd">
<html xmlns="http://www.w3.org/1999/xhtml" xml:lang="en" lang="en">
 <head>
  <title>
</title>
<meta http-equiv="Content-Type" content="text/html;charset=utf-8" />
  <meta name='ocr-system' content='tesseract 3.04.00' />
  <meta name='ocr-capabilities' content='ocr_page ocr_carea ocr_par ocr_line ocrx_word'/>
</head>
<body>
  <div class='ocr_page' id='page_1' title='image "./aburbeconditalib02livyuoft_0284.png"; bbox 0 0 1815 3184; ppageno 0'>
   <div class='ocr_carea' id='block_1_1' title="bbox 220 1178 261 1208">
    <p class='ocr_par' dir='ltr' id='par_1_1' title="bbox 220 1178 261 1208">
     <span class='ocr_line' id='line_1_1' title="bbox 220 1178 261 1208; baseline -0.024 0"><span class='ocrx_word' id='word_1_1' title='bbox 220 1178 261 1208; x_wconf 88' lang='grc'>10</span> 
     </span>
    </p>
   </div>
   <div class='ocr_carea' id='block_1_2' title="bbox 221 1363 258 1391">
    <p class='ocr_par' dir='ltr' id='par_1_2' title="bbox 221 1363 258 1391">
     <span class='ocr_line' id='line_1_2' title="bbox 221 1363 258 1391; baseline 0 0"><span class='ocrx_word' id='word_1_2' title='bbox 221 1363 258 1391; x_wconf 92' lang='grc'>11</span> 
     </span>
    </p>
   </div>
   <div class='ocr_carea' id='block_1_3' title="bbox 220 1730 257 1759">
    <p class='ocr_par' dir='ltr' id='par_1_3' title="bbox 220 1730 257 1759">
     <span class='ocr_line' id='line_1_3' title="bbox 220 1730 257 1759; baseline 0.027 -1"><span class='ocrx_word' id='word_1_3' title='bbox 220 1730 257 1759; x_wconf 85' lang='grc'>13</span> 
     </span>
    </p>
   </div>
   <div class='ocr_carea' id='block_1_4' title="bbox 218 2039 257 2067">
    <p class='ocr_par' dir='ltr' id='par_1_4' title="bbox 218 2039 257 2067">
     <span class='ocr_line' id='line_1_4' title="bbox 218 2039 257 2067; baseline 0 0"><span class='ocrx_word' id='word_1_4' title='bbox 218 2039 257 2067; x_wconf 75' lang='lat'>14</span> 
     </span>
    </p>
   </div>
   <div class='ocr_carea' id='block_1_5' title="bbox 217 2163 256 2191">
    <p class='ocr_par' dir='ltr' id='par_1_5' title="bbox 217 2163 256 2191">
     <span class='ocr_line' id='line_1_5' title="bbox 217 2163 256 2191; baseline 0.026 -1"><span class='ocrx_word' id='word_1_5' title='bbox 217 2163 256 2191; x_wconf 77' lang='lat'>15</span> 
     </span>
    </p>
   </div>
   <div class='ocr_carea' id='block_1_6' title="bbox 217 2224 267 2257">
    <p class='ocr_par' dir='ltr' id='par_1_6' title="bbox 217 2224 267 2257">
     <span class='ocr_line' id='line_1_6' title="bbox 217 2224 267 2257; baseline 0.1 -6"><span class='ocrx_word' id='word_1_6' title='bbox 217 2224 267 2257; x_wconf 73' lang='grc'>16,</span> 
     </span>
    </p>
   </div>
   <div class='ocr_carea' id='block_1_7' title="bbox 217 2347 254 2375">
    <p class='ocr_par' dir='ltr' id='par_1_7' title="bbox 217 2347 254 2375">
     <span class='ocr_line' id='line_1_7' title="bbox 217 2347 254 2375; baseline 0 0"><span class='ocrx_word' id='word_1_7' title='bbox 217 2347 254 2375; x_wconf 89' lang='grc'>17</span> 
     </span>
    </p>
   </div>
   <div class='ocr_carea' id='block_1_8' title="bbox 218 2590 256 2620">
    <p class='ocr_par' dir='ltr' id='par_1_8' title="bbox 218 2590 256 2620">
     <span class='ocr_line' id='line_1_8' title="bbox 218 2590 256 2620; baseline 0 0"><span class='ocrx_word' id='word_1_8' title='bbox 218 2590 256 2620; x_wconf 88' lang='grc'>18</span> 
     </span>
    </p>
   </div>
   <div class='ocr_carea' id='block_1_9' title="bbox 290 235 1309 304">
    <p class='ocr_par' dir='ltr' id='par_1_9' title="bbox 290 235 1309 304">
     <span class='ocr_line' id='line_1_9' title="bbox 290 235 1309 304; baseline 0 -10"><span class='ocrx_word' id='word_1_9' title='bbox 290 256 369 295; x_wconf 83' lang='grc'>180</span> <span class='ocrx_word' id='word_1_10' title='bbox 618 260 770 294; x_wconf 79' lang='lat' dir='ltr'>LIBER</span> <span class='ocrx_word' id='word_1_11' title='bbox 794 235 962 304; x_wconf 72' lang='lat' dir='ltr'>xxnn,</span> <span class='ocrx_word' id='word_1_12' title='bbox 989 261 1042 293; x_wconf 88' lang='lat'>16.</span> <span class='ocrx_word' id='word_1_13' title='bbox 1071 262 1117 303; x_wconf 79' lang='lat' dir='ltr'>[a.</span> <span class='ocrx_word' id='word_1_14' title='bbox 1134 261 1309 303; x_wconf 75' lang='lat' dir='ltr'>u.e.540]</span> 
     </span>
    </p>
   </div>
   <div class='ocr_carea' id='block_1_10' title="bbox 280 363 1642 2756">
    <p class='ocr_par' dir='ltr' id='par_1_10' title="bbox 286 363 1640 480">
     <span class='ocr_line' id='line_1_10' title="bbox 286 363 1640 417; baseline 0 -12"><span class='ocrx_word' id='word_1_15' title='bbox 286 365 402 405; x_wconf 88' lang='lat' dir='ltr'>militi</span> <span class='ocrx_word' id='word_1_16' title='bbox 427 377 624 404; x_wconf 86' lang='lat' dir='ltr'>concessa</span> <span class='ocrx_word' id='word_1_17' title='bbox 649 369 728 411; x_wconf 84' lang='lat' dir='ltr'>est3</span> <span class='ocrx_word' id='word_1_18' title='bbox 755 369 794 403; x_wconf 89' lang='lat' dir='ltr'>et</span> <span class='ocrx_word' id='word_1_19' title='bbox 813 377 939 416; x_wconf 89' lang='lat' dir='ltr'>pecus</span> <span class='ocrx_word' id='word_1_20' title='bbox 959 369 1176 417; x_wconf 87' lang='lat' dir='ltr'>exceptum</span> <span class='ocrx_word' id='word_1_21' title='bbox 1195 369 1275 412; x_wconf 87' lang='lat' dir='ltr'>est,</span> <span class='ocrx_word' id='word_1_22' title='bbox 1302 363 1412 416; x_wconf 92' lang='lat' dir='ltr'>quod</span> <span class='ocrx_word' id='word_1_23' title='bbox 1431 363 1536 404; x_wconf 87' lang='lat' dir='ltr'>intra</span> <span class='ocrx_word' id='word_1_24' title='bbox 1554 365 1640 405; x_wconf 89' lang='lat' dir='ltr'>dies</span> 
     </span>
     <span class='ocr_line' id='line_1_11' title="bbox 286 424 957 480; baseline -0.003 -14"><span class='ocrx_word' id='word_1_25' title='bbox 286 426 452 480; x_wconf 83' lang='lat' dir='ltr'>triginta</span> <span class='ocrx_word' id='word_1_26' title='bbox 476 424 631 464; x_wconf 90' lang='lat' dir='ltr'>domini</span> <span class='ocrx_word' id='word_1_27' title='bbox 656 424 957 478; x_wconf 79' lang='lat' dir='ltr'>cognovissent.</span> 
     </span>
    </p>

    <p class='ocr_par' dir='ltr' id='par_1_11' title="bbox 282 485 1642 2017">
     <span class='ocr_line' id='line_1_12' title="bbox 373 485 1642 539; baseline 0.001 -14"><span class='ocrx_word' id='word_1_28' title='bbox 373 485 480 526; x_wconf 87' lang='lat' dir='ltr'>Cum</span> <span class='ocrx_word' id='word_1_29' title='bbox 505 485 657 539; x_wconf 83' lang='lat' dir='ltr'>praeda</span> <span class='ocrx_word' id='word_1_30' title='bbox 682 486 818 526; x_wconf 90' lang='lat' dir='ltr'>onusti</span> <span class='ocrx_word' id='word_1_31' title='bbox 841 485 884 525; x_wconf 92' lang='lat' dir='ltr'>in</span> <span class='ocrx_word' id='word_1_32' title='bbox 909 491 1042 526; x_wconf 87' lang='lat' dir='ltr'>castra</span> <span class='ocrx_word' id='word_1_33' title='bbox 1065 485 1284 534; x_wconf 80' lang='lat' dir='ltr'><strong>redissent,</strong></span> <span class='ocrx_word' id='word_1_34' title='bbox 1317 492 1508 538; x_wconf 88' lang='lat' dir='ltr'>quattuor</span> <span class='ocrx_word' id='word_1_35' title='bbox 1531 486 1642 527; x_wconf 83' lang='lat' dir='ltr'>milia</span> 
     </span>
     <span class='ocr_line' id='line_1_13' title="bbox 286 547 1641 602; baseline 0 -14"><span class='ocrx_word' id='word_1_36' title='bbox 286 549 413 589; x_wconf 91' lang='lat' dir='ltr'>ferme</span> <span class='ocrx_word' id='word_1_37' title='bbox 438 547 631 588; x_wconf 87' lang='lat' dir='ltr'>volonum</span> <span class='ocrx_word' id='word_1_38' title='bbox 656 547 849 596; x_wconf 86' lang='lat' dir='ltr'>militum,</span> <span class='ocrx_word' id='word_1_39' title='bbox 876 562 980 600; x_wconf 85' lang='lat' dir='ltr'>quae</span> <span class='ocrx_word' id='word_1_40' title='bbox 1000 555 1283 602; x_wconf 81' lang='lat' dir='ltr'>pugnaverant</span> <span class='ocrx_word' id='word_1_41' title='bbox 1309 548 1476 602; x_wconf 87' lang='lat' dir='ltr'>segnius</span> <span class='ocrx_word' id='word_1_42' title='bbox 1502 563 1577 589; x_wconf 88' lang='lat' dir='ltr'>nec</span> <span class='ocrx_word' id='word_1_43' title='bbox 1601 549 1641 588; x_wconf 90' lang='lat' dir='ltr'>in</span> 
     </span>
     <span class='ocr_line' id='line_1_14' title="bbox 285 609 1642 663; baseline 0 -13"><span class='ocrx_word' id='word_1_44' title='bbox 285 616 418 650; x_wconf 87' lang='lat' dir='ltr'>castra</span> <span class='ocrx_word' id='word_1_45' title='bbox 442 609 678 662; x_wconf 78' lang='lat' dir='ltr'>inruperant</span> <span class='ocrx_word' id='word_1_46' title='bbox 704 609 842 657; x_wconf 88' lang='lat' dir='ltr'>simul,</span> <span class='ocrx_word' id='word_1_47' title='bbox 880 615 992 649; x_wconf 87' lang='lat' dir='ltr'>metu</span> <span class='ocrx_word' id='word_1_48' title='bbox 1021 623 1177 662; x_wconf 90' lang='lat' dir='ltr'>poenae</span> <span class='ocrx_word' id='word_1_49' title='bbox 1209 609 1354 649; x_wconf 91' lang='lat' dir='ltr'>collem</span> <span class='ocrx_word' id='word_1_50' title='bbox 1378 609 1477 649; x_wconf 88' lang='lat' dir='ltr'>haut</span> <span class='ocrx_word' id='word_1_51' title='bbox 1501 610 1642 663; x_wconf 90' lang='lat' dir='ltr'>procul</span> 
     </span>
     <span class='ocr_line' id='line_1_15' title="bbox 286 670 1642 724; baseline 0 -12"><span class='ocrx_word' id='word_1_52' title='bbox 286 671 429 712; x_wconf 87' lang='lat' dir='ltr'>castris</span> <span class='ocrx_word' id='word_1_53' title='bbox 467 676 674 724; x_wconf 88' lang='lat' dir='ltr'>ceperunt.</span> <span class='ocrx_word' id='word_1_54' title='bbox 736 677 900 724; x_wconf 89' lang='lat' dir='ltr'>postero</span> <span class='ocrx_word' id='word_1_55' title='bbox 931 671 996 711; x_wconf 90' lang='lat' dir='ltr'>die</span> <span class='ocrx_word' id='word_1_56' title='bbox 1026 685 1100 724; x_wconf 90' lang='lat' dir='ltr'>per</span> <span class='ocrx_word' id='word_1_57' title='bbox 1129 670 1313 712; x_wconf 87' lang='lat' dir='ltr'>tribunos</span> <span class='ocrx_word' id='word_1_58' title='bbox 1345 671 1517 711; x_wconf 87' lang='lat' dir='ltr'>militum</span> <span class='ocrx_word' id='word_1_59' title='bbox 1548 672 1642 712; x_wconf 85' lang='lat' dir='ltr'>inde</span> 
     </span>
     <span class='ocr_line' id='line_1_16' title="bbox 285 730 1639 787; baseline 0 -14"><span class='ocrx_word' id='word_1_60' title='bbox 285 733 450 773; x_wconf 90' lang='lat' dir='ltr'>deducti</span> <span class='ocrx_word' id='word_1_61' title='bbox 469 732 657 773; x_wconf 87' lang='lat' dir='ltr'>contione</span> <span class='ocrx_word' id='word_1_62' title='bbox 677 732 852 772; x_wconf 88' lang='lat' dir='ltr'>militum</span> <span class='ocrx_word' id='word_1_63' title='bbox 873 733 1072 773; x_wconf 81' lang='lat' dir='ltr'>advocata</span> <span class='ocrx_word' id='word_1_64' title='bbox 1088 747 1111 772; x_wconf 92' lang='lat' dir='ltr'>a</span> <span class='ocrx_word' id='word_1_65' title='bbox 1126 730 1314 773; x_wconf 78' lang='lat' dir='ltr'>Graccho</span> <span class='ocrx_word' id='word_1_66' title='bbox 1336 733 1639 787; x_wconf 79' lang='lat' dir='ltr'>superveniunt.</span> 
     </span>
     <span class='ocr_line' id='line_1_17' title="bbox 286 794 1642 848; baseline 0 -13"><span class='ocrx_word' id='word_1_67' title='bbox 286 794 357 835; x_wconf 91' lang='lat' dir='ltr'>ubi</span> <span class='ocrx_word' id='word_1_68' title='bbox 382 809 475 835; x_wconf 89' lang='lat' dir='ltr'>cum</span> <span class='ocrx_word' id='word_1_69' title='bbox 505 794 727 848; x_wconf 89' lang='lat' dir='ltr'>proconsul</span> <span class='ocrx_word' id='word_1_70' title='bbox 756 802 915 835; x_wconf 76' lang='lat' dir='ltr'>veteres</span> <span class='ocrx_word' id='word_1_71' title='bbox 947 794 1097 835; x_wconf 77' lang='lat' dir='ltr'>milites</span> <span class='ocrx_word' id='word_1_72' title='bbox 1128 795 1323 848; x_wconf 88' lang='lat' dir='ltr'>primum,</span> <span class='ocrx_word' id='word_1_73' title='bbox 1360 802 1481 848; x_wconf 88' lang='lat' dir='ltr'>prout</span> <span class='ocrx_word' id='word_1_74' title='bbox 1506 795 1642 835; x_wconf 89' lang='lat' dir='ltr'>cuius-</span> 
     </span>
     <span class='ocr_line' id='line_1_18' title="bbox 285 856 1641 909; baseline 0.001 -14"><span class='ocrx_word' id='word_1_75' title='bbox 285 871 365 909; x_wconf 90' lang='lat' dir='ltr'>que</span> <span class='ocrx_word' id='word_1_76' title='bbox 401 856 529 896; x_wconf 79' lang='lat' dir='ltr'>virtus</span> <span class='ocrx_word' id='word_1_77' title='bbox 567 862 691 908; x_wconf 87' lang='lat' dir='ltr'>atque</span> <span class='ocrx_word' id='word_1_78' title='bbox 727 870 851 909; x_wconf 86' lang='lat' dir='ltr'>opera</span> <span class='ocrx_word' id='word_1_79' title='bbox 886 856 928 896; x_wconf 91' lang='lat' dir='ltr'>in</span> <span class='ocrx_word' id='word_1_80' title='bbox 959 870 1007 896; x_wconf 86' lang='lat' dir='ltr'>ea</span> <span class='ocrx_word' id='word_1_81' title='bbox 1039 870 1179 909; x_wconf 84' lang='lat' dir='ltr'>pugna</span> <span class='ocrx_word' id='word_1_82' title='bbox 1209 856 1361 904; x_wconf 86' lang='lat' dir='ltr'>fuerat,</span> <span class='ocrx_word' id='word_1_83' title='bbox 1399 856 1641 897; x_wconf 88' lang='lat' dir='ltr'>militaribus</span> 
     </span>
     <span class='ocr_line' id='line_1_19' title="bbox 285 917 1641 970; baseline 0 -12"><span class='ocrx_word' id='word_1_84' title='bbox 285 918 402 958; x_wconf 89' lang='lat' dir='ltr'>donis</span> <span class='ocrx_word' id='word_1_85' title='bbox 429 918 641 966; x_wconf 80' lang='lat' dir='ltr'>donasset,</span> <span class='ocrx_word' id='word_1_86' title='bbox 679 924 795 966; x_wconf 90' lang='lat' dir='ltr'>tunc,</span> <span class='ocrx_word' id='word_1_87' title='bbox 833 917 943 970; x_wconf 90' lang='lat' dir='ltr'>quod</span> <span class='ocrx_word' id='word_1_88' title='bbox 974 917 1025 957; x_wconf 89' lang='lat' dir='ltr'>ad</span> <span class='ocrx_word' id='word_1_89' title='bbox 1057 918 1226 958; x_wconf 75' lang='lat' dir='ltr'>volones</span> <span class='ocrx_word' id='word_1_90' title='bbox 1258 918 1462 967; x_wconf 78' lang='lat' dir='ltr'>attineret,</span> <span class='ocrx_word' id='word_1_91' title='bbox 1500 932 1641 958; x_wconf 91' lang='lat' dir='ltr'>omnes</span> 
     </span>
     <span class='ocr_line' id='line_1_20' title="bbox 286 979 1642 1033; baseline -0.001 -13"><span class='ocrx_word' id='word_1_92' title='bbox 286 980 340 1020; x_wconf 90' lang='lat' dir='ltr'>ait</span> <span class='ocrx_word' id='word_1_93' title='bbox 365 979 485 1019; x_wconf 88' lang='lat' dir='ltr'>malle</span> <span class='ocrx_word' id='word_1_94' title='bbox 510 979 698 1019; x_wconf 87' lang='lat' dir='ltr'>laudatos</span> <span class='ocrx_word' id='word_1_95' title='bbox 725 994 748 1020; x_wconf 93' lang='lat' dir='ltr'>a</span> <span class='ocrx_word' id='word_1_96' title='bbox 773 993 816 1019; x_wconf 89' lang='lat' dir='ltr'>se</span> <span class='ocrx_word' id='word_1_97' title='bbox 842 979 988 1033; x_wconf 88' lang='lat' dir='ltr'>dignos</span> <span class='ocrx_word' id='word_1_98' title='bbox 1021 979 1312 1033; x_wconf 76' lang='lat' dir='ltr'>indignosque,</span> <span class='ocrx_word' id='word_1_99' title='bbox 1352 993 1475 1031; x_wconf 88' lang='lat' dir='ltr'>quam</span> <span class='ocrx_word' id='word_1_100' title='bbox 1501 994 1642 1032; x_wconf 91' lang='lat' dir='ltr'>quem-</span> 
     </span>
     <span class='ocr_line' id='line_1_21' title="bbox 285 1040 1642 1094; baseline 0 -14"><span class='ocrx_word' id='word_1_101' title='bbox 285 1055 409 1093; x_wconf 85' lang='lat' dir='ltr'>quam</span> <span class='ocrx_word' id='word_1_102' title='bbox 435 1055 482 1081; x_wconf 93' lang='lat' dir='ltr'>eo</span> <span class='ocrx_word' id='word_1_103' title='bbox 509 1041 573 1080; x_wconf 90' lang='lat' dir='ltr'>die</span> <span class='ocrx_word' id='word_1_104' title='bbox 600 1040 845 1094; x_wconf 88' lang='lat' dir='ltr'>castigatum</span> <span class='ocrx_word' id='word_1_105' title='bbox 872 1055 974 1081; x_wconf 89' lang='lat' dir='ltr'>esse.</span> <span class='ocrx_word' id='word_1_106' title='bbox 1014 1041 1124 1093; x_wconf 85' lang='lat' dir='ltr'>quod</span> <span class='ocrx_word' id='word_1_107' title='bbox 1150 1040 1303 1081; x_wconf 87' lang='lat' dir='ltr'>bonum</span> <span class='ocrx_word' id='word_1_108' title='bbox 1322 1040 1505 1081; x_wconf 86' lang='lat' dir='ltr'>faustum</span> <span class='ocrx_word' id='word_1_109' title='bbox 1524 1041 1642 1080; x_wconf 82' lang='lat' dir='ltr'>felix-</span> 
     </span>
     <span class='ocr_line' id='line_1_22' title="bbox 285 1102 1641 1156; baseline 0 -14"><span class='ocrx_word' id='word_1_110' title='bbox 285 1118 363 1155; x_wconf 91' lang='lat' dir='ltr'>que</span> <span class='ocrx_word' id='word_1_111' title='bbox 399 1103 458 1143; x_wconf 90' lang='lat' dir='ltr'>rei</span> <span class='ocrx_word' id='word_1_112' title='bbox 493 1102 682 1156; x_wconf 90' lang='lat' dir='ltr'>publicae</span> <span class='ocrx_word' id='word_1_113' title='bbox 718 1103 901 1156; x_wconf 78' lang='lat' dir='ltr'>ipsisque</span> <span class='ocrx_word' id='word_1_114' title='bbox 938 1110 1065 1151; x_wconf 89' lang='lat' dir='ltr'>esset,</span> <span class='ocrx_word' id='word_1_115' title='bbox 1104 1103 1235 1142; x_wconf 87' lang='lat' dir='ltr'>omnis</span> <span class='ocrx_word' id='word_1_116' title='bbox 1268 1117 1337 1142; x_wconf 92' lang='lat' dir='ltr'>eos</span> <span class='ocrx_word' id='word_1_117' title='bbox 1369 1102 1518 1142; x_wconf 86' lang='lat' dir='ltr'>liberos</span> <span class='ocrx_word' id='word_1_118' title='bbox 1550 1116 1641 1142; x_wconf 88' lang='lat' dir='ltr'>esse</span> 
     </span>
     <span class='ocr_line' id='line_1_23' title="bbox 284 1163 1640 1217; baseline -0.001 -14"><span class='ocrx_word' id='word_1_119' title='bbox 284 1164 436 1204; x_wconf 91' lang='lat' dir='ltr'>iubere.</span> <span class='ocrx_word' id='word_1_120' title='bbox 497 1164 549 1203; x_wconf 89' lang='lat' dir='ltr'>ad</span> <span class='ocrx_word' id='word_1_121' title='bbox 585 1178 709 1216; x_wconf 88' lang='lat' dir='ltr'>quam</span> <span class='ocrx_word' id='word_1_122' title='bbox 744 1178 887 1204; x_wconf 78' lang='lat' dir='ltr'>vocem</span> <span class='ocrx_word' id='word_1_123' title='bbox 926 1178 1019 1204; x_wconf 88' lang='lat' dir='ltr'>cum</span> <span class='ocrx_word' id='word_1_124' title='bbox 1056 1164 1209 1204; x_wconf 87' lang='lat' dir='ltr'>clamor</span> <span class='ocrx_word' id='word_1_125' title='bbox 1244 1163 1402 1217; x_wconf 81' lang='lat' dir='ltr'>ingenti</span> <span class='ocrx_word' id='word_1_126' title='bbox 1434 1163 1640 1203; x_wconf 82' lang='lat' dir='ltr'>alacritate</span> 
     </span>
     <span class='ocr_line' id='line_1_24' title="bbox 286 1224 1638 1278; baseline -0.001 -13"><span class='ocrx_word' id='word_1_127' title='bbox 286 1225 470 1266; x_wconf 86' lang='lat' dir='ltr'>sublatus</span> <span class='ocrx_word' id='word_1_128' title='bbox 508 1232 616 1265; x_wconf 87' lang='lat' dir='ltr'>esset</span> <span class='ocrx_word' id='word_1_129' title='bbox 646 1239 694 1265; x_wconf 98' lang='grc'>36</span> <span class='ocrx_word' id='word_1_130' title='bbox 724 1239 832 1265; x_wconf 90' lang='grc'>1111116</span> <span class='ocrx_word' id='word_1_131' title='bbox 863 1225 1051 1278; x_wconf 76' lang='lat' dir='ltr'>conplexi</span> <span class='ocrx_word' id='word_1_132' title='bbox 1081 1225 1186 1265; x_wconf 90' lang='lat' dir='ltr'>inter</span> <span class='ocrx_word' id='word_1_133' title='bbox 1218 1238 1260 1264; x_wconf 90' lang='grc'>56</span> <span class='ocrx_word' id='word_1_134' title='bbox 1291 1224 1638 1278; x_wconf 71' lang='lat' dir='ltr'>gratulantesque,</span> 
     </span>
     <span class='ocr_line' id='line_1_25' title="bbox 285 1286 1639 1340; baseline -0.001 -13"><span class='ocrx_word' id='word_1_135' title='bbox 285 1301 394 1327; x_wconf 91' lang='grc'>1111116</span> <span class='ocrx_word' id='word_1_136' title='bbox 419 1301 564 1326; x_wconf 84' lang='lat' dir='ltr'>manus</span> <span class='ocrx_word' id='word_1_137' title='bbox 590 1286 642 1326; x_wconf 90' lang='lat' dir='ltr'>ad</span> <span class='ocrx_word' id='word_1_138' title='bbox 673 1286 831 1326; x_wconf 86' lang='lat' dir='ltr'>caelum</span> <span class='ocrx_word' id='word_1_139' title='bbox 856 1286 1043 1327; x_wconf 88' lang='lat' dir='ltr'>tollentes</span> <span class='ocrx_word' id='word_1_140' title='bbox 1075 1286 1183 1327; x_wconf 89' lang='lat' dir='ltr'>bona</span> <span class='ocrx_word' id='word_1_141' title='bbox 1214 1286 1350 1326; x_wconf 86' lang='lat' dir='ltr'>omnia</span> <span class='ocrx_word' id='word_1_142' title='bbox 1378 1286 1530 1340; x_wconf 91' lang='lat' dir='ltr'>populo</span> <span class='ocrx_word' id='word_1_143' title='bbox 1555 1286 1639 1325; x_wconf 84' lang='lat' dir='ltr'>Ro-</span> 
     </span>
     <span class='ocr_line' id='line_1_26' title="bbox 286 1346 1640 1402; baseline -0.001 -14"><span class='ocrx_word' id='word_1_144' title='bbox 286 1363 407 1388; x_wconf 88' lang='lat' dir='ltr'>mano</span> <span class='ocrx_word' id='word_1_145' title='bbox 429 1346 699 1400; x_wconf 85' lang='lat' dir='ltr'>Gracchoque</span> <span class='ocrx_word' id='word_1_146' title='bbox 724 1348 802 1402; x_wconf 88' lang='lat' dir='ltr'>ipsi</span> <span class='ocrx_word' id='word_1_147' title='bbox 827 1355 1108 1402; x_wconf 84' lang='lat' dir='ltr'>precarentur,</span> <span class='ocrx_word' id='word_1_148' title='bbox 1141 1357 1227 1387; x_wconf 87' lang='lat' dir='ltr'>tum</span> <span class='ocrx_word' id='word_1_149' title='bbox 1248 1346 1462 1387; x_wconf 82' lang='lat' dir='ltr'>Gracchus</span> <span class='ocrx_word' id='word_1_150' title='bbox 1490 1347 1640 1400; x_wconf 88' lang='lat' dir='ltr'>‘prius-</span> 
     </span>
     <span class='ocr_line' id='line_1_27' title="bbox 284 1408 1640 1462; baseline -0.001 -13"><span class='ocrx_word' id='word_1_151' title='bbox 284 1424 408 1462; x_wconf 85' lang='lat' dir='ltr'>quam</span> <span class='ocrx_word' id='word_1_152' title='bbox 445 1424 585 1449; x_wconf 87' lang='lat' dir='ltr'>onmes</span> <span class='ocrx_word' id='word_1_153' title='bbox 622 1410 707 1449; x_wconf 91' lang='lat' dir='ltr'>iure</span> <span class='ocrx_word' id='word_1_154' title='bbox 743 1409 907 1449; x_wconf 87' lang='lat' dir='ltr'>libertas</span> <span class='ocrx_word' id='word_1_155' title='bbox 950 1409 1203 1461; x_wconf 86' lang='lat' dir='ltr'>aequasset,⁷</span> <span class='ocrx_word' id='word_1_156' title='bbox 1251 1408 1382 1459; x_wconf 90' lang='lat' dir='ltr'>inquit</span> <span class='ocrx_word' id='word_1_157' title='bbox 1420 1408 1640 1448; x_wconf 85' lang='lat' dir='ltr'>‘neminem</span> 
     </span>
     <span class='ocr_line' id='line_1_28' title="bbox 284 1468 1641 1524; baseline -0.001 -13"><span class='ocrx_word' id='word_1_158' title='bbox 284 1477 381 1511; x_wconf 89' lang='lat' dir='ltr'>nota</span> <span class='ocrx_word' id='word_1_159' title='bbox 407 1471 560 1511; x_wconf 89' lang='lat' dir='ltr'>strenui</span> <span class='ocrx_word' id='word_1_160' title='bbox 585 1478 653 1510; x_wconf 89' lang='lat' dir='ltr'>aut</span> <span class='ocrx_word' id='word_1_161' title='bbox 684 1470 823 1524; x_wconf 70' lang='lat' dir='ltr'>ignavi</span> <span class='ocrx_word' id='word_1_162' title='bbox 854 1470 992 1510; x_wconf 89' lang='lat' dir='ltr'>militis</span> <span class='ocrx_word' id='word_1_163' title='bbox 1024 1477 1189 1509; x_wconf 86' lang='lat' dir='ltr'>notasse</span> <span class='ocrx_word' id='word_1_164' title='bbox 1221 1468 1350 1517; x_wconf 72' lang='lat' dir='ltr'>volui3</span> <span class='ocrx_word' id='word_1_165' title='bbox 1387 1483 1496 1509; x_wconf 90' lang='lat' dir='ltr'>nunc</span> <span class='ocrx_word' id='word_1_166' title='bbox 1521 1483 1641 1510; x_wconf 83' lang='lat' dir='ltr'>exso-</span> 
     </span>
     <span class='ocr_line' id='line_1_29' title="bbox 284 1530 1640 1585; baseline -0.001 -13"><span class='ocrx_word' id='word_1_167' title='bbox 284 1532 368 1572; x_wconf 88' lang='lat' dir='ltr'>luta</span> <span class='ocrx_word' id='word_1_168' title='bbox 397 1532 478 1572; x_wconf 88' lang='lat' dir='ltr'>iam</span> <span class='ocrx_word' id='word_1_169' title='bbox 508 1532 588 1572; x_wconf 88' lang='lat' dir='ltr'>fide</span> <span class='ocrx_word' id='word_1_170' title='bbox 619 1531 801 1585; x_wconf 86' lang='lat' dir='ltr'>publica,</span> <span class='ocrx_word' id='word_1_171' title='bbox 839 1546 890 1571; x_wconf 92' lang='lat' dir='ltr'>ne</span> <span class='ocrx_word' id='word_1_172' title='bbox 921 1530 1141 1571; x_wconf 80' lang='lat' dir='ltr'>discrimen</span> <span class='ocrx_word' id='word_1_173' title='bbox 1177 1544 1297 1570; x_wconf 92' lang='lat' dir='ltr'>omne</span> <span class='ocrx_word' id='word_1_174' title='bbox 1333 1530 1493 1571; x_wconf 65' lang='lat' dir='ltr'>virtutis</span> <span class='ocrx_word' id='word_1_175' title='bbox 1525 1531 1640 1585; x_wconf 85' lang='lat' dir='ltr'>igna-</span> 
     </span>
     <span class='ocr_line' id='line_1_30' title="bbox 283 1591 1639 1647; baseline -0.001 -14"><span class='ocrx_word' id='word_1_176' title='bbox 283 1593 455 1645; x_wconf 77' lang='lat' dir='ltr'>viaeque</span> <span class='ocrx_word' id='word_1_177' title='bbox 490 1600 647 1647; x_wconf 89' lang='lat' dir='ltr'>pereat,</span> <span class='ocrx_word' id='word_1_178' title='bbox 690 1593 856 1632; x_wconf 84' lang='lat' dir='ltr'>nomina</span> <span class='ocrx_word' id='word_1_179' title='bbox 892 1606 1051 1640; x_wconf 88' lang='lat' dir='ltr'>eorum,</span> <span class='ocrx_word' id='word_1_180' title='bbox 1088 1591 1158 1644; x_wconf 90' lang='lat' dir='ltr'>qui</span> <span class='ocrx_word' id='word_1_181' title='bbox 1195 1591 1440 1632; x_wconf 82' lang='lat' dir='ltr'>detractatae</span> <span class='ocrx_word' id='word_1_182' title='bbox 1476 1606 1639 1646; x_wconf 84' lang='lat' dir='ltr'>pugnae</span> 
     </span>
     <span class='ocr_line' id='line_1_31' title="bbox 284 1652 1638 1707; baseline -0.001 -13"><span class='ocrx_word' id='word_1_183' title='bbox 284 1668 487 1694; x_wconf 88' lang='lat' dir='ltr'>memores</span> <span class='ocrx_word' id='word_1_184' title='bbox 514 1654 789 1694; x_wconf 89' lang='lat' dir='ltr'>secessionem</span> <span class='ocrx_word' id='word_1_185' title='bbox 814 1653 937 1707; x_wconf 88' lang='lat' dir='ltr'>paulo</span> <span class='ocrx_word' id='word_1_186' title='bbox 968 1660 1061 1693; x_wconf 86' lang='lat' dir='ltr'>ante</span> <span class='ocrx_word' id='word_1_187' title='bbox 1092 1653 1295 1701; x_wconf 86' lang='lat' dir='ltr'>fecerunt,</span> <span class='ocrx_word' id='word_1_188' title='bbox 1332 1652 1472 1693; x_wconf 86' lang='lat' dir='ltr'>referri</span> <span class='ocrx_word' id='word_1_189' title='bbox 1497 1654 1550 1693; x_wconf 86' lang='lat' dir='ltr'>ad</span> <span class='ocrx_word' id='word_1_190' title='bbox 1573 1668 1638 1693; x_wconf 93' lang='lat' dir='ltr'>me</span> 
     </span>
     <span class='ocr_line' id='line_1_32' title="bbox 284 1715 1640 1769; baseline 0 -14"><span class='ocrx_word' id='word_1_191' title='bbox 284 1715 433 1755; x_wconf 90' lang='lat' dir='ltr'>iubebo</span> <span class='ocrx_word' id='word_1_192' title='bbox 460 1715 686 1768; x_wconf 87' lang='lat' dir='ltr'>citatosque</span> <span class='ocrx_word' id='word_1_193' title='bbox 713 1715 896 1769; x_wconf 90' lang='lat' dir='ltr'>singulos</span> <span class='ocrx_word' id='word_1_194' title='bbox 927 1715 1013 1755; x_wconf 86' lang='lat' dir='ltr'>iure</span> <span class='ocrx_word' id='word_1_195' title='bbox 1044 1715 1214 1755; x_wconf 90' lang='lat' dir='ltr'>iurando</span> <span class='ocrx_word' id='word_1_196' title='bbox 1246 1715 1428 1769; x_wconf 82' lang='lat' dir='ltr'>adigam,</span> <span class='ocrx_word' id='word_1_197' title='bbox 1466 1715 1545 1756; x_wconf 89' lang='lat' dir='ltr'>nisi</span> <span class='ocrx_word' id='word_1_198' title='bbox 1575 1715 1640 1755; x_wconf 90' lang='lat' dir='ltr'>cui</span> 
     </span>
     <span class='ocr_line' id='line_1_33' title="bbox 284 1776 1640 1831; baseline 0 -14"><span class='ocrx_word' id='word_1_199' title='bbox 284 1776 451 1818; x_wconf 89' lang='lat' dir='ltr'>morbus</span> <span class='ocrx_word' id='word_1_200' title='bbox 489 1792 613 1818; x_wconf 87' lang='lat' dir='ltr'>causa</span> <span class='ocrx_word' id='word_1_201' title='bbox 649 1777 741 1826; x_wconf 89' lang='lat' dir='ltr'>erit,</span> <span class='ocrx_word' id='word_1_202' title='bbox 777 1792 859 1817; x_wconf 92' lang='lat' dir='ltr'>non</span> <span class='ocrx_word' id='word_1_203' title='bbox 897 1777 1013 1817; x_wconf 86' lang='lat' dir='ltr'>aliter</span> <span class='ocrx_word' id='word_1_204' title='bbox 1048 1792 1172 1830; x_wconf 90' lang='lat' dir='ltr'>quam</span> <span class='ocrx_word' id='word_1_205' title='bbox 1209 1784 1364 1817; x_wconf 87' lang='lat' dir='ltr'>stantes</span> <span class='ocrx_word' id='word_1_206' title='bbox 1401 1776 1537 1817; x_wconf 90' lang='lat' dir='ltr'>cibum</span> <span class='ocrx_word' id='word_1_207' title='bbox 1567 1791 1640 1831; x_wconf 91' lang='lat' dir='ltr'>po-</span> 
     </span>
     <span class='ocr_line' id='line_1_34' title="bbox 283 1838 1639 1893; baseline 0.001 -15"><span class='ocrx_word' id='word_1_208' title='bbox 283 1839 514 1891; x_wconf 88' lang='lat' dir='ltr'>tionemque</span> <span class='ocrx_word' id='word_1_209' title='bbox 551 1839 687 1891; x_wconf 89' lang='lat' dir='ltr'>quoad</span> <span class='ocrx_word' id='word_1_210' title='bbox 724 1839 927 1893; x_wconf 84' lang='lat' dir='ltr'>stipendia</span> <span class='ocrx_word' id='word_1_211' title='bbox 962 1838 1113 1879; x_wconf 82' lang='lat' dir='ltr'>facient</span> <span class='ocrx_word' id='word_1_212' title='bbox 1149 1845 1338 1892; x_wconf 84' lang='lat' dir='ltr'>capturos</span> <span class='ocrx_word' id='word_1_213' title='bbox 1370 1853 1473 1879; x_wconf 89' lang='lat' dir='ltr'>esse.</span> <span class='ocrx_word' id='word_1_214' title='bbox 1534 1839 1639 1879; x_wconf 86' lang='lat' dir='ltr'>hanc</span> 
     </span>
     <span class='ocr_line' id='line_1_35' title="bbox 284 1900 1638 1955; baseline 0 -15"><span class='ocrx_word' id='word_1_215' title='bbox 284 1901 452 1940; x_wconf 88' lang='lat' dir='ltr'>multam</span> <span class='ocrx_word' id='word_1_216' title='bbox 478 1901 533 1940; x_wconf 89' lang='lat' dir='ltr'>ita</span> <span class='ocrx_word' id='word_1_217' title='bbox 559 1915 689 1954; x_wconf 91' lang='lat' dir='ltr'>aequo</span> <span class='ocrx_word' id='word_1_218' title='bbox 715 1901 851 1941; x_wconf 87' lang='lat' dir='ltr'>animo</span> <span class='ocrx_word' id='word_1_219' title='bbox 876 1901 1035 1949; x_wconf 85' lang='lat' dir='ltr'>feretis,</span> <span class='ocrx_word' id='word_1_220' title='bbox 1063 1901 1097 1941; x_wconf 86' lang='lat' dir='ltr'>si</span> <span class='ocrx_word' id='word_1_221' title='bbox 1121 1900 1360 1954; x_wconf 89' lang='lat' dir='ltr'>reputabitis</span> <span class='ocrx_word' id='word_1_222' title='bbox 1386 1900 1498 1941; x_wconf 87' lang='lat' dir='ltr'>nulla</span> <span class='ocrx_word' id='word_1_223' title='bbox 1522 1901 1638 1955; x_wconf 85' lang='lat' dir='ltr'>igna-</span> 
     </span>
     <span class='ocr_line' id='line_1_36' title="bbox 282 1961 1232 2017; baseline 0.001 -16"><span class='ocrx_word' id='word_1_224' title='bbox 282 1962 372 2002; x_wconf 71' lang='lat' dir='ltr'>viae</span> <span class='ocrx_word' id='word_1_225' title='bbox 397 1968 492 2002; x_wconf 87' lang='lat' dir='ltr'>nota</span> <span class='ocrx_word' id='word_1_226' title='bbox 516 1961 667 2002; x_wconf 78' lang='lat' dir='ltr'>leviore</span> <span class='ocrx_word' id='word_1_227' title='bbox 693 1977 766 2003; x_wconf 74' lang='lat' dir='ltr'>vos</span> <span class='ocrx_word' id='word_1_228' title='bbox 793 1962 1000 2017; x_wconf 86' lang='lat' dir='ltr'>designari</span> <span class='ocrx_word' id='word_1_229' title='bbox 1024 1962 1232 2016; x_wconf 88' lang='lat' dir='ltr'>potuisse’.</span> 
     </span>
    </p>

    <p class='ocr_par' dir='ltr' id='par_1_12' title="bbox 280 2022 1639 2756">
     <span class='ocr_line' id='line_1_37' title="bbox 371 2022 1635 2079; baseline -0.001 -14"><span class='ocrx_word' id='word_1_230' title='bbox 371 2022 547 2079; x_wconf 84' lang='lat' dir='ltr'>Signum</span> <span class='ocrx_word' id='word_1_231' title='bbox 573 2025 718 2065; x_wconf 91' lang='lat' dir='ltr'>deinde</span> <span class='ocrx_word' id='word_1_232' title='bbox 745 2025 963 2079; x_wconf 86' lang='lat' dir='ltr'>colligendi</span> <span class='ocrx_word' id='word_1_233' title='bbox 987 2040 1087 2065; x_wconf 72' lang='lat' dir='ltr'>vasa</span> <span class='ocrx_word' id='word_1_234' title='bbox 1112 2025 1240 2073; x_wconf 88' lang='lat' dir='ltr'>dedit,</span> <span class='ocrx_word' id='word_1_235' title='bbox 1267 2024 1497 2078; x_wconf 88' lang='lat' dir='ltr'>militesque</span> <span class='ocrx_word' id='word_1_236' title='bbox 1522 2038 1635 2078; x_wconf 87' lang='lat' dir='ltr'>prae-</span> 
     </span>
     <span class='ocr_line' id='line_1_38' title="bbox 282 2086 1639 2141; baseline 0 -16"><span class='ocrx_word' id='word_1_237' title='bbox 282 2086 377 2126; x_wconf 89' lang='lat' dir='ltr'>dam</span> <span class='ocrx_word' id='word_1_238' title='bbox 401 2093 608 2140; x_wconf 89' lang='lat' dir='ltr'>portantes</span> <span class='ocrx_word' id='word_1_239' title='bbox 641 2094 891 2141; x_wconf 88' lang='lat' dir='ltr'>agentesque</span> <span class='ocrx_word' id='word_1_240' title='bbox 921 2101 994 2141; x_wconf 90' lang='lat' dir='ltr'>per</span> <span class='ocrx_word' id='word_1_241' title='bbox 1023 2087 1233 2127; x_wconf 80' lang='lat' dir='ltr'>lasciviam</span> <span class='ocrx_word' id='word_1_242' title='bbox 1265 2101 1313 2127; x_wconf 90' lang='lat' dir='ltr'>ac</span> <span class='ocrx_word' id='word_1_243' title='bbox 1337 2086 1473 2126; x_wconf 91' lang='lat' dir='ltr'>iocum</span> <span class='ocrx_word' id='word_1_244' title='bbox 1497 2086 1554 2126; x_wconf 86' lang='lat' dir='ltr'>ita</span> <span class='ocrx_word' id='word_1_245' title='bbox 1577 2086 1639 2125; x_wconf 92' lang='lat' dir='ltr'>lu-</span> 
     </span>
     <span class='ocr_line' id='line_1_39' title="bbox 283 2147 1638 2202; baseline 0 -15"><span class='ocrx_word' id='word_1_246' title='bbox 283 2147 753 2189; x_wconf 82' lang='lat' dir='ltr'>dibundiBeneventum</span> <span class='ocrx_word' id='word_1_247' title='bbox 778 2149 946 2197; x_wconf 89' lang='lat' dir='ltr'>rediere,</span> <span class='ocrx_word' id='word_1_248' title='bbox 974 2155 1016 2188; x_wconf 90' lang='lat' dir='ltr'>ut</span> <span class='ocrx_word' id='word_1_249' title='bbox 1042 2148 1093 2188; x_wconf 88' lang='lat' dir='ltr'>ab</span> <span class='ocrx_word' id='word_1_250' title='bbox 1119 2148 1249 2202; x_wconf 88' lang='lat' dir='ltr'>epulis</span> <span class='ocrx_word' id='word_1_251' title='bbox 1276 2147 1426 2188; x_wconf 83' lang='lat' dir='ltr'>celebri</span> <span class='ocrx_word' id='word_1_252' title='bbox 1450 2148 1638 2201; x_wconf 86' lang='lat' dir='ltr'>festoque</span> 
     </span>
     <span class='ocr_line' id='line_1_40' title="bbox 283 2209 1639 2259; baseline -0.001 -10"><span class='ocrx_word' id='word_1_253' title='bbox 283 2210 347 2250; x_wconf 87' lang='grc'>(116</span> <span class='ocrx_word' id='word_1_254' title='bbox 384 2210 504 2259; x_wconf 83' lang='grc'>36115,</span> <span class='ocrx_word' id='word_1_255' title='bbox 542 2225 624 2251; x_wconf 88' lang='grc'>11011</span> <span class='ocrx_word' id='word_1_256' title='bbox 660 2225 710 2250; x_wconf 78' lang='lat' dir='ltr'>ex</span> <span class='ocrx_word' id='word_1_257' title='bbox 747 2211 832 2251; x_wconf 92' lang='lat' dir='ltr'>acie</span> <span class='ocrx_word' id='word_1_258' title='bbox 868 2210 1017 2251; x_wconf 79' lang='lat' dir='ltr'>reverti</span> <span class='ocrx_word' id='word_1_259' title='bbox 1052 2211 1296 2250; x_wconf 67' lang='lat' dir='ltr'>viderentur.</span> <span class='ocrx_word' id='word_1_260' title='bbox 1356 2209 1639 2250; x_wconf 76' lang='lat' dir='ltr'>Beneventani</span> 
     </span>
     <span class='ocr_line' id='line_1_41' title="bbox 283 2271 1637 2326; baseline 0 -15"><span class='ocrx_word' id='word_1_261' title='bbox 283 2286 423 2312; x_wconf 90' lang='lat' dir='ltr'>omnes</span> <span class='ocrx_word' id='word_1_262' title='bbox 450 2271 569 2312; x_wconf 87' lang='lat' dir='ltr'>turba</span> <span class='ocrx_word' id='word_1_263' title='bbox 594 2272 726 2313; x_wconf 85' lang='lat' dir='ltr'>effusa</span> <span class='ocrx_word' id='word_1_264' title='bbox 752 2287 845 2312; x_wconf 92' lang='lat' dir='ltr'>cum</span> <span class='ocrx_word' id='word_1_265' title='bbox 870 2272 1033 2313; x_wconf 74' lang='lat' dir='ltr'>obviam</span> <span class='ocrx_word' id='word_1_266' title='bbox 1059 2273 1112 2312; x_wconf 87' lang='lat' dir='ltr'>ad</span> <span class='ocrx_word' id='word_1_267' title='bbox 1141 2279 1279 2326; x_wconf 89' lang='lat' dir='ltr'>portas</span> <span class='ocrx_word' id='word_1_268' title='bbox 1306 2272 1503 2320; x_wconf 82' lang='lat' dir='ltr'>exissent,</span> <span class='ocrx_word' id='word_1_269' title='bbox 1542 2285 1637 2312; x_wconf 92' lang='lat' dir='ltr'>con-</span> 
     </span>
     <span class='ocr_line' id='line_1_42' title="bbox 280 2333 1637 2388; baseline -0.001 -15"><span class='ocrx_word' id='word_1_270' title='bbox 280 2333 402 2386; x_wconf 89' lang='lat' dir='ltr'>plecti</span> <span class='ocrx_word' id='word_1_271' title='bbox 438 2333 606 2383; x_wconf 86' lang='lat' dir='ltr'>milites,</span> <span class='ocrx_word' id='word_1_272' title='bbox 645 2334 858 2388; x_wconf 86' lang='lat' dir='ltr'>gratulari,</span> <span class='ocrx_word' id='word_1_273' title='bbox 896 2349 1041 2374; x_wconf 75' lang='lat' dir='ltr'>vocare</span> <span class='ocrx_word' id='word_1_274' title='bbox 1072 2335 1114 2374; x_wconf 90' lang='lat' dir='ltr'>in</span> <span class='ocrx_word' id='word_1_275' title='bbox 1144 2334 1381 2388; x_wconf 87' lang='lat' dir='ltr'>hospitium.</span> <span class='ocrx_word' id='word_1_276' title='bbox 1442 2334 1637 2387; x_wconf 81' lang='lat' dir='ltr'>adparata</span> 
     </span>
     <span class='ocr_line' id='line_1_43' title="bbox 282 2393 1638 2450; baseline -0.001 -16"><span class='ocrx_word' id='word_1_277' title='bbox 282 2395 469 2436; x_wconf 78' lang='lat' dir='ltr'>convivia</span> <span class='ocrx_word' id='word_1_278' title='bbox 495 2395 685 2436; x_wconf 88' lang='lat' dir='ltr'>omnibus</span> <span class='ocrx_word' id='word_1_279' title='bbox 711 2395 753 2435; x_wconf 90' lang='lat' dir='ltr'>in</span> <span class='ocrx_word' id='word_1_280' title='bbox 777 2396 992 2450; x_wconf 89' lang='lat' dir='ltr'>propatulo</span> <span class='ocrx_word' id='word_1_281' title='bbox 1018 2396 1180 2436; x_wconf 89' lang='lat' dir='ltr'>aedium</span> <span class='ocrx_word' id='word_1_282' title='bbox 1211 2396 1391 2436; x_wconf 86' lang='lat' dir='ltr'>fuerant:</span> <span class='ocrx_word' id='word_1_283' title='bbox 1429 2395 1481 2435; x_wconf 87' lang='lat' dir='ltr'>ad</span> <span class='ocrx_word' id='word_1_284' title='bbox 1507 2408 1554 2435; x_wconf 86' lang='lat' dir='ltr'>ea</span> <span class='ocrx_word' id='word_1_285' title='bbox 1577 2393 1638 2434; x_wconf 87' lang='lat' dir='ltr'>in-</span> 
     </span>
     <span class='ocr_line' id='line_1_44' title="bbox 281 2455 1638 2511; baseline 0 -16"><span class='ocrx_word' id='word_1_286' title='bbox 281 2456 464 2497; x_wconf 76' lang='lat' dir='ltr'>vitabant</span> <span class='ocrx_word' id='word_1_287' title='bbox 478 2455 795 2510; x_wconf 85' lang='lat' dir='ltr'>Gracchumque</span> <span class='ocrx_word' id='word_1_288' title='bbox 821 2457 1010 2506; x_wconf 87' lang='lat' dir='ltr'>orabant,</span> <span class='ocrx_word' id='word_1_289' title='bbox 1037 2464 1081 2497; x_wconf 91' lang='lat' dir='ltr'>ut</span> <span class='ocrx_word' id='word_1_290' title='bbox 1107 2458 1262 2511; x_wconf 89' lang='lat' dir='ltr'>epulari</span> <span class='ocrx_word' id='word_1_291' title='bbox 1286 2457 1538 2511; x_wconf 86' lang='lat' dir='ltr'>permitteret</span> <span class='ocrx_word' id='word_1_292' title='bbox 1562 2455 1638 2495; x_wconf 89' lang='lat' dir='ltr'>mi-</span> 
     </span>
     <span class='ocr_line' id='line_1_45' title="bbox 281 2517 1637 2574; baseline -0.001 -17"><span class='ocrx_word' id='word_1_293' title='bbox 281 2517 433 2559; x_wconf 90' lang='lat' dir='ltr'>litibus.</span> <span class='ocrx_word' id='word_1_294' title='bbox 495 2526 534 2560; x_wconf 93' lang='lat' dir='ltr'>et</span> <span class='ocrx_word' id='word_1_295' title='bbox 561 2517 775 2560; x_wconf 87' lang='lat' dir='ltr'>Gracchus</span> <span class='ocrx_word' id='word_1_296' title='bbox 801 2520 857 2559; x_wconf 86' lang='lat' dir='ltr'>ita</span> <span class='ocrx_word' id='word_1_297' title='bbox 881 2519 1082 2574; x_wconf 85' lang='lat' dir='ltr'>permisit,</span> <span class='ocrx_word' id='word_1_298' title='bbox 1120 2521 1161 2559; x_wconf 92' lang='lat' dir='ltr'>in</span> <span class='ocrx_word' id='word_1_299' title='bbox 1184 2519 1350 2573; x_wconf 90' lang='lat' dir='ltr'>publico</span> <span class='ocrx_word' id='word_1_300' title='bbox 1376 2518 1637 2573; x_wconf 89' lang='lat' dir='ltr'>epularentur</span> 
     </span>
     <span class='ocr_line' id='line_1_46' title="bbox 283 2578 1635 2635; baseline -0.001 -16"><span class='ocrx_word' id='word_1_301' title='bbox 283 2593 437 2620; x_wconf 88' lang='lat' dir='ltr'>omnes.</span> <span class='ocrx_word' id='word_1_302' title='bbox 503 2590 597 2621; x_wconf 89' lang='lat' dir='ltr'>ante</span> <span class='ocrx_word' id='word_1_303' title='bbox 629 2596 724 2621; x_wconf 84' lang='lat' dir='ltr'>suas</span> <span class='ocrx_word' id='word_1_304' title='bbox 750 2581 924 2634; x_wconf 89' lang='lat' dir='ltr'>quisque</span> <span class='ocrx_word' id='word_1_305' title='bbox 950 2581 1058 2622; x_wconf 88' lang='lat' dir='ltr'>fores</span> <span class='ocrx_word' id='word_1_306' title='bbox 1083 2581 1242 2635; x_wconf 88' lang='lat' dir='ltr'>prolata</span> <span class='ocrx_word' id='word_1_307' title='bbox 1267 2580 1415 2621; x_wconf 88' lang='lat' dir='ltr'>omnia.</span> <span class='ocrx_word' id='word_1_308' title='bbox 1481 2578 1635 2633; x_wconf 86' lang='lat' dir='ltr'>pilleati</span> 
     </span>
     <span class='ocr_line' id='line_1_47' title="bbox 283 2638 1635 2696; baseline 0 -17"><span class='ocrx_word' id='word_1_309' title='bbox 283 2646 352 2679; x_wconf 88' lang='lat' dir='ltr'>aut</span> <span class='ocrx_word' id='word_1_310' title='bbox 380 2641 474 2681; x_wconf 86' lang='lat' dir='ltr'>lana</span> <span class='ocrx_word' id='word_1_311' title='bbox 504 2642 596 2682; x_wconf 87' lang='lat' dir='ltr'>alba</span> <span class='ocrx_word' id='word_1_312' title='bbox 628 2643 770 2683; x_wconf 79' lang='lat' dir='ltr'>velatis</span> <span class='ocrx_word' id='word_1_313' title='bbox 802 2642 1004 2696; x_wconf 87' lang='lat' dir='ltr'>capitibus</span> <span class='ocrx_word' id='word_1_314' title='bbox 1034 2643 1203 2683; x_wconf 73' lang='lat' dir='ltr'>volones</span> <span class='ocrx_word' id='word_1_315' title='bbox 1235 2642 1387 2696; x_wconf 88' lang='lat' dir='ltr'>epulati</span> <span class='ocrx_word' id='word_1_316' title='bbox 1419 2646 1531 2688; x_wconf 90' lang='lat' dir='ltr'>sunt,</span> <span class='ocrx_word' id='word_1_317' title='bbox 1569 2638 1635 2678; x_wconf 86' lang='lat' dir='ltr'>alii</span> 
     </span>
     <span class='ocr_line' id='line_1_48' title="bbox 283 2700 1636 2756; baseline -0.001 -16"><span class='ocrx_word' id='word_1_318' title='bbox 283 2700 547 2751; x_wconf 87' lang='lat' dir='ltr'>accubantes,</span> <span class='ocrx_word' id='word_1_319' title='bbox 591 2703 658 2743; x_wconf 86' lang='lat' dir='ltr'>alii</span> <span class='ocrx_word' id='word_1_320' title='bbox 690 2710 863 2752; x_wconf 86' lang='lat' dir='ltr'>stantes,</span> <span class='ocrx_word' id='word_1_321' title='bbox 907 2704 977 2756; x_wconf 75' lang='lat' dir='ltr'>qui</span> <span class='ocrx_word' id='word_1_322' title='bbox 1014 2703 1135 2744; x_wconf 89' lang='lat' dir='ltr'>simul</span> <span class='ocrx_word' id='word_1_323' title='bbox 1177 2702 1461 2744; x_wconf 86' lang='lat' dir='ltr'>ministrabant</span> <span class='ocrx_word' id='word_1_324' title='bbox 1496 2712 1636 2740; x_wconf 85' lang='lat' dir='ltr'>vesce-</span> 
     </span>
    </p>
   </div>
  </div>
 </body>
</html>
