1815 3184
330 260 412 301 212
617 268 769 302 LIBER
794 267 964 312 xxun,
990 269 1045 302 48.
1065 267 1119 302 49.
1148 270 1196 311 [a.
1210 279 1243 302 u.
1260 279 1288 301 e.
1303 268 1384 312 541]

287 386 304 413 ῑ)
330 371 514 411 advertit.
575 377 661 410 tum
697 370 875 424 primum
910 377 953 410 ut
989 385 1063 425 pro
1099 370 1218 411 bonis
1255 384 1303 411 ac
1338 370 1527 412 fidelibus
1564 372 1684 413 sociis

329 432 528 480 facerent,
567 431 715 481 oravit,
752 439 795 472 ut
827 433 908 472 duo
938 432 1186 486 legationem
1215 431 1413 472 referrent
1438 432 1490 472 ad
1513 432 1686 487 impera-

329 502 437 534 tores
465 508 573 541 suos,
599 507 706 533 unus
733 500 830 547 aput
857 508 947 534 sese
973 493 1169 548 magister
1191 493 1250 534 rei
1268 493 1454 534 militaris
1473 493 1684 534 resideret:

328 555 473 595 rudem
498 554 551 594 ad
574 554 780 608 pedestria
806 554 913 595 bella
937 554 1208 595 Numidarum
1233 562 1397 609 gentem
1424 569 1532 604 esse,
1571 556 1686 608 equis

285 630 303 659 6
330 624 489 657 tantum
513 616 691 657 habilem
701 633 710 665 3
747 617 804 657 ita
834 617 915 657 iam
946 617 1039 657 inde
1071 632 1094 657 a
1118 617 1327 671 principiis
1353 617 1486 671 gentis
1512 617 1686 658 maiores

330 694 427 720 suos
452 678 560 719 bella
584 679 783 733 gessisse,
820 678 877 718 ita
902 693 944 719 se
971 694 994 718 a
1018 679 1155 732 pueris
1186 679 1413 728 insuetum,
1452 685 1512 719 set
1537 678 1688 720 habere

328 741 488 781 hostem
513 740 693 794 pedestri
717 740 911 780 fidentem
936 739 1091 789 Marte,
1119 740 1184 780 cui
1211 740 1245 781 si
1269 741 1435 793 aequari
1459 740 1604 781 robore
1629 741 1688 781 vi-

286 815 300 842 7
328 802 433 843 rium
464 802 578 851 velit,
619 810 657 842 et
689 801 766 842 sibi
797 802 955 856 pedites
987 803 1284 856 comparandos
1321 817 1424 843 esse.
1485 810 1524 843 et
1560 803 1613 843 ad
1646 803 1688 843 id

329 864 589 904 multitudine
615 863 828 904 hominum
858 879 1031 919 regnum
1062 864 1290 913 abundare,
1330 871 1391 905 set
1415 864 1601 905 armandi
1625 879 1689 905 or-

328 925 536 979 nandique
563 933 601 966 et
626 926 852 967 instruendi
879 941 948 967 eos
975 933 1104 967 artem
1128 926 1330 981 ignorare.
1392 927 1545 976 omnia,
1577 926 1689 967 velut

329 988 432 1029 forte
476 995 748 1043 congregata,
798 987 916 1028 turba
959 1003 1034 1028 sua
1080 995 1198 1028 vasta
1238 1003 1285 1029 ac
1328 989 1542 1029 temeraria
1583 1002 1686 1029 esse.

284 1061 302 1090 8
328 1050 509 1091 facturos
547 1065 590 1090 se
626 1050 666 1090 iu
703 1050 934 1104 praesentia
971 1050 1080 1103 quod
1115 1050 1237 1090 vellet
1272 1050 1397 1105 legati
1426 1049 1686 1104 respondent,

329 1112 408 1152 fide
434 1119 620 1166 accepta,
659 1119 703 1151 ut
728 1111 951 1152 remitteret
976 1111 1181 1165 extemplo
1213 1126 1324 1160 eum,
1363 1112 1397 1152 si
1422 1112 1687 1165 imperatores

285 1186 302 1214 9
330 1174 392 1214 sui
424 1189 504 1213 non
535 1172 871 1227 comprobassent
901 1172 1068 1213 factum.
1130 1172 1181 1224 Q.
1217 1171 1394 1213 Statorio
1431 1187 1579 1213 nomen
1611 1172 1688 1212 fuit

329 1235 398 1288 qui
424 1235 475 1275 ad
499 1249 640 1289 regem
664 1235 869 1275 remansit.
920 1249 1013 1275 cum
1038 1233 1198 1275 duobus
1213 1234 1411 1275 Romanis
1437 1235 1582 1289 legatis
1602 1234 1687 1275 Nu-

328 1297 439 1336 mida
474 1296 632 1350 legatos
669 1297 711 1336 in
740 1296 989 1350 Hispaniam
1025 1296 1136 1336 misit
1166 1296 1217 1336 ad
1249 1296 1528 1350 accipiendam
1564 1296 1687 1336 fidem

263 1371 302 1399 10
328 1358 379 1398 ab
404 1357 717 1411 imperatoribus
742 1358 954 1398 Romanis.
1016 1358 1145 1398 isdem
1171 1358 1397 1406 mandavit,
1435 1365 1479 1397 ut
1503 1358 1687 1411 protinus

327 1419 547 1468 Numidas,
586 1419 656 1472 qui
681 1419 786 1459 intra
810 1419 1014 1472 praesidia
1041 1418 1444 1473 Carthaginiensium
1470 1419 1687 1460 auxiliares

264 1495 299 1522 11
329 1488 483 1529 essent,
511 1481 561 1521 ad
587 1481 868 1521 transitionem
893 1480 1146 1534 perlicerent.
1197 1487 1234 1520 et
1257 1478 1460 1520 Statorius
1487 1494 1538 1520 ex
1562 1481 1690 1521 multa

326 1543 535 1583 iuventute
572 1542 660 1596 regi
695 1542 853 1595 pedites
891 1541 1133 1595 conscripsit
1175 1541 1463 1594 ordinatosque
1504 1540 1688 1595 proxime

326 1619 481 1645 morem
500 1604 735 1645 Romanum
760 1604 997 1644 instruendo
1023 1612 1061 1643 et
1088 1604 1339 1644 decurrendo
1366 1604 1483 1658 signa
1509 1603 1626 1656 sequi
1650 1610 1690 1643 et

262 1679 300 1707 12
328 1680 490 1706 servare
521 1666 683 1706 ordines
714 1665 853 1706 docuit
883 1672 922 1705 et
953 1665 1066 1719 operi
1097 1665 1268 1718 aliisque
1298 1665 1416 1706 iustis
1443 1664 1686 1705 militaribus

325 1727 381 1767 ita
407 1727 651 1775 adsuefecit,
679 1734 723 1767 ut
747 1727 862 1767 brevi
885 1741 957 1767 rex
982 1742 1063 1767 non
1089 1727 1215 1780 equiti
1240 1727 1372 1782 magis
1397 1727 1540 1767 fideret
1565 1740 1688 1779 quam

325 1789 452 1842 pediti
483 1788 737 1841 conlatisque
774 1802 906 1842 aequo
937 1803 1082 1842 campo
1114 1789 1242 1843 signis
1275 1789 1381 1830 iusto
1406 1789 1560 1843 proelio
1588 1788 1689 1829 Car-

264 1863 301 1891 13
328 1850 631 1905 thaginiensem
656 1851 816 1891 hostem
843 1858 1064 1905 superaret.
1124 1850 1323 1891 Romanis
1355 1865 1519 1904 quoque
1543 1851 1586 1891 in
1610 1850 1689 1891 Hi-

327 1912 470 1966 spania
495 1912 725 1967 legatorum
750 1913 859 1967 regis
886 1913 1088 1953 adventus
1114 1928 1265 1967 magno
1291 1913 1565 1953 emolumento
1590 1912 1686 1952 fuit:

325 1989 501 2027 namque
527 1975 579 2015 ad
604 1975 757 2016 famam
784 1990 924 2016 eorum
950 1975 1209 2015 transitiones
1236 1975 1401 2016 crebrae
1427 1974 1478 2016 ab
1497 1974 1687 2015 Numidis

326 2043 494 2090 coeptae
531 2035 629 2076 fieri.
700 2037 757 2077 ita
799 2052 891 2077 cum
930 2035 1122 2091 Syphace
1164 2036 1363 2077 Romanis
1407 2042 1552 2090 coepta
1587 2036 1689 2076 ami-

326 2098 419 2138 citia
445 2105 518 2138 est.
568 2098 679 2150 quod
704 2098 775 2139 ubi
801 2097 1164 2153 Carthaginienses
1191 2105 1454 2152 aeceperunt,
1481 2097 1686 2152 extemplo

326 2159 378 2199 ad
405 2158 553 2200 Galam
588 2160 629 2199 in
665 2168 780 2214 parte
817 2160 943 2200 altera
978 2160 1197 2200 Numidiae
1220 2185 1255 2189 —
1283 2159 1465 2200 Maesuli
1501 2174 1548 2200 ea
1583 2174 1686 2214 gens

328 2230 495 2261 vocatur
518 2246 551 2249 —
574 2229 816 2275 regnantem
841 2222 999 2277 legatos
1026 2222 1203 2262 mittunt.

283 2296 298 2323 1
409 2282 751 2323 XXXXVIIII.
800 2283 951 2324 Filium
973 2282 1079 2324 Gala
1098 2283 1367 2324 BIasinissam
1392 2282 1570 2324 habebat
1596 2297 1688 2336 sep-

326 2345 553 2385 temdecem
579 2359 707 2385 annos
740 2352 899 2394 natum,
940 2353 1121 2386 ceterum
1152 2346 1342 2386 iuvenem
1374 2359 1422 2385 ea
1451 2344 1606 2392 indole,
1643 2351 1688 2384 ut

325 2405 406 2445 iam
443 2413 530 2446 tum
565 2414 779 2460 appareret
822 2407 954 2448 maius
997 2422 1172 2462 regnum
1213 2407 1528 2461 opulentiusque
1564 2421 1687 2459 quam

281 2479 299 2508 2
327 2467 436 2519 quod
472 2468 699 2521 accepisset
729 2467 947 2508 facturum.
1020 2468 1163 2523 legati,
1202 2469 1396 2521 quoniam
1434 2467 1608 2523 Syphax
1644 2481 1687 2508 se

325 2527 523 2569 Romanis
549 2529 769 2578 iunxisset,
802 2537 847 2570 ut
870 2530 1074 2584 potentior
1100 2530 1296 2571 societate
1321 2545 1462 2571 eorum
1487 2530 1684 2570 adversus

284 2601 301 2629 3
326 2603 444 2644 reges
470 2591 727 2644 populosque
740 2591 910 2633 Africae
937 2599 1063 2641 esset,
1090 2592 1255 2641 docent,
1282 2592 1428 2632 melius
1454 2591 1541 2632 fore
1557 2589 1685 2631 Galae

327 2664 490 2703 quoque
517 2652 928 2707 Carthaginiensibus
960 2654 1075 2708 iungi
1105 2668 1229 2707 quam
1259 2654 1436 2707 primum
1467 2659 1684 2703 antequam

330 2708 501 2763 Syphax
531 2713 573 2753 in
598 2714 846 2767 Hispaniam
877 2722 945 2755 aut
971 2715 1148 2756 Romani
1178 2716 1220 2755 in
1245 2715 1433 2755 Africam
1457 2718 1681 2753 transeant:
