1815 3184
524 227 678 262 LIBER
701 228 846 273 XXVI,
873 229 926 262 11.
954 227 1007 261 12.
1036 230 1082 271 [a.
1098 225 1136 260 o,
1150 226 1231 270 211]
1467 217 1547 258 277

197 331 448 386 argentarias
458 363 468 381 ,
506 346 611 384 quae
638 331 744 372 circa
768 331 903 372 forum
928 330 1163 372 Romanum
1195 335 1349 378 essent,
1386 329 1551 370 iusserit

197 394 348 434 venire.
400 393 462 433 his
489 402 623 434 motus
650 393 701 433 ad
727 393 893 433 Tutiam
919 392 1089 432 fluvium
1116 398 1248 432 castra
1273 391 1444 440 rettulit,
1478 406 1550 432 sex

196 455 307 495 milia
330 470 529 508 passuum
559 454 611 495 ab
643 454 754 495 urbe.
815 454 910 494 inde
942 454 993 494 ad
1023 453 1162 493 lucum
1188 453 1387 493 Feroniae
1419 452 1552 507 pergit

196 516 271 563 ire,
304 516 501 570 tcmplum
527 530 575 556 ea
600 522 842 569 tempestate
866 515 1065 556 inclutum
1092 514 1255 554 divitiis.
1318 513 1549 568 Capenates

196 578 344 630 aliique
370 577 531 618 accolae
558 577 644 618 eius
670 584 795 617 crant.
854 577 1054 631 primitias
1086 576 1253 631 frugum
1284 591 1331 616 eo
1363 576 1550 629 donaque

196 639 275 679 alia
311 654 382 693 pro
416 640 533 693 copia
567 646 776 693 portantes
814 640 942 680 multo
981 654 1079 679 auro
1117 645 1368 694 argentoque
1403 639 1445 679 id
1482 653 1552 678 ex-

196 713 383 741 ornatum
425 701 643 742 habebant.
715 702 764 742 iis
810 701 1001 742 omnibus
1047 701 1164 742 donis
1202 708 1289 740 tum
1333 700 1551 754 spoliatum

196 763 406 816 templum.
467 763 572 803 aeris
598 763 751 811 acervi,
791 777 883 803 cum
914 762 1061 803 rudera
1091 762 1239 802 milites
1271 762 1467 816 religione
1491 762 1552 801 in-

197 824 308 864 ducti
338 824 534 873 iacerent,
577 830 671 878 post
707 824 1003 877 profectionem
1033 822 1281 864 Hannibalis
1318 822 1458 877 magni
1492 822 1553 862 in-

196 886 318 926 venti.
369 886 489 926 huius
515 885 722 939 populatio
748 885 889 939 templi
919 885 1031 925 haud
1055 885 1180 925 dubia
1204 885 1309 925 inter
1334 885 1559 938 scriptores.

196 954 268 987 est.
343 946 511 987 Coelius
548 947 726 986 Romam
769 953 933 986 euntem
976 945 1026 986 ab
1064 946 1192 986 Ereto
1235 946 1459 986 devertisse
1503 960 1550 986 eo

194 1008 472 1049 Hannibalem
504 1009 643 1057 tradit,
680 1009 837 1060 iterque
870 1008 957 1048 cius
989 1007 1040 1048 ab
1071 1008 1200 1048 Reate
1234 1007 1480 1060 Cutiliisque
1513 1016 1552 1048 et

193 1070 244 1109 ab
269 1069 485 1109 Amiterno
511 1070 683 1110 orditur:
716 1084 766 1109 ex
794 1068 1024 1122 Campania
1048 1069 1090 1108 in
1118 1068 1352 1117 Samnium,
1390 1069 1484 1109 inde
1509 1069 1551 1108 in

191 1130 412 1184 Paelignos
449 1131 687 1184 pervenisse
723 1137 965 1184 praeterque
1004 1130 1201 1183 oppidum
1230 1129 1472 1171 Sulmonem
1509 1130 1550 1170 in

191 1191 450 1232 Marrucinos
477 1193 690 1241 transisse,
724 1192 817 1232 inde
843 1192 1020 1233 Albensi
1046 1207 1144 1246 agro
1169 1192 1212 1232 in
1236 1191 1423 1241 Marsos,
1456 1192 1551 1232 hino

190 1253 452 1294 Amiternum
476 1254 733 1307 Forulosque
770 1254 907 1294 vicum
944 1254 1119 1295 venisse.
1180 1269 1312 1307 neque
1349 1254 1405 1295 ibi
1442 1269 1552 1296 error

191 1322 269 1364 est,
309 1316 418 1368 quod
452 1314 577 1370 [tanti
609 1314 744 1370 ducis]
779 1316 961 1368 tantique
994 1316 1197 1356 exercitus
1234 1316 1410 1370 vestigia
1444 1317 1551 1356 intra

191 1387 273 1417 tam
300 1376 434 1418 brevis
461 1377 551 1417 aevi
576 1378 815 1417 memoriam
840 1377 1045 1432 potuerint
1065 1377 1263 1418 confundi
1280 1403 1314 1407 —
1332 1380 1414 1419 isse
1441 1378 1549 1419 enim

191 1454 239 1479 ea
264 1445 424 1479 constat
442 1464 493 1488 —,
531 1446 689 1479 tantum
720 1440 762 1479 id
792 1440 977 1489 interest,
1014 1441 1224 1481 veneritne
1257 1455 1304 1482 eo
1329 1441 1471 1482 itinere
1497 1441 1550 1481 ad

191 1499 334 1540 urbem
359 1516 411 1540 an
436 1500 487 1541 ab
513 1501 613 1541 urbe
639 1501 681 1541 in
708 1500 978 1555 Campaniam
1003 1502 1179 1542 redierit.

275 1562 382 1603 XII.
444 1562 639 1603 Ceterum
664 1578 745 1603 non
771 1570 971 1616 quantum
996 1564 1195 1604 Romanis
1220 1565 1469 1618 pertinaciae
1496 1565 1547 1605 ad

191 1624 455 1677 premendam
481 1624 693 1665 obsidione
721 1624 909 1679 Capuam
935 1625 1030 1674 fuit,
1063 1632 1220 1665 tantum
1247 1627 1299 1666 ad
1325 1626 1548 1667 defenden-

191 1686 286 1726 dam
311 1686 549 1727 Hannibali.
599 1701 776 1740 namque
808 1702 859 1727 ex
884 1687 1068 1728 Lucanis
1100 1688 1141 1727 in
1167 1688 1376 1728 Bruttium
1402 1704 1547 1743 agrum

191 1748 243 1788 ad
279 1748 428 1788 fretum
465 1763 512 1788 ae
536 1748 716 1802 Regium
752 1763 800 1789 eo
832 1763 954 1788 cursu
985 1749 1211 1798 contendit,
1250 1756 1295 1790 ut
1324 1764 1451 1804 prope
1482 1764 1547 1790 re—

190 1809 356 1862 pentino
387 1810 566 1849 adventu
595 1810 779 1850 incautos
813 1810 1073 1864 oppresserit.
1136 1809 1281 1865 Capua
1312 1812 1388 1852 etsi
1419 1811 1545 1852 nihilo

192 1871 358 1925 segnius
396 1871 568 1912 obsessa
603 1887 676 1925 per
713 1887 782 1912 eos
820 1872 907 1912 dies
945 1872 1101 1921 fuerat,
1151 1879 1288 1913 tamen
1324 1873 1546 1913 adventum

190 1932 329 1973 Flacci
355 1933 498 1981 sensit,
526 1940 565 1973 et
590 1934 803 1974 admiratio
830 1940 919 1974 orta
944 1940 1023 1982 est,
1056 1949 1138 1974 non
1164 1934 1285 1975 simul
1310 1949 1546 1990 regressum

190 1994 482 2034 Hannibalem.
553 1995 647 2035 inde
682 2010 755 2049 per
792 1995 1006 2047 conloquia
1042 1995 1345 2045 intellexerunt,
1383 1996 1544 2036 relictos

192 2070 235 2095 se
272 2056 536 2109 desertosque
575 2064 613 2096 et
651 2071 765 2110 spem
805 2055 974 2110 Capuae
1017 2057 1251 2097 retinendae
1294 2057 1545 2111 deploratam

192 2124 288 2170 aput
312 2117 474 2158 Poenos
501 2133 604 2158 esse.
666 2119 839 2159 accessit
865 2119 1044 2158 edietum
1069 2119 1325 2172 proconsulis
1353 2134 1403 2159 ex
1429 2134 1546 2160 sena-

192 2185 255 2217 tus
283 2179 469 2219 consulto
494 2180 751 2233 propositum
779 2180 1073 2234 vulgatumque
1098 2187 1197 2234 aput
1221 2180 1369 2229 hostis,
1407 2187 1450 2220 ut
1475 2181 1546 2234 qui

191 2240 291 2280 civis
319 2239 557 2294 Campanus
583 2249 676 2282 ante
703 2249 854 2282 certam
886 2242 994 2282 diem
1020 2242 1251 2291 transisset,
1290 2242 1375 2282 sine
1400 2242 1544 2283 fraude

190 2309 310 2342 esset.
371 2316 446 2342 nee
471 2303 554 2343 ulla
584 2303 693 2343 facta
718 2310 780 2344 est
810 2304 995 2344 transitio
1028 2310 1140 2344 metu
1164 2304 1298 2358 magis
1325 2319 1394 2344 eos
1421 2319 1543 2357 quam

190 2364 269 2403 fide
312 2364 561 2412 continente,
612 2365 708 2417 quia
750 2366 905 2406 maiora
946 2366 986 2406 in
1024 2365 1253 2406 defectione
1290 2365 1544 2418 deliquerant

189 2440 311 2478 quam
348 2425 497 2478 quibus
533 2426 692 2481 ignosci
722 2435 875 2481 posset.
925 2435 1105 2468 ceterum
1137 2442 1258 2480 quem
1291 2428 1344 2468 ad
1374 2428 1543 2468 modum

188 2502 308 2527 nemo
334 2487 491 2541 privato
517 2489 686 2529 consilio
712 2490 764 2529 ad
794 2490 955 2530 hostem
981 2489 1197 2539 transibat,
1230 2490 1285 2530 ita
1309 2490 1409 2529 nihil
1435 2490 1543 2530 salu-

188 2556 272 2589 tare
308 2549 349 2588 in
385 2549 566 2590 medium
604 2551 906 2592 consulebatur.
982 2550 1172 2592 nobilitas
1209 2566 1295 2592 rem
1333 2551 1541 2605 publicam

187 2611 451 2651 deseruerant
476 2626 608 2664 neque
633 2612 675 2652 in
695 2620 882 2654 senatum
903 2613 995 2668 cogi
1013 2619 1212 2667 poterant,
1238 2614 1280 2653 in
1299 2614 1540 2668 magistratu

187 2678 271 2712 erat
297 2673 366 2725 qui
392 2688 473 2713 non
499 2674 576 2714 sibi
606 2674 803 2716 honorem
836 2675 1070 2724 adiecisset,
1104 2675 1176 2715 sed
1200 2675 1442 2732 indignitate
1467 2690 1542 2716 sua

1575 404 1594 433 8

1577 526 1594 555 9

1578 897 1618 926 10

1579 1082 1614 1110 11

1578 1267 1616 1295 12

1577 1454 1616 1482 13

1573 1700 1591 1729 10

1570 2319 1587 2348 G

1569 2442 1585 2470 7

1567 2565 1586 2595 8
