1815 3184
480 243 633 277 LIBER
658 243 806 287 xxm,
831 244 863 278 4.
882 244 912 278 5
944 246 993 287 [a.
1011 243 1047 277 e.
1063 243 1145 286 216]
1414 235 1491 274 117

144 348 264 389 modo
298 348 413 397 vitio,
453 354 513 388 set
543 347 727 387 affluenti
760 347 876 401 copia
907 347 1178 401 voluptatium
1210 353 1249 387 et
1279 345 1494 387 inlecebris

142 411 273 451 omnis
311 410 566 450 amoenitatis
598 409 824 449 maritimae
856 409 1158 463 terrestrisque,
1196 416 1282 449 tum
1313 423 1409 449 vero
1440 408 1495 448 ita
1522 422 1540 450 5

143 472 340 525 obsequio
364 471 594 526 principum
620 478 659 511 et
683 471 845 511 lieentia
864 470 998 524 plebei
1019 471 1224 519 lascivire,
1251 477 1293 510 ut
1312 485 1387 511 nee
1406 470 1497 511 libi-

143 535 227 574 dini
253 549 327 574 nee
353 533 584 587 sumptibus
610 532 755 573 modus
782 540 902 573 esset.
963 533 1015 573 ad
1040 540 1319 587 contemptum
1343 533 1494 587 legum,
1523 546 1540 573 6

143 597 475 651 magistratuum,
504 602 669 635 senatus
696 595 869 635 accessit
895 601 981 634 tum
1006 601 1099 649 post
1125 594 1388 635 Cannensem
1415 595 1496 635 cla-

143 659 254 707 dem,
282 664 343 707 ut,
371 658 486 698 cuius
512 657 648 709 aliqua
672 657 917 697 verecundia
943 664 1046 705 erat,
1073 657 1306 698 Romanum
1333 672 1496 710 quoque

145 726 381 774 spernerent
405 718 634 772 imperium.
671 718 713 758 id
738 719 859 758 modo
886 724 970 758 erat
995 719 1036 758 in
1062 733 1193 767 mora,
1219 733 1270 759 ne
1291 719 1495 773 extemplo
1523 730 1538 758 7

143 782 373 830 deficerent,
401 781 510 834 quod
530 779 750 820 conubium
771 788 976 820 vetustum
998 781 1147 821 multas
1168 781 1343 821 familias
1366 781 1495 821 claras

144 859 190 885 ac
225 843 402 898 potentis
434 842 632 882 Romanis
669 842 889 882 miscuerat
920 849 959 882 et
989 843 1117 894 quod,
1155 857 1247 883 cum
1278 843 1497 883 militarent
1523 852 1542 882 8

143 906 297 958 aliquot
322 910 419 958 aput
445 904 676 952 Romanos,
703 904 929 943 maximum
956 904 1162 944 vinculum
1189 912 1303 945 erant
1328 905 1497 945 trecenti

143 967 319 1020 equites,
351 965 630 1006 nobilissimus
662 965 836 1017 quisque
864 964 1190 1019 Campanorum,
1222 967 1264 1006 in
1294 967 1499 1020 praesidia

145 1027 375 1070 Sicularum
402 1027 562 1067 urbium
590 1026 736 1066 delecti
761 1025 812 1066 ab
838 1026 1038 1067 Romanis
1065 1042 1111 1066 ae
1138 1028 1264 1068 missi.

225 1089 277 1129 V.
326 1089 489 1129 Horum
515 1094 704 1141 parentes
731 1088 976 1142 cognatique
1002 1103 1124 1142 aegre
1150 1090 1426 1142 pervicerunt,
1455 1098 1497 1130 ut
1527 1102 1540 1129 1

140 1151 265 1206 legati
301 1151 350 1191 ad
395 1150 605 1191 consulem
641 1149 876 1190 Romanum
919 1150 1186 1190 mitterentur.
1246 1151 1274 1191 ii
1316 1152 1497 1191 nondum

142 1213 371 1254 Canusium
406 1212 656 1266 profectum,
696 1212 769 1251 sed
800 1211 1010 1252 Venusiae
1049 1226 1141 1252 cum
1178 1213 1320 1266 paucis
1357 1227 1403 1254 ac
1437 1228 1499 1254 sc-

141 1273 377 1315 miermibus
416 1273 624 1314 consulem
662 1273 923 1321 invenerunt,
966 1288 1090 1326 quam
1126 1282 1285 1328 poterat
1322 1275 1498 1329 maxime

141 1335 412 1376 miserabilem
443 1335 561 1375 bonis
594 1335 734 1384 sociis,
769 1335 956 1389 superbis
990 1343 1111 1389 atque
1137 1336 1372 1377 infidelibus
1398 1362 1430 1366 —
1454 1344 1499 1377 ut

140 1406 254 1438 erant
286 1397 489 1451 Campani
520 1422 551 1425 —
584 1398 871 1452 spernendum.
933 1404 973 1439 et
1009 1399 1122 1439 auxit
1157 1414 1293 1439 rerum
1332 1415 1496 1440 suarum

141 1460 285 1512 suique
322 1466 601 1513 contemptum
638 1459 781 1499 consul
818 1459 939 1500 nimis
971 1460 1202 1515 detegendo
1235 1461 1393 1501 cladem
1424 1477 1499 1501 nu-

140 1522 369 1574 dandoque.
406 1537 500 1561 nam
521 1536 612 1561 cum
639 1521 764 1575 legati
789 1536 911 1576 aegre
936 1523 1042 1562 ferre
1069 1530 1257 1563 senatum
1282 1523 1499 1577 populum-
1525 1536 1543 1565 3

140 1598 218 1636 (1110
246 1582 504 1637 Campanum
531 1583 693 1623 adversi
718 1583 937 1636 quiequam
964 1585 1151 1625 evenisse
1172 1585 1370 1625 Romanis
1396 1601 1499 1625 nun-

141 1647 313 1686 tiassent
358 1644 727 1699 pollicerenturque
776 1647 913 1686 omnia.
958 1661 1065 1699 quae
1107 1648 1159 1687 ad
1201 1647 1351 1687 bellum
1395 1662 1498 1702 opus

141 1715 296 1756 essent,
336 1711 509 1748 ‘morem
542 1707 691 1761 magis'
723 1707 855 1760 inquit
888 1708 1099 1761 ‘loquendi
1131 1724 1224 1749 cum
1258 1710 1380 1750 sociis
1413 1725 1497 1749 scr-
1526 1722 1543 1750 4

141 1770 287 1818 vastis,
321 1768 541 1823 Campani,
579 1769 767 1810 iubentes
803 1784 908 1822 quae
944 1785 1046 1824 opus
1085 1778 1222 1811 essent
1258 1772 1309 1812 ad
1347 1771 1499 1812 bellum

141 1831 358 1885 imperare,
407 1846 531 1884 quam
580 1832 870 1872 convenienter
916 1832 967 1872 ad
1009 1841 1266 1886 praesentem
1310 1834 1498 1875 fortunae

142 1900 303 1932 nostrae
335 1899 487 1933 statum
517 1893 642 1933 locuti
674 1893 785 1933 estis.
847 1894 943 1946 quid
971 1894 1079 1933 enim
1104 1894 1222 1936 nobis
1250 1896 1301 1935 ad
1329 1894 1496 1936 Cannas
1525 1909 1542 1936 5

141 1954 325 1994 relictum
360 1962 438 2003 est,
477 1962 538 2003 ut,
577 1955 671 2007 quia
703 1955 856 2008 aliquid
887 1955 1132 2005 habeamus,
1168 1957 1212 1997 id
1243 1958 1353 2010 quod
1384 1957 1498 1997 deest

141 2015 294 2069 expleri
320 2015 370 2056 ab
397 2016 518 2056 sociis
544 2017 744 2057 velimus?
773 2017 932 2070 pedites
958 2017 1076 2058 vobis
1101 2018 1368 2072 imperemus,
1397 2027 1499 2059 tam-

142 2092 265 2129 quam
297 2078 452 2130 equites
470 2079 723 2118 habeamus?
745 2079 962 2132 pecuniam
987 2080 1132 2121 deesse
1159 2081 1363 2129 dieamus,
1397 2088 1499 2121 tam-

143 2153 265 2190 quam
292 2153 339 2179 ea
364 2146 522 2180 tantum
546 2140 676 2181 desit?
701 2140 870 2180 nihilne
891 2141 999 2193 quod
1021 2142 1306 2195 suppleremus
1332 2143 1498 2195 quidem
1526 2157 1543 2185 0·

143 2199 261 2239 nobis
287 2200 449 2253 reliquit
473 2202 648 2242 fortuna.
708 2202 910 2256 legiones,
944 2203 1168 2256 equitatus,
1201 2220 1332 2253 arma,
1366 2205 1496 2258 signa,

144 2262 237 2314 equi
268 2263 442 2315 virique,
480 2265 671 2317 pecunia,
710 2271 963 2305 commeatus
996 2272 1065 2306 aut
1094 2266 1136 2305 111
1167 2267 1253 2306 acie
1285 2273 1352 2307 aut
1391 2266 1497 2307 binis

143 2331 306 2378 postero
332 2325 396 2364 die
422 2326 584 2366 amissis
617 2326 759 2366 castris
790 2327 1008 2380 perierunt.
1069 2328 1206 2381 itaque
1236 2344 1318 2369 non
1349 2329 1496 2369 iuvetis
1525 2342 1541 2370 7

143 2401 216 2426 nos
242 2386 284 2426 in
309 2386 416 2428 bello
435 2394 611 2441 oportet,
640 2387 856 2442 Campani,
884 2397 943 2430 set
964 2405 1092 2443 paene
1112 2389 1264 2430 bellum
1285 2405 1357 2444 pro
1378 2390 1496 2431 nobis

144 2448 390 2502 suscipiatis.
450 2450 587 2490 veniat
611 2450 652 2489 in
677 2458 874 2500 mentem,
901 2459 943 2491 ut
971 2452 1150 2505 trepidos
1177 2453 1384 2504 quondam
1411 2468 1496 2493 ma-
1521 2465 1540 2494 3

142 2510 248 2550 iores
274 2517 431 2551 vestros
456 2511 561 2552 intra
588 2512 747 2552 moenia
773 2513 992 2567 conpulsos
1017 2529 1092 2554 nec
1120 2512 1348 2555 Samnitem
1375 2515 1496 2555 modo

143 2572 322 2621 hostem,
357 2580 417 2613 set
443 2573 565 2614 etiarn
593 2572 822 2615 Sidicinum
847 2576 1054 2629 paventis,
1086 2583 1272 2630 receptos
1303 2576 1344 2616 in
1374 2576 1495 2616 fidem

143 2635 194 2674 ad
222 2633 446 2676 Saticulam
474 2636 778 2677 defenderimus
805 2645 1076 2692 coeptumque
1101 2648 1266 2693 propter
1296 2654 1370 2680 vos
1402 2654 1494 2679 eum

145 2694 399 2738 Samnitibus
432 2697 583 2738 bellum
616 2713 688 2753 per
713 2705 875 2739 eentum
902 2714 1027 2754 prope
1053 2716 1181 2742 annos
1207 2701 1386 2742 variante
1414 2701 1494 2741 for-

1524 1413 1541 1441 1:
