1815 3184
516 235 668 269 LIBER
692 234 896 278 xxvnn,
924 234 1048 268 11.1⁶.>.
1078 233 1275 278 [a.c.205]
1488 223 1572 264 453

224 339 480 380 comitiorum
507 352 631 379 causa
656 338 788 378 dictus
814 337 1098 390 exercitusque
1124 337 1210 378 eius
1236 336 1451 385 dimissus,
1488 351 1574 376 ma-

223 402 351 455 gister
386 401 567 454 equitum
603 401 655 440 L.
693 399 887 440 Veturius
925 398 1058 439 Philo.
1129 398 1293 439 comitia
1328 397 1468 438 habita
1503 412 1575 451 per

223 464 474 503 dictatorem.
546 461 734 502 consules
771 460 869 501 facti
903 459 964 501 M.
1004 459 1219 501 Cornelius
1258 459 1487 514 Cethegus,
1524 458 1573 499 P.

226 524 494 579 Sempronius
515 523 746 564 Tuditanus
772 522 939 571 absens,
967 537 1058 562 eum
1084 522 1335 575 provinciam
1358 519 1576 562 Graeciam

224 586 403 627 haberet.
475 592 682 639 praetores
718 584 813 625 inde
849 584 973 624 creati
1010 584 1073 624 Ti.
1108 583 1306 624 Claudius
1338 583 1463 630 Nero,
1512 582 1573 622 M.

224 647 407 688 Marcius
423 647 560 696 Ralla,
585 647 638 687 L.
657 646 896 687 Scribonius
916 646 1044 695 Libo,
1071 646 1131 686 M.
1147 645 1400 700 Pomponius
1414 645 1574 685 Matho.

225 709 396 750 comitiis
421 709 596 763 peractis
622 708 793 749 dictator
818 723 908 749 sese
934 708 1174 762 magistratu
1201 707 1417 748 abdicavit.

307 770 420 810 Ludi
445 770 621 811 Romani
646 776 723 818 ter,
761 769 895 824 plebei
921 770 1099 823 septiens
1130 769 1355 809 instaurati.
1416 768 1575 809 curules

225 839 339 873 erant
368 832 520 872 aediles
548 831 624 872 Cn.
652 838 690 871 et
714 832 767 871 L.
795 830 976 872 Cornelii
1006 831 1188 871 Lentuli.
1249 831 1301 871 L.
1328 830 1577 884 Hispaniam

224 893 474 947 provinciam
500 892 675 933 habebat
685 909 695 941 3
727 892 875 933 absens
902 899 1061 933 creatus
1087 891 1236 932 absens
1263 907 1356 932 eum
1381 891 1577 932 honorem

223 955 365 1009 gessit.
415 954 478 994 Ti.
507 953 706 994 Claudius
731 953 900 993 Asellus
927 961 965 993 et
990 953 1051 994 M.
1078 953 1222 993 Iunius
1248 953 1417 994 Pennus
1443 952 1577 1007 plebei

224 1016 375 1057 aediles
400 1015 576 1055 fuerunt.
637 1015 780 1055 aedem
806 1014 979 1055 Virtutis
1012 1029 1059 1055 eo
1091 1029 1197 1055 anno
1227 1015 1280 1055 ad
1310 1021 1470 1068 portam
1497 1013 1578 1054 Ca-

224 1092 373 1131 penam
409 1076 470 1116 M.
507 1075 731 1116 Marcellus
768 1075 973 1115 dedicavit
1016 1082 1204 1129 septumo
1246 1076 1419 1115 decumo
1457 1090 1575 1123 anno,

223 1145 440 1192 postquam
464 1152 489 1177 a
513 1144 626 1190 patre
652 1137 738 1177 eius
769 1136 901 1190 primo
933 1137 1148 1177 consulatu
1172 1144 1268 1177 vota
1297 1137 1339 1176 in
1365 1135 1502 1177 Gallia
1527 1137 1579 1176 ad

225 1198 470 1239 Clastidium
502 1198 646 1238 fuerat.
707 1203 747 1237 et
776 1197 926 1238 flamen
950 1197 1153 1238 Martialis
1179 1212 1227 1238 eo
1253 1212 1359 1238 anno
1385 1204 1446 1238 est
1471 1212 1578 1238 mor-

225 1267 318 1300 tuus
343 1259 404 1300 M.
431 1259 635 1300 Aemilius
660 1259 862 1314 Regillus.

307 1321 414 1362 XII.
462 1321 684 1376 Neglectae
710 1336 758 1362 eo
783 1321 947 1362 biennio
973 1337 1037 1363 res
1063 1322 1104 1362 in
1126 1311 1302 1364 Graecia
1328 1328 1452 1362 erant.
1502 1322 1577 1362 ita-

223 1398 303 1437 que
327 1383 544 1437 Philippus
569 1383 742 1424 Aetolos
769 1384 953 1425 desertos
980 1384 1031 1425 ab
1059 1384 1265 1433 Romano,
1292 1385 1358 1425 cui
1383 1384 1454 1424 uni
1479 1383 1578 1424 fide-

225 1445 324 1486 bant
348 1446 517 1494 auxilio,
554 1445 703 1498 quibus
729 1446 858 1486 voluit
883 1446 1191 1488 condicionibus
1218 1447 1268 1487 ad
1294 1447 1514 1500 petendam
1539 1452 1579 1486 et

225 1507 512 1561 paciscendam
539 1507 701 1562 subegit
726 1523 882 1561 pacem.
943 1509 1053 1561 quod
1078 1509 1157 1549 nisi
1182 1509 1292 1549 omni
1318 1509 1357 1549 vi
1382 1509 1576 1562 perficere

226 1575 489 1617 maturasset,
528 1568 746 1609 bellantem
783 1584 876 1610 eum
914 1584 1005 1610 cum
1037 1570 1198 1610 Aetolis
1230 1571 1278 1610 P.
1307 1569 1576 1624 Sempronius

224 1630 460 1685 proconsul,
499 1645 712 1671 successor
736 1632 895 1685 imperii
920 1632 1072 1673 missus
1101 1631 1284 1685 Sulpicio
1316 1647 1410 1672 cum
1435 1632 1577 1672 decem

225 1692 389 1732 milibus
414 1692 599 1746 peditum
625 1700 663 1732 et
688 1693 796 1733 mille
822 1693 1027 1745 equitibus
1054 1700 1093 1734 et
1117 1694 1283 1749 triginta
1308 1694 1488 1747 quinque
1512 1709 1577 1734 ro-

226 1754 360 1795 stratis
386 1754 579 1802 navibus,
612 1753 722 1794 haud
747 1769 917 1808 parvum
944 1762 1196 1796 momentum
1222 1756 1273 1796 ad
1299 1771 1419 1809 opem
1443 1756 1578 1796 feren-

225 1815 319 1855 dam
347 1816 486 1864 sociis,
514 1816 799 1869 oppressisset.
843 1816 1012 1857 vixdum
1037 1832 1138 1871 pace
1163 1817 1272 1858 facta
1295 1817 1463 1858 nuntius
1489 1818 1577 1872 regi

224 1877 347 1926 venit,
373 1877 583 1918 Romanos
596 1877 874 1931 Dyrrachium
894 1879 1068 1928 venisse,
1094 1879 1395 1932 Parthinosque
1422 1886 1461 1920 et
1485 1894 1578 1933 pro-

224 1939 400 1993 pinquas
426 1939 559 1994 gentis
586 1940 685 1980 alias
711 1947 842 1980 motas
869 1955 959 1981 esse
985 1941 1037 1981 ad
1068 1955 1181 1995 spem
1206 1942 1385 1982 novandi
1410 1956 1474 1982 res
1500 1941 1579 1981 Di-

225 2001 474 2054 mallumque
501 2015 750 2055 oppugnare.
789 2016 835 2042 eo
862 2017 906 2042 se
930 2009 1133 2043 verterant
1158 2004 1325 2053 auxilia,
1352 2003 1443 2044 irati
1467 2004 1577 2056 quod

227 2063 312 2103 sine
332 2063 568 2103 auctoritate
590 2077 664 2103 sua
683 2063 880 2104 adversus
901 2063 1046 2104 foedus
1067 2079 1160 2105 cum
1179 2079 1275 2119 rege
1294 2079 1437 2119 pacem
1457 2065 1579 2105 fecis-

226 2129 328 2164 sent.
378 2138 426 2165 ea
450 2138 543 2164 cum
568 2125 751 2165 audisset
774 2124 1010 2179 Philippus,
1047 2141 1099 2166 ne
1125 2127 1195 2179 qui
1219 2135 1353 2167 motus
1384 2127 1513 2167 maior
1536 2127 1578 2167 in

225 2185 407 2227 finitimis
443 2186 635 2240 gentibus
671 2187 916 2240 populisque
947 2188 1135 2237 oriretur,
1174 2188 1333 2243 magnis
1365 2188 1577 2229 itineribus

227 2248 491 2302 Apolloniam
509 2250 733 2298 contendit,
760 2264 841 2302 quo
858 2248 1125 2304 Sempronius
1147 2265 1190 2292 se
1209 2257 1429 2305 receperat,
1452 2251 1578 2291 misso

225 2310 420 2350 Laetorio
442 2309 580 2364 legato
606 2325 699 2350 cum
723 2319 838 2365 parte
864 2312 1072 2366 copiarum
1092 2319 1131 2352 et
1150 2312 1384 2365 quindecim
1402 2312 1576 2353 navibus

225 2372 267 2411 in
280 2371 486 2412 Aetoliam
511 2373 563 2412 ad
588 2373 779 2414 visendas
805 2388 869 2414 res
896 2389 1139 2428 pacemque,
1168 2375 1202 2415 si
1227 2382 1385 2429 posset,
1412 2374 1578 2415 turban-

226 2433 332 2473 dam.
369 2432 586 2487 Philippus
612 2449 733 2489 agros
748 2434 1073 2490 Apolloniatium
1099 2437 1275 2478 vastavit
1300 2444 1339 2478 et
1364 2437 1416 2477 ad
1434 2436 1578 2477 urbem

1602 409 1642 438 10

1603 595 1639 623 11

1605 965 1643 993 13

1606 1211 1642 1239 14

1605 1336 1619 1363 1

1603 1521 1620 1550 2

1603 1831 1621 1859 3

1604 2016 1623 2044 4

1604 2141 1622 2170 5

1604 2450 1621 2479 6

226 2495 400 2535 admotis
438 2498 550 2549 copis
586 2504 830 2550 potestatem
866 2512 1029 2553 pugnae
1065 2498 1253 2539 Romano
1290 2499 1405 2549 fecit3
1453 2513 1575 2552 quem
1602 2513 1619 2542 7

224 2562 443 2610 postquam
478 2557 662 2610 quietum
698 2574 836 2600 muros
873 2561 1154 2601 tantummodo
1191 2561 1294 2601 tueri
1329 2561 1453 2611 vidit,
1502 2576 1577 2602 nec

225 2617 323 2658 satis
359 2617 490 2658 fidens
526 2619 700 2669 viribus,
738 2627 783 2660 ut
812 2621 956 2662 urbem
985 2630 1260 2677 oppugnaret,
1299 2630 1339 2664 et
1369 2638 1462 2664 cum
1492 2623 1577 2665 Ro-

224 2679 356 2721 manis
382 2694 544 2733 quoque
570 2681 674 2722 sicut
699 2696 793 2722 cum
812 2682 974 2724 Aetolis
1000 2684 1169 2739 cupiens
1193 2699 1338 2739 pacem
1364 2685 1398 2727 si
1422 2692 1574 2740 posset,
