<?xml version="1.0" encoding="UTF-8"?>
<!DOCTYPE html PUBLIC "-//W3C//DTD XHTML 1.0 Transitional//EN"
    "http://www.w3.org/TR/xhtml1/DTD/xhtml1-transitional.dtd">
<html xmlns="http://www.w3.org/1999/xhtml" xml:lang="en" lang="en">
 <head>
  <title>
</title>
<meta http-equiv="Content-Type" content="text/html;charset=utf-8" />
  <meta name='ocr-system' content='tesseract 3.04.00' />
  <meta name='ocr-capabilities' content='ocr_page ocr_carea ocr_par ocr_line ocrx_word'/>
</head>
<body>
  <div class='ocr_page' id='page_1' title='image "./aburbeconditalib02livyuoft_0247.png"; bbox 0 0 1815 3184; ppageno 0'>
   <div class='ocr_carea' id='block_1_1' title="bbox 455 222 1484 277">
    <p class='ocr_par' dir='ltr' id='par_1_1' title="bbox 455 222 1484 277">
     <span class='ocr_line' id='line_1_1' title="bbox 455 222 1484 277; baseline -0.005 -10"><span class='ocrx_word' id='word_1_1' title='bbox 455 233 607 267; x_wconf 80' lang='lat' dir='ltr'>LIBER</span> <span class='ocrx_word' id='word_1_2' title='bbox 630 233 782 277; x_wconf 79' lang='lat' dir='ltr'>XXIII,</span> <span class='ocrx_word' id='word_1_3' title='bbox 809 233 863 267; x_wconf 76' lang='lat'>29.</span> <span class='ocrx_word' id='word_1_4' title='bbox 883 233 937 266; x_wconf 87' lang='lat'>30.</span> <span class='ocrx_word' id='word_1_5' title='bbox 965 232 1165 276; x_wconf 52' lang='grc'><strong>[116216]</strong></span> <span class='ocrx_word' id='word_1_6' title='bbox 1405 222 1484 263; x_wconf 84' lang='grc'>143</span> 
     </span>
    </p>
   </div>
   <div class='ocr_carea' id='block_1_2' title="bbox 127 334 1556 2739">
    <p class='ocr_par' dir='ltr' id='par_1_2' title="bbox 127 334 1556 1317">
     <span class='ocr_line' id='line_1_2' title="bbox 129 334 1486 391; baseline -0.003 -12"><span class='ocrx_word' id='word_1_7' title='bbox 129 338 312 379; x_wconf 86' lang='lat' dir='ltr'>coniecta</span> <span class='ocrx_word' id='word_1_8' title='bbox 336 344 490 385; x_wconf 86' lang='lat' dir='ltr'>essent,</span> <span class='ocrx_word' id='word_1_9' title='bbox 527 337 682 378; x_wconf 87' lang='lat' dir='ltr'>rettulit</span> <span class='ocrx_word' id='word_1_10' title='bbox 711 337 860 391; x_wconf 86' lang='lat' dir='ltr'>pedem</span> <span class='ocrx_word' id='word_1_11' title='bbox 891 336 1026 377; x_wconf 86' lang='lat' dir='ltr'>media</span> <span class='ocrx_word' id='word_1_12' title='bbox 1057 336 1165 377; x_wconf 87' lang='lat' dir='ltr'>acies</span> <span class='ocrx_word' id='word_1_13' title='bbox 1196 334 1486 376; x_wconf 86' lang='lat' dir='ltr'>inferentibus-</span> 
     </span>
     <span class='ocr_line' id='line_1_3' title="bbox 128 397 1554 453; baseline -0.001 -13"><span class='ocrx_word' id='word_1_14' title='bbox 128 413 207 453; x_wconf 87' lang='lat' dir='ltr'>que</span> <span class='ocrx_word' id='word_1_15' title='bbox 229 414 271 440; x_wconf 90' lang='lat' dir='ltr'>se</span> <span class='ocrx_word' id='word_1_16' title='bbox 290 414 440 453; x_wconf 86' lang='lat' dir='ltr'>magno</span> <span class='ocrx_word' id='word_1_17' title='bbox 460 399 615 453; x_wconf 88' lang='lat' dir='ltr'>impetu</span> <span class='ocrx_word' id='word_1_18' title='bbox 628 399 826 439; x_wconf 84' lang='lat' dir='ltr'>Romanis</span> <span class='ocrx_word' id='word_1_19' title='bbox 847 398 967 439; x_wconf 86' lang='lat' dir='ltr'>vertit</span> <span class='ocrx_word' id='word_1_20' title='bbox 987 406 1113 452; x_wconf 82' lang='lat' dir='ltr'>terga.</span> <span class='ocrx_word' id='word_1_21' title='bbox 1165 398 1291 438; x_wconf 85' lang='lat' dir='ltr'>nihilo</span> <span class='ocrx_word' id='word_1_22' title='bbox 1317 397 1484 452; x_wconf 90' lang='lat' dir='ltr'>segnius</span> <span class='ocrx_word' id='word_1_23' title='bbox 1513 408 1554 438; x_wconf 91' lang='lat'>10</span> 
     </span>
     <span class='ocr_line' id='line_1_4' title="bbox 129 460 1488 515; baseline -0.002 -13"><span class='ocrx_word' id='word_1_24' title='bbox 129 461 319 502; x_wconf 89' lang='lat' dir='ltr'>cornibus</span> <span class='ocrx_word' id='word_1_25' title='bbox 346 461 545 515; x_wconf 89' lang='lat' dir='ltr'>proelium</span> <span class='ocrx_word' id='word_1_26' title='bbox 570 461 658 501; x_wconf 87' lang='lat' dir='ltr'>fuit.</span> <span class='ocrx_word' id='word_1_27' title='bbox 708 461 804 501; x_wconf 86' lang='lat' dir='ltr'>hinc</span> <span class='ocrx_word' id='word_1_28' title='bbox 827 460 1013 509; x_wconf 87' lang='lat' dir='ltr'>Poenus,</span> <span class='ocrx_word' id='word_1_29' title='bbox 1041 460 1136 500; x_wconf 87' lang='lat' dir='ltr'>hinc</span> <span class='ocrx_word' id='word_1_30' title='bbox 1153 460 1260 500; x_wconf 86' lang='lat' dir='ltr'>Afer</span> <span class='ocrx_word' id='word_1_31' title='bbox 1284 466 1420 514; x_wconf 85' lang='lat' dir='ltr'>urget,</span> <span class='ocrx_word' id='word_1_32' title='bbox 1447 466 1488 499; x_wconf 88' lang='lat' dir='ltr'>et</span> 
     </span>
     <span class='ocr_line' id='line_1_5' title="bbox 129 522 1551 576; baseline 0.001 -13"><span class='ocrx_word' id='word_1_33' title='bbox 129 523 241 563; x_wconf 87' lang='lat' dir='ltr'>velut</span> <span class='ocrx_word' id='word_1_34' title='bbox 267 523 307 562; x_wconf 90' lang='lat' dir='ltr'>in</span> <span class='ocrx_word' id='word_1_35' title='bbox 334 523 633 563; x_wconf 70' lang='lat' dir='ltr'>circumventos</span> <span class='ocrx_word' id='word_1_36' title='bbox 659 522 813 576; x_wconf 91' lang='lat' dir='ltr'>proelio</span> <span class='ocrx_word' id='word_1_37' title='bbox 839 522 1006 576; x_wconf 87' lang='lat' dir='ltr'>ancipiti</span> <span class='ocrx_word' id='word_1_38' title='bbox 1030 529 1227 576; x_wconf 81' lang='lat' dir='ltr'>pugnant.</span> <span class='ocrx_word' id='word_1_39' title='bbox 1289 522 1362 562; x_wconf 90' lang='lat' dir='ltr'>sed</span> <span class='ocrx_word' id='word_1_40' title='bbox 1393 535 1485 561; x_wconf 91' lang='lat' dir='ltr'>cum</span> <span class='ocrx_word' id='word_1_41' title='bbox 1514 535 1551 564; x_wconf 88' lang='lat'>11</span> 
     </span>
     <span class='ocr_line' id='line_1_6' title="bbox 128 583 1488 633; baseline -0.001 -8"><span class='ocrx_word' id='word_1_42' title='bbox 128 585 169 625; x_wconf 89' lang='lat' dir='ltr'>in</span> <span class='ocrx_word' id='word_1_43' title='bbox 194 585 375 624; x_wconf 89' lang='lat' dir='ltr'>medium</span> <span class='ocrx_word' id='word_1_44' title='bbox 400 591 484 624; x_wconf 88' lang='lat' dir='ltr'>tota</span> <span class='ocrx_word' id='word_1_45' title='bbox 507 585 589 624; x_wconf 88' lang='lat' dir='ltr'>iam</span> <span class='ocrx_word' id='word_1_46' title='bbox 615 585 763 625; x_wconf 86' lang='lat' dir='ltr'>coisset</span> <span class='ocrx_word' id='word_1_47' title='bbox 777 584 967 624; x_wconf 82' lang='lat' dir='ltr'>Romana</span> <span class='ocrx_word' id='word_1_48' title='bbox 992 584 1118 633; x_wconf 87' lang='lat' dir='ltr'>acies,</span> <span class='ocrx_word' id='word_1_49' title='bbox 1145 584 1243 624; x_wconf 88' lang='lat' dir='ltr'>satis</span> <span class='ocrx_word' id='word_1_50' title='bbox 1263 583 1410 623; x_wconf 81' lang='lat' dir='ltr'>virium</span> <span class='ocrx_word' id='word_1_51' title='bbox 1436 583 1488 623; x_wconf 87' lang='lat' dir='ltr'>ad</span> 
     </span>
     <span class='ocr_line' id='line_1_7' title="bbox 130 645 1553 699; baseline 0 -13"><span class='ocrx_word' id='word_1_52' title='bbox 130 647 375 686; x_wconf 68' lang='lat' dir='ltr'>dimovenda</span> <span class='ocrx_word' id='word_1_53' title='bbox 400 645 580 686; x_wconf 89' lang='lat' dir='ltr'>hostium</span> <span class='ocrx_word' id='word_1_54' title='bbox 606 661 758 686; x_wconf 88' lang='lat' dir='ltr'>cornua</span> <span class='ocrx_word' id='word_1_55' title='bbox 784 645 938 686; x_wconf 80' lang='lat' dir='ltr'>habuit.</span> <span class='ocrx_word' id='word_1_56' title='bbox 975 645 1032 686; x_wconf 86' lang='lat' dir='ltr'>ita</span> <span class='ocrx_word' id='word_1_57' title='bbox 1051 645 1132 686; x_wconf 91' lang='lat' dir='ltr'>duo</span> <span class='ocrx_word' id='word_1_58' title='bbox 1153 645 1315 686; x_wconf 73' lang='lat' dir='ltr'>diversa</span> <span class='ocrx_word' id='word_1_59' title='bbox 1333 645 1487 699; x_wconf 85' lang='lat' dir='ltr'>proelia</span> <span class='ocrx_word' id='word_1_60' title='bbox 1515 658 1553 687; x_wconf 85' lang='lat'>12</span> 
     </span>
     <span class='ocr_line' id='line_1_8' title="bbox 130 707 1488 761; baseline -0.001 -13"><span class='ocrx_word' id='word_1_61' title='bbox 130 716 256 749; x_wconf 80' lang='lat' dir='ltr'>erant.</span> <span class='ocrx_word' id='word_1_62' title='bbox 306 715 478 760; x_wconf 87' lang='lat' dir='ltr'>utroque</span> <span class='ocrx_word' id='word_1_63' title='bbox 505 708 699 757; x_wconf 82' lang='lat' dir='ltr'>Romani,</span> <span class='ocrx_word' id='word_1_64' title='bbox 732 715 776 748; x_wconf 91' lang='lat' dir='ltr'>ut</span> <span class='ocrx_word' id='word_1_65' title='bbox 801 708 870 760; x_wconf 88' lang='lat' dir='ltr'>qui</span> <span class='ocrx_word' id='word_1_66' title='bbox 895 707 1025 761; x_wconf 90' lang='lat' dir='ltr'>pulsis</span> <span class='ocrx_word' id='word_1_67' title='bbox 1050 707 1132 747; x_wconf 90' lang='lat' dir='ltr'>iam</span> <span class='ocrx_word' id='word_1_68' title='bbox 1158 714 1251 747; x_wconf 89' lang='lat' dir='ltr'>ante</span> <span class='ocrx_word' id='word_1_69' title='bbox 1276 707 1421 747; x_wconf 89' lang='lat' dir='ltr'>mediis</span> <span class='ocrx_word' id='word_1_70' title='bbox 1448 713 1488 747; x_wconf 91' lang='lat' dir='ltr'>et</span> 
     </span>
     <span class='ocr_line' id='line_1_9' title="bbox 130 769 1488 824; baseline -0.001 -13"><span class='ocrx_word' id='word_1_71' title='bbox 130 785 300 811; x_wconf 86' lang='lat' dir='ltr'>numero</span> <span class='ocrx_word' id='word_1_72' title='bbox 320 777 357 811; x_wconf 87' lang='lat' dir='ltr'>et</span> <span class='ocrx_word' id='word_1_73' title='bbox 376 770 521 810; x_wconf 83' lang='lat' dir='ltr'>robore</span> <span class='ocrx_word' id='word_1_74' title='bbox 541 771 720 811; x_wconf 68' lang='lat' dir='ltr'>virorum</span> <span class='ocrx_word' id='word_1_75' title='bbox 739 776 1004 824; x_wconf 78' lang='lat' dir='ltr'>praestarent,</span> <span class='ocrx_word' id='word_1_76' title='bbox 1025 769 1123 809; x_wconf 90' lang='lat' dir='ltr'>haut</span> <span class='ocrx_word' id='word_1_77' title='bbox 1144 770 1266 810; x_wconf 88' lang='lat' dir='ltr'>dubie</span> <span class='ocrx_word' id='word_1_78' title='bbox 1281 775 1488 823; x_wconf 86' lang='lat' dir='ltr'>superant.</span> 
     </span>
     <span class='ocr_line' id='line_1_10' title="bbox 130 831 1554 886; baseline 0.001 -15"><span class='ocrx_word' id='word_1_79' title='bbox 130 847 280 886; x_wconf 84' lang='lat' dir='ltr'>magna</span> <span class='ocrx_word' id='word_1_80' title='bbox 316 831 378 871; x_wconf 70' lang='lat' dir='ltr'>ris</span> <span class='ocrx_word' id='word_1_81' title='bbox 409 831 620 872; x_wconf 88' lang='lat' dir='ltr'>hominum</span> <span class='ocrx_word' id='word_1_82' title='bbox 651 832 708 872; x_wconf 89' lang='lat' dir='ltr'>ibi</span> <span class='ocrx_word' id='word_1_83' title='bbox 741 832 894 879; x_wconf 86' lang='lat' dir='ltr'>occisa,</span> <span class='ocrx_word' id='word_1_84' title='bbox 933 837 972 870; x_wconf 86' lang='lat' dir='ltr'>et</span> <span class='ocrx_word' id='word_1_85' title='bbox 1003 831 1082 871; x_wconf 90' lang='lat' dir='ltr'>nisi</span> <span class='ocrx_word' id='word_1_86' title='bbox 1106 831 1287 885; x_wconf 77' lang='lat' dir='ltr'>Hispani</span> <span class='ocrx_word' id='word_1_87' title='bbox 1318 831 1487 871; x_wconf 84' lang='lat' dir='ltr'>vixdum</span> <span class='ocrx_word' id='word_1_88' title='bbox 1516 844 1554 873; x_wconf 88' lang='grc'>13</span> 
     </span>
     <span class='ocr_line' id='line_1_11' title="bbox 130 893 1489 948; baseline -0.001 -14"><span class='ocrx_word' id='word_1_89' title='bbox 130 900 318 934; x_wconf 87' lang='lat' dir='ltr'>conserto</span> <span class='ocrx_word' id='word_1_90' title='bbox 350 894 507 948; x_wconf 88' lang='lat' dir='ltr'>proelio</span> <span class='ocrx_word' id='word_1_91' title='bbox 544 899 626 933; x_wconf 87' lang='lat' dir='ltr'>tam</span> <span class='ocrx_word' id='word_1_92' title='bbox 664 893 793 933; x_wconf 83' lang='lat' dir='ltr'>effuse</span> <span class='ocrx_word' id='word_1_93' title='bbox 829 893 1053 947; x_wconf 78' lang='lat' dir='ltr'>fugissent,</span> <span class='ocrx_word' id='word_1_94' title='bbox 1090 893 1286 946; x_wconf 81' lang='lat' dir='ltr'>perpauci</span> <span class='ocrx_word' id='word_1_95' title='bbox 1322 907 1373 932; x_wconf 82' lang='lat' dir='ltr'>ex</span> <span class='ocrx_word' id='word_1_96' title='bbox 1404 899 1489 943; x_wconf 85' lang='lat' dir='ltr'>tota</span> 
     </span>
     <span class='ocr_line' id='line_1_12' title="bbox 130 953 1556 1009; baseline 0.001 -14"><span class='ocrx_word' id='word_1_97' title='bbox 130 955 429 1009; x_wconf 83' lang='lat' dir='ltr'>superfuissent</span> <span class='ocrx_word' id='word_1_98' title='bbox 454 955 552 994; x_wconf 90' lang='lat' dir='ltr'>acie.</span> <span class='ocrx_word' id='word_1_99' title='bbox 613 954 813 1007; x_wconf 86' lang='lat' dir='ltr'>equestris</span> <span class='ocrx_word' id='word_1_100' title='bbox 838 968 978 1007; x_wconf 85' lang='lat' dir='ltr'>pugna</span> <span class='ocrx_word' id='word_1_101' title='bbox 1008 953 1120 993; x_wconf 88' lang='lat' dir='ltr'>nulla</span> <span class='ocrx_word' id='word_1_102' title='bbox 1150 954 1373 994; x_wconf 85' lang='lat' dir='ltr'>admodum</span> <span class='ocrx_word' id='word_1_103' title='bbox 1398 954 1487 1001; x_wconf 81' lang='lat' dir='ltr'>fuit,</span> <span class='ocrx_word' id='word_1_104' title='bbox 1518 967 1556 996; x_wconf 75' lang='grc'>14</span> 
     </span>
     <span class='ocr_line' id='line_1_13' title="bbox 129 1015 1488 1071; baseline -0.002 -14"><span class='ocrx_word' id='word_1_105' title='bbox 129 1018 240 1071; x_wconf 87' lang='lat' dir='ltr'>quia,</span> <span class='ocrx_word' id='word_1_106' title='bbox 274 1017 394 1056; x_wconf 88' lang='lat' dir='ltr'>simul</span> <span class='ocrx_word' id='word_1_107' title='bbox 419 1016 654 1057; x_wconf 77' lang='lat' dir='ltr'>inclinatam</span> <span class='ocrx_word' id='word_1_108' title='bbox 680 1015 858 1056; x_wconf 89' lang='lat' dir='ltr'>mediam</span> <span class='ocrx_word' id='word_1_109' title='bbox 884 1015 1014 1055; x_wconf 89' lang='lat' dir='ltr'>aciem</span> <span class='ocrx_word' id='word_1_110' title='bbox 1039 1015 1178 1054; x_wconf 86' lang='lat' dir='ltr'>Mauri</span> <span class='ocrx_word' id='word_1_111' title='bbox 1202 1015 1488 1067; x_wconf 82' lang='lat' dir='ltr'>Numidaeque</span> 
     </span>
     <span class='ocr_line' id='line_1_14' title="bbox 128 1075 1488 1134; baseline -0.002 -16"><span class='ocrx_word' id='word_1_112' title='bbox 128 1079 336 1125; x_wconf 79' lang='lat' dir='ltr'>viderunt,</span> <span class='ocrx_word' id='word_1_113' title='bbox 376 1077 580 1134; x_wconf 80' lang='lat' dir='ltr'>extemplo</span> <span class='ocrx_word' id='word_1_114' title='bbox 617 1077 719 1131; x_wconf 85' lang='lat' dir='ltr'>suga</span> <span class='ocrx_word' id='word_1_115' title='bbox 755 1077 888 1117; x_wconf 81' lang='lat' dir='ltr'>effusa</span> <span class='ocrx_word' id='word_1_116' title='bbox 924 1077 1034 1116; x_wconf 92' lang='lat' dir='ltr'>nuda</span> <span class='ocrx_word' id='word_1_117' title='bbox 1071 1091 1223 1116; x_wconf 90' lang='lat' dir='ltr'>cornua</span> <span class='ocrx_word' id='word_1_118' title='bbox 1259 1075 1488 1130; x_wconf 88' lang='lat' dir='ltr'>elephantis</span> 
     </span>
     <span class='ocr_line' id='line_1_15' title="bbox 127 1137 1555 1193; baseline 0 -14"><span class='ocrx_word' id='word_1_119' title='bbox 127 1153 291 1193; x_wconf 87' lang='lat' dir='ltr'>quoque</span> <span class='ocrx_word' id='word_1_120' title='bbox 322 1153 419 1192; x_wconf 86' lang='lat' dir='ltr'>prae</span> <span class='ocrx_word' id='word_1_121' title='bbox 452 1153 495 1179; x_wconf 90' lang='lat' dir='ltr'>se</span> <span class='ocrx_word' id='word_1_122' title='bbox 526 1138 627 1179; x_wconf 86' lang='lat' dir='ltr'>actis</span> <span class='ocrx_word' id='word_1_123' title='bbox 653 1139 881 1179; x_wconf 84' lang='lat' dir='ltr'>deseruere.</span> <span class='ocrx_word' id='word_1_124' title='bbox 943 1146 983 1178; x_wconf 92' lang='lat' dir='ltr'>et</span> <span class='ocrx_word' id='word_1_125' title='bbox 1007 1137 1249 1178; x_wconf 85' lang='lat' dir='ltr'>Hasdrubal</span> <span class='ocrx_word' id='word_1_126' title='bbox 1280 1152 1411 1190; x_wconf 88' lang='lat' dir='ltr'>usque</span> <span class='ocrx_word' id='word_1_127' title='bbox 1437 1137 1489 1177; x_wconf 88' lang='lat' dir='ltr'>ad</span> <span class='ocrx_word' id='word_1_128' title='bbox 1516 1150 1555 1180; x_wconf 86' lang='lat'>15</span> 
     </span>
     <span class='ocr_line' id='line_1_16' title="bbox 128 1200 1487 1255; baseline -0.001 -14"><span class='ocrx_word' id='word_1_129' title='bbox 128 1200 316 1241; x_wconf 80' lang='lat' dir='ltr'>ultimum</span> <span class='ocrx_word' id='word_1_130' title='bbox 353 1207 545 1240; x_wconf 81' lang='lat' dir='ltr'>eventum</span> <span class='ocrx_word' id='word_1_131' title='bbox 581 1215 746 1255; x_wconf 81' lang='lat' dir='ltr'>pugnae</span> <span class='ocrx_word' id='word_1_132' title='bbox 782 1207 964 1241; x_wconf 89' lang='lat' dir='ltr'>moratus</span> <span class='ocrx_word' id='word_1_133' title='bbox 1002 1215 1024 1241; x_wconf 92' lang='lat' dir='ltr'>e</span> <span class='ocrx_word' id='word_1_134' title='bbox 1060 1200 1194 1240; x_wconf 87' lang='lat' dir='ltr'>media</span> <span class='ocrx_word' id='word_1_135' title='bbox 1232 1200 1357 1240; x_wconf 90' lang='lat' dir='ltr'>caede</span> <span class='ocrx_word' id='word_1_136' title='bbox 1394 1214 1487 1240; x_wconf 89' lang='lat' dir='ltr'>cum</span> 
     </span>
     <span class='ocr_line' id='line_1_17' title="bbox 127 1261 1401 1317; baseline -0.002 -14"><span class='ocrx_word' id='word_1_137' title='bbox 127 1263 268 1317; x_wconf 82' lang='lat' dir='ltr'>paucis</span> <span class='ocrx_word' id='word_1_138' title='bbox 296 1261 453 1316; x_wconf 86' lang='lat' dir='ltr'>effugit.</span> <span class='ocrx_word' id='word_1_139' title='bbox 504 1270 638 1303; x_wconf 85' lang='lat' dir='ltr'>castra</span> <span class='ocrx_word' id='word_1_140' title='bbox 662 1263 840 1303; x_wconf 81' lang='lat' dir='ltr'>Romani</span> <span class='ocrx_word' id='word_1_141' title='bbox 866 1277 1010 1316; x_wconf 83' lang='lat' dir='ltr'>cepere</span> <span class='ocrx_word' id='word_1_142' title='bbox 1036 1269 1159 1314; x_wconf 89' lang='lat' dir='ltr'>atque</span> <span class='ocrx_word' id='word_1_143' title='bbox 1185 1261 1401 1316; x_wconf 84' lang='lat' dir='ltr'>diripuere.</span> 
     </span>
    </p>

    <p class='ocr_par' dir='ltr' id='par_1_3' title="bbox 128 1323 1555 1677">
     <span class='ocr_line' id='line_1_18' title="bbox 212 1323 1555 1378; baseline 0.001 -14"><span class='ocrx_word' id='word_1_144' title='bbox 212 1324 278 1364; x_wconf 89' lang='lat' dir='ltr'>Ea</span> <span class='ocrx_word' id='word_1_145' title='bbox 301 1339 458 1378; x_wconf 85' lang='lat' dir='ltr'>pugna,</span> <span class='ocrx_word' id='word_1_146' title='bbox 498 1324 532 1364; x_wconf 87' lang='lat' dir='ltr'>si</span> <span class='ocrx_word' id='word_1_147' title='bbox 558 1339 639 1377; x_wconf 87' lang='lat' dir='ltr'>qua</span> <span class='ocrx_word' id='word_1_148' title='bbox 663 1324 789 1365; x_wconf 84' lang='lat' dir='ltr'>dubia</span> <span class='ocrx_word' id='word_1_149' title='bbox 813 1325 855 1364; x_wconf 88' lang='lat' dir='ltr'>in</span> <span class='ocrx_word' id='word_1_150' title='bbox 880 1324 1086 1378; x_wconf 81' lang='lat' dir='ltr'>Hispania</span> <span class='ocrx_word' id='word_1_151' title='bbox 1118 1330 1250 1372; x_wconf 83' lang='lat' dir='ltr'>erant,</span> <span class='ocrx_word' id='word_1_152' title='bbox 1288 1323 1486 1364; x_wconf 85' lang='lat' dir='ltr'>Romanis</span> <span class='ocrx_word' id='word_1_153' title='bbox 1517 1337 1555 1366; x_wconf 86' lang='lat'>16</span> 
     </span>
     <span class='ocr_line' id='line_1_19' title="bbox 128 1385 1489 1439; baseline -0.001 -13"><span class='ocrx_word' id='word_1_154' title='bbox 128 1386 331 1435; x_wconf 82' lang='lat' dir='ltr'>adiunxit,</span> <span class='ocrx_word' id='word_1_155' title='bbox 368 1385 706 1439; x_wconf 80' lang='lat' dir='ltr'>Hasdrubalique</span> <span class='ocrx_word' id='word_1_156' title='bbox 735 1401 818 1427; x_wconf 90' lang='lat' dir='ltr'>non</span> <span class='ocrx_word' id='word_1_157' title='bbox 843 1387 964 1427; x_wconf 90' lang='lat' dir='ltr'>modo</span> <span class='ocrx_word' id='word_1_158' title='bbox 995 1386 1036 1426; x_wconf 92' lang='lat' dir='ltr'>in</span> <span class='ocrx_word' id='word_1_159' title='bbox 1061 1385 1223 1426; x_wconf 85' lang='lat' dir='ltr'>Italiam</span> <span class='ocrx_word' id='word_1_160' title='bbox 1249 1385 1489 1426; x_wconf 79' lang='lat' dir='ltr'>traducendi</span> 
     </span>
     <span class='ocr_line' id='line_1_20' title="bbox 129 1448 1491 1502; baseline 0 -14"><span class='ocrx_word' id='word_1_161' title='bbox 129 1449 350 1497; x_wconf 78' lang='lat' dir='ltr'>exercitus,</span> <span class='ocrx_word' id='word_1_162' title='bbox 389 1449 461 1489; x_wconf 89' lang='lat' dir='ltr'>sed</span> <span class='ocrx_word' id='word_1_163' title='bbox 486 1463 536 1489; x_wconf 91' lang='lat' dir='ltr'>ne</span> <span class='ocrx_word' id='word_1_164' title='bbox 562 1448 754 1489; x_wconf 88' lang='lat' dir='ltr'>manendi</span> <span class='ocrx_word' id='word_1_165' title='bbox 778 1449 944 1502; x_wconf 86' lang='lat' dir='ltr'>quidem</span> <span class='ocrx_word' id='word_1_166' title='bbox 976 1448 1074 1489; x_wconf 87' lang='lat' dir='ltr'>satis</span> <span class='ocrx_word' id='word_1_167' title='bbox 1101 1455 1186 1489; x_wconf 86' lang='lat' dir='ltr'>tuto</span> <span class='ocrx_word' id='word_1_168' title='bbox 1218 1449 1260 1488; x_wconf 92' lang='lat' dir='ltr'>in</span> <span class='ocrx_word' id='word_1_169' title='bbox 1284 1448 1491 1502; x_wconf 76' lang='lat' dir='ltr'>Hispania</span> 
     </span>
     <span class='ocr_line' id='line_1_21' title="bbox 131 1510 1554 1566; baseline 0 -14"><span class='ocrx_word' id='word_1_170' title='bbox 131 1526 246 1566; x_wconf 88' lang='lat' dir='ltr'>spem</span> <span class='ocrx_word' id='word_1_171' title='bbox 292 1511 523 1564; x_wconf 84' lang='lat' dir='ltr'>reliquerat.</span> <span class='ocrx_word' id='word_1_172' title='bbox 595 1526 700 1564; x_wconf 85' lang='lat' dir='ltr'>quae</span> <span class='ocrx_word' id='word_1_173' title='bbox 747 1521 1018 1565; x_wconf 84' lang='lat' dir='ltr'>posteaquam</span> <span class='ocrx_word' id='word_1_174' title='bbox 1065 1511 1208 1551; x_wconf 88' lang='lat' dir='ltr'>litteris</span> <span class='ocrx_word' id='word_1_175' title='bbox 1248 1510 1488 1565; x_wconf 84' lang='lat' dir='ltr'>Scipionum</span> <span class='ocrx_word' id='word_1_176' title='bbox 1518 1525 1554 1552; x_wconf 84' lang='lat'>17</span> 
     </span>
     <span class='ocr_line' id='line_1_22' title="bbox 129 1572 1489 1628; baseline -0.001 -14"><span class='ocrx_word' id='word_1_177' title='bbox 129 1574 286 1614; x_wconf 82' lang='lat' dir='ltr'>Romae</span> <span class='ocrx_word' id='word_1_178' title='bbox 322 1573 487 1628; x_wconf 84' lang='lat' dir='ltr'>volgata</span> <span class='ocrx_word' id='word_1_179' title='bbox 523 1584 635 1621; x_wconf 85' lang='lat' dir='ltr'>sunt,</span> <span class='ocrx_word' id='word_1_180' title='bbox 680 1588 763 1613; x_wconf 89' lang='lat' dir='ltr'>non</span> <span class='ocrx_word' id='word_1_181' title='bbox 799 1580 882 1613; x_wconf 88' lang='lat' dir='ltr'>tam</span> <span class='ocrx_word' id='word_1_182' title='bbox 918 1573 1088 1614; x_wconf 76' lang='lat' dir='ltr'>victoria</span> <span class='ocrx_word' id='word_1_183' title='bbox 1124 1587 1248 1626; x_wconf 87' lang='lat' dir='ltr'>quam</span> <span class='ocrx_word' id='word_1_184' title='bbox 1283 1572 1489 1627; x_wconf 87' lang='lat' dir='ltr'>prohibito</span> 
     </span>
     <span class='ocr_line' id='line_1_23' title="bbox 130 1634 1156 1677; baseline -0.002 -1"><span class='ocrx_word' id='word_1_185' title='bbox 130 1634 407 1676; x_wconf 84' lang='lat' dir='ltr'>Hasdrubalis</span> <span class='ocrx_word' id='word_1_186' title='bbox 432 1635 474 1674; x_wconf 91' lang='lat' dir='ltr'>in</span> <span class='ocrx_word' id='word_1_187' title='bbox 499 1634 661 1677; x_wconf 86' lang='lat' dir='ltr'>Italiam</span> <span class='ocrx_word' id='word_1_188' title='bbox 688 1635 861 1675; x_wconf 86' lang='lat' dir='ltr'>transitu</span> <span class='ocrx_word' id='word_1_189' title='bbox 886 1634 1156 1675; x_wconf 87' lang='lat' dir='ltr'>laetabantur.</span> 
     </span>
    </p>

    <p class='ocr_par' dir='ltr' id='par_1_4' title="bbox 128 1696 1534 2739">
     <span class='ocr_line' id='line_1_24' title="bbox 214 1696 1530 1751; baseline 0 -14"><span class='ocrx_word' id='word_1_190' title='bbox 214 1697 370 1737; x_wconf 86' lang='lat' dir='ltr'>XXX.</span> <span class='ocrx_word' id='word_1_191' title='bbox 430 1697 546 1737; x_wconf 90' lang='lat' dir='ltr'>Dum</span> <span class='ocrx_word' id='word_1_192' title='bbox 571 1697 672 1737; x_wconf 85' lang='lat' dir='ltr'>haee</span> <span class='ocrx_word' id='word_1_193' title='bbox 702 1697 745 1737; x_wconf 90' lang='lat' dir='ltr'>in</span> <span class='ocrx_word' id='word_1_194' title='bbox 769 1697 976 1751; x_wconf 86' lang='lat' dir='ltr'>Hispania</span> <span class='ocrx_word' id='word_1_195' title='bbox 1005 1703 1221 1751; x_wconf 85' lang='lat' dir='ltr'>geruntur,</span> <span class='ocrx_word' id='word_1_196' title='bbox 1258 1696 1417 1737; x_wconf 88' lang='lat' dir='ltr'>Petelia</span> <span class='ocrx_word' id='word_1_197' title='bbox 1446 1696 1488 1736; x_wconf 89' lang='lat' dir='ltr'>in</span> <span class='ocrx_word' id='word_1_198' title='bbox 1517 1710 1530 1737; x_wconf 92' lang='lat'>1</span> 
     </span>
     <span class='ocr_line' id='line_1_25' title="bbox 130 1758 1490 1813; baseline -0.001 -14"><span class='ocrx_word' id='word_1_199' title='bbox 130 1760 302 1800; x_wconf 88' lang='lat' dir='ltr'>Bruttiis</span> <span class='ocrx_word' id='word_1_200' title='bbox 339 1759 494 1812; x_wconf 85' lang='lat' dir='ltr'>aliquot</span> <span class='ocrx_word' id='word_1_201' title='bbox 530 1765 624 1813; x_wconf 88' lang='lat' dir='ltr'>post</span> <span class='ocrx_word' id='word_1_202' title='bbox 664 1758 876 1799; x_wconf 89' lang='lat' dir='ltr'>mensibus</span> <span class='ocrx_word' id='word_1_203' title='bbox 913 1773 1036 1811; x_wconf 88' lang='lat' dir='ltr'>quam</span> <span class='ocrx_word' id='word_1_204' title='bbox 1074 1766 1218 1812; x_wconf 84' lang='lat' dir='ltr'>coepta</span> <span class='ocrx_word' id='word_1_205' title='bbox 1259 1758 1490 1812; x_wconf 83' lang='lat' dir='ltr'>oppugnari</span> 
     </span>
     <span class='ocr_line' id='line_1_26' title="bbox 130 1820 1487 1874; baseline -0.001 -12"><span class='ocrx_word' id='word_1_206' title='bbox 130 1828 215 1862; x_wconf 89' lang='lat' dir='ltr'>erat</span> <span class='ocrx_word' id='word_1_207' title='bbox 251 1821 302 1861; x_wconf 87' lang='lat' dir='ltr'>ab</span> <span class='ocrx_word' id='word_1_208' title='bbox 339 1821 576 1861; x_wconf 90' lang='lat' dir='ltr'>Himilcone</span> <span class='ocrx_word' id='word_1_209' title='bbox 618 1820 826 1874; x_wconf 87' lang='lat' dir='ltr'>praefecto</span> <span class='ocrx_word' id='word_1_210' title='bbox 852 1820 1100 1861; x_wconf 87' lang='lat' dir='ltr'>Hannibalis</span> <span class='ocrx_word' id='word_1_211' title='bbox 1139 1828 1376 1874; x_wconf 79' lang='lat' dir='ltr'>expugnata</span> <span class='ocrx_word' id='word_1_212' title='bbox 1412 1826 1487 1860; x_wconf 86' lang='lat' dir='ltr'>est.</span> 
     </span>
     <span class='ocr_line' id='line_1_27' title="bbox 130 1881 1533 1937; baseline 0 -14"><span class='ocrx_word' id='word_1_213' title='bbox 130 1883 257 1924; x_wconf 87' lang='lat' dir='ltr'>multo</span> <span class='ocrx_word' id='word_1_214' title='bbox 283 1882 482 1937; x_wconf 87' lang='lat' dir='ltr'>sanguine</span> <span class='ocrx_word' id='word_1_215' title='bbox 508 1896 556 1922; x_wconf 86' lang='lat' dir='ltr'>ac</span> <span class='ocrx_word' id='word_1_216' title='bbox 583 1882 816 1923; x_wconf 84' lang='lat' dir='ltr'>volneribus</span> <span class='ocrx_word' id='word_1_217' title='bbox 842 1896 890 1922; x_wconf 88' lang='lat' dir='ltr'>ea</span> <span class='ocrx_word' id='word_1_218' title='bbox 903 1882 1055 1922; x_wconf 86' lang='lat' dir='ltr'>Poenis</span> <span class='ocrx_word' id='word_1_219' title='bbox 1082 1882 1251 1922; x_wconf 81' lang='lat' dir='ltr'>victoria</span> <span class='ocrx_word' id='word_1_220' title='bbox 1277 1881 1388 1922; x_wconf 89' lang='lat' dir='ltr'>stetit</span> <span class='ocrx_word' id='word_1_221' title='bbox 1412 1895 1488 1921; x_wconf 90' lang='grc'><strong>1166</strong></span> <span class='ocrx_word' id='word_1_222' title='bbox 1515 1894 1533 1923; x_wconf 84' lang='lat'><strong>2</strong></span> 
     </span>
     <span class='ocr_line' id='line_1_28' title="bbox 130 1942 1533 1999; baseline 0 -14"><span class='ocrx_word' id='word_1_223' title='bbox 130 1945 212 1985; x_wconf 87' lang='lat' dir='ltr'>ulla</span> <span class='ocrx_word' id='word_1_224' title='bbox 232 1945 364 1999; x_wconf 87' lang='lat' dir='ltr'>magis</span> <span class='ocrx_word' id='word_1_225' title='bbox 380 1944 440 1984; x_wconf 77' lang='lat' dir='ltr'>vis</span> <span class='ocrx_word' id='word_1_226' title='bbox 462 1944 655 1985; x_wconf 87' lang='lat' dir='ltr'>obsessos</span> <span class='ocrx_word' id='word_1_227' title='bbox 670 1959 793 1997; x_wconf 87' lang='lat' dir='ltr'>quam</span> <span class='ocrx_word' id='word_1_228' title='bbox 814 1944 945 1984; x_wconf 87' lang='lat' dir='ltr'>fames</span> <span class='ocrx_word' id='word_1_229' title='bbox 965 1943 1230 1998; x_wconf 85' lang='lat' dir='ltr'>expugnavit.</span> <span class='ocrx_word' id='word_1_230' title='bbox 1258 1942 1488 1996; x_wconf 83' lang='lat' dir='ltr'>absumptis</span> <span class='ocrx_word' id='word_1_231' title='bbox 1515 1956 1533 1985; x_wconf 87' lang='lat'><strong>3</strong></span> 
     </span>
     <span class='ocr_line' id='line_1_29' title="bbox 130 2005 1490 2060; baseline -0.001 -15"><span class='ocrx_word' id='word_1_232' title='bbox 130 2006 238 2046; x_wconf 91' lang='lat' dir='ltr'>enim</span> <span class='ocrx_word' id='word_1_233' title='bbox 270 2006 438 2060; x_wconf 86' lang='lat' dir='ltr'>frugum</span> <span class='ocrx_word' id='word_1_234' title='bbox 471 2006 673 2046; x_wconf 83' lang='lat' dir='ltr'>alimentis</span> <span class='ocrx_word' id='word_1_235' title='bbox 706 2006 922 2058; x_wconf 86' lang='lat' dir='ltr'>carnisque</span> <span class='ocrx_word' id='word_1_236' title='bbox 955 2005 1086 2046; x_wconf 89' lang='lat' dir='ltr'>omnis</span> <span class='ocrx_word' id='word_1_237' title='bbox 1118 2005 1279 2060; x_wconf 86' lang='lat' dir='ltr'>generis</span> <span class='ocrx_word' id='word_1_238' title='bbox 1311 2005 1490 2058; x_wconf 82' lang='lat' dir='ltr'>quadru-</span> 
     </span>
     <span class='ocr_line' id='line_1_30' title="bbox 130 2066 1490 2122; baseline -0.001 -15"><span class='ocrx_word' id='word_1_239' title='bbox 130 2067 282 2121; x_wconf 87' lang='lat' dir='ltr'>pedum</span> <span class='ocrx_word' id='word_1_240' title='bbox 308 2075 447 2108; x_wconf 86' lang='lat' dir='ltr'>suetae</span> <span class='ocrx_word' id='word_1_241' title='bbox 475 2066 800 2122; x_wconf 83' lang='lat' dir='ltr'>[insuetae]que‚</span> <span class='ocrx_word' id='word_1_242' title='bbox 827 2075 1034 2121; x_wconf 86' lang='lat' dir='ltr'>postremo</span> <span class='ocrx_word' id='word_1_243' title='bbox 1059 2067 1178 2107; x_wconf 89' lang='lat' dir='ltr'>coriis</span> <span class='ocrx_word' id='word_1_244' title='bbox 1204 2066 1424 2118; x_wconf 84' lang='lat' dir='ltr'>herbisque</span> <span class='ocrx_word' id='word_1_245' title='bbox 1450 2073 1490 2105; x_wconf 86' lang='lat' dir='ltr'>et</span> 
     </span>
     <span class='ocr_line' id='line_1_31' title="bbox 130 2128 1534 2181; baseline -0.001 -12"><span class='ocrx_word' id='word_1_246' title='bbox 130 2128 336 2169; x_wconf 89' lang='lat' dir='ltr'>radicibus</span> <span class='ocrx_word' id='word_1_247' title='bbox 363 2136 402 2169; x_wconf 88' lang='grc'>61</span> <span class='ocrx_word' id='word_1_248' title='bbox 427 2128 645 2169; x_wconf 85' lang='lat' dir='ltr'>corticibus</span> <span class='ocrx_word' id='word_1_249' title='bbox 672 2129 820 2169; x_wconf 89' lang='lat' dir='ltr'>teneris</span> <span class='ocrx_word' id='word_1_250' title='bbox 853 2128 1084 2181; x_wconf 81' lang='lat' dir='ltr'>strictisque</span> <span class='ocrx_word' id='word_1_251' title='bbox 1115 2128 1224 2168; x_wconf 88' lang='lat' dir='ltr'>foliis</span> <span class='ocrx_word' id='word_1_252' title='bbox 1250 2128 1388 2168; x_wconf 81' lang='lat' dir='ltr'>vixere</span> <span class='ocrx_word' id='word_1_253' title='bbox 1412 2141 1489 2167; x_wconf 90' lang='grc'><strong>1166</strong></span> <span class='ocrx_word' id='word_1_254' title='bbox 1515 2140 1534 2168; x_wconf 85' lang='grc'>4</span> 
     </span>
     <span class='ocr_line' id='line_1_32' title="bbox 131 2189 1490 2243; baseline -0.001 -13"><span class='ocrx_word' id='word_1_255' title='bbox 131 2197 242 2239; x_wconf 87' lang='lat' dir='ltr'>aute,</span> <span class='ocrx_word' id='word_1_256' title='bbox 280 2204 404 2243; x_wconf 85' lang='lat' dir='ltr'>quam</span> <span class='ocrx_word' id='word_1_257' title='bbox 434 2190 540 2230; x_wconf 86' lang='lat' dir='ltr'>vires</span> <span class='ocrx_word' id='word_1_258' title='bbox 572 2191 625 2230; x_wconf 88' lang='lat' dir='ltr'>ad</span> <span class='ocrx_word' id='word_1_259' title='bbox 658 2190 849 2230; x_wconf 88' lang='lat' dir='ltr'>standum</span> <span class='ocrx_word' id='word_1_260' title='bbox 879 2190 920 2229; x_wconf 92' lang='grc'>111</span> <span class='ocrx_word' id='word_1_261' title='bbox 946 2190 1073 2230; x_wconf 91' lang='lat' dir='ltr'>muris</span> <span class='ocrx_word' id='word_1_262' title='bbox 1100 2189 1350 2242; x_wconf 86' lang='lat' dir='ltr'>ferendaque</span> <span class='ocrx_word' id='word_1_263' title='bbox 1376 2204 1490 2229; x_wconf 87' lang='lat' dir='ltr'>arma</span> 
     </span>
     <span class='ocr_line' id='line_1_33' title="bbox 131 2249 1534 2306; baseline 0.001 -14"><span class='ocrx_word' id='word_1_264' title='bbox 131 2251 316 2300; x_wconf 81' lang='lat' dir='ltr'>deerant,</span> <span class='ocrx_word' id='word_1_265' title='bbox 345 2252 568 2306; x_wconf 81' lang='lat' dir='ltr'>expugnati</span> <span class='ocrx_word' id='word_1_266' title='bbox 595 2259 701 2292; x_wconf 91' lang='lat' dir='ltr'>sunt.</span> <span class='ocrx_word' id='word_1_267' title='bbox 751 2258 916 2305; x_wconf 88' lang='lat' dir='ltr'>recepta</span> <span class='ocrx_word' id='word_1_268' title='bbox 934 2251 1093 2292; x_wconf 85' lang='lat' dir='ltr'>Petelia</span> <span class='ocrx_word' id='word_1_269' title='bbox 1111 2251 1278 2291; x_wconf 88' lang='lat' dir='ltr'>Poenus</span> <span class='ocrx_word' id='word_1_270' title='bbox 1305 2251 1357 2291; x_wconf 90' lang='lat' dir='ltr'>ad</span> <span class='ocrx_word' id='word_1_271' title='bbox 1379 2249 1489 2292; x_wconf 89' lang='lat' dir='ltr'>Con-</span> <span class='ocrx_word' id='word_1_272' title='bbox 1515 2264 1534 2294; x_wconf 82' lang='lat'>5</span> 
     </span>
     <span class='ocr_line' id='line_1_34' title="bbox 133 2312 1489 2367; baseline -0.001 -13"><span class='ocrx_word' id='word_1_273' title='bbox 133 2313 306 2354; x_wconf 88' lang='lat' dir='ltr'>sentiam</span> <span class='ocrx_word' id='word_1_274' title='bbox 326 2314 465 2367; x_wconf 89' lang='lat' dir='ltr'>copias</span> <span class='ocrx_word' id='word_1_275' title='bbox 486 2313 673 2362; x_wconf 81' lang='lat' dir='ltr'>traducit,</span> <span class='ocrx_word' id='word_1_276' title='bbox 694 2328 818 2366; x_wconf 86' lang='lat' dir='ltr'>quam</span> <span class='ocrx_word' id='word_1_277' title='bbox 839 2313 975 2353; x_wconf 89' lang='lat' dir='ltr'>minus</span> <span class='ocrx_word' id='word_1_278' title='bbox 995 2313 1255 2367; x_wconf 85' lang='lat' dir='ltr'>pertinaciter</span> <span class='ocrx_word' id='word_1_279' title='bbox 1273 2312 1489 2353; x_wconf 87' lang='lat' dir='ltr'>defensam</span> 
     </span>
     <span class='ocr_line' id='line_1_35' title="bbox 131 2375 1534 2429; baseline 0.001 -14"><span class='ocrx_word' id='word_1_280' title='bbox 131 2375 236 2415; x_wconf 86' lang='lat' dir='ltr'>intra</span> <span class='ocrx_word' id='word_1_281' title='bbox 261 2390 414 2429; x_wconf 85' lang='lat' dir='ltr'>paucos</span> <span class='ocrx_word' id='word_1_282' title='bbox 440 2375 527 2416; x_wconf 88' lang='lat' dir='ltr'>dies</span> <span class='ocrx_word' id='word_1_283' title='bbox 553 2375 593 2416; x_wconf 89' lang='grc'>111</span> <span class='ocrx_word' id='word_1_284' title='bbox 620 2375 867 2416; x_wconf 83' lang='grc'><strong>(16(11110116111</strong></span> <span class='ocrx_word' id='word_1_285' title='bbox 894 2375 1063 2429; x_wconf 86' lang='lat' dir='ltr'>accepit.</span> <span class='ocrx_word' id='word_1_286' title='bbox 1105 2375 1238 2415; x_wconf 75' lang='lat' dir='ltr'>isdem</span> <span class='ocrx_word' id='word_1_287' title='bbox 1257 2375 1386 2415; x_wconf 81' lang='lat' dir='ltr'>ferme</span> <span class='ocrx_word' id='word_1_288' title='bbox 1406 2375 1490 2414; x_wconf 87' lang='lat' dir='ltr'>die—</span> <span class='ocrx_word' id='word_1_289' title='bbox 1516 2388 1534 2417; x_wconf 86' lang='lat'>6</span> 
     </span>
     <span class='ocr_line' id='line_1_36' title="bbox 131 2435 1489 2478; baseline -0.001 -1"><span class='ocrx_word' id='word_1_290' title='bbox 131 2436 207 2477; x_wconf 91' lang='lat' dir='ltr'>bus</span> <span class='ocrx_word' id='word_1_291' title='bbox 246 2447 285 2477; x_wconf 88' lang='lat' dir='ltr'>ct</span> <span class='ocrx_word' id='word_1_292' title='bbox 320 2437 575 2478; x_wconf 84' lang='lat' dir='ltr'>Bruttiorum</span> <span class='ocrx_word' id='word_1_293' title='bbox 612 2438 814 2478; x_wconf 78' lang='lat' dir='ltr'>exereitus</span> <span class='ocrx_word' id='word_1_294' title='bbox 848 2436 1072 2478; x_wconf 85' lang='lat' dir='ltr'>Crotonem</span> <span class='ocrx_word' id='word_1_295' title='bbox 1105 2435 1309 2477; x_wconf 83' lang='lat' dir='ltr'>Graecam</span> <span class='ocrx_word' id='word_1_296' title='bbox 1345 2435 1489 2477; x_wconf 91' lang='lat' dir='ltr'>urbem</span> 
     </span>
     <span class='ocr_line' id='line_1_37' title="bbox 131 2498 1490 2553; baseline -0.001 -14"><span class='ocrx_word' id='word_1_297' title='bbox 131 2499 410 2548; x_wconf 86' lang='lat' dir='ltr'>circumsedit,</span> <span class='ocrx_word' id='word_1_298' title='bbox 437 2498 673 2553; x_wconf 87' lang='lat' dir='ltr'>opulentam</span> <span class='ocrx_word' id='word_1_299' title='bbox 693 2499 901 2552; x_wconf 89' lang='lat' dir='ltr'>quondam</span> <span class='ocrx_word' id='word_1_300' title='bbox 920 2499 1043 2539; x_wconf 89' lang='lat' dir='ltr'>armis</span> <span class='ocrx_word' id='word_1_301' title='bbox 1069 2499 1269 2551; x_wconf 83' lang='lat' dir='ltr'>virisque,</span> <span class='ocrx_word' id='word_1_302' title='bbox 1296 2505 1384 2538; x_wconf 91' lang='lat' dir='ltr'>tum</span> <span class='ocrx_word' id='word_1_303' title='bbox 1407 2499 1490 2539; x_wconf 83' lang='lat' dir='ltr'>iarn</span> 
     </span>
     <span class='ocr_line' id='line_1_38' title="bbox 130 2560 1490 2616; baseline -0.001 -15"><span class='ocrx_word' id='word_1_304' title='bbox 130 2561 232 2601; x_wconf 88' lang='lat' dir='ltr'>adeo</span> <span class='ocrx_word' id='word_1_305' title='bbox 258 2561 395 2601; x_wconf 88' lang='lat' dir='ltr'>multis</span> <span class='ocrx_word' id='word_1_306' title='bbox 427 2561 671 2616; x_wconf 82' lang='lat' dir='ltr'>magnisque</span> <span class='ocrx_word' id='word_1_307' title='bbox 703 2560 888 2601; x_wconf 86' lang='lat' dir='ltr'>cladibus</span> <span class='ocrx_word' id='word_1_308' title='bbox 920 2561 1145 2609; x_wconf 84' lang='lat' dir='ltr'>adflictam,</span> <span class='ocrx_word' id='word_1_309' title='bbox 1183 2569 1228 2600; x_wconf 88' lang='lat' dir='ltr'>ut</span> <span class='ocrx_word' id='word_1_310' title='bbox 1259 2560 1391 2601; x_wconf 92' lang='lat' dir='ltr'>omnis</span> <span class='ocrx_word' id='word_1_311' title='bbox 1423 2575 1490 2601; x_wconf 88' lang='lat' dir='ltr'>ae-</span> 
     </span>
     <span class='ocr_line' id='line_1_39' title="bbox 128 2622 1531 2677; baseline 0.001 -15"><span class='ocrx_word' id='word_1_312' title='bbox 128 2623 222 2663; x_wconf 86' lang='lat' dir='ltr'>tatis</span> <span class='ocrx_word' id='word_1_313' title='bbox 249 2623 382 2663; x_wconf 87' lang='lat' dir='ltr'>minus</span> <span class='ocrx_word' id='word_1_314' title='bbox 409 2623 490 2663; x_wconf 86' lang='lat' dir='ltr'>duo</span> <span class='ocrx_word' id='word_1_315' title='bbox 516 2623 627 2663; x_wconf 85' lang='lat' dir='ltr'>milia</span> <span class='ocrx_word' id='word_1_316' title='bbox 652 2623 803 2663; x_wconf 82' lang='lat' dir='ltr'>civium</span> <span class='ocrx_word' id='word_1_317' title='bbox 835 2631 1110 2677; x_wconf 84' lang='lat' dir='ltr'>superessent.</span> <span class='ocrx_word' id='word_1_318' title='bbox 1171 2623 1309 2675; x_wconf 88' lang='lat' dir='ltr'>itaque</span> <span class='ocrx_word' id='word_1_319' title='bbox 1340 2622 1440 2663; x_wconf 82' lang='lat' dir='ltr'>urbe</span> <span class='ocrx_word' id='word_1_320' title='bbox 1466 2638 1490 2663; x_wconf 85' lang='lat' dir='ltr'>a</span> <span class='ocrx_word' id='word_1_321' title='bbox 1516 2637 1531 2666; x_wconf 87' lang='lat'><em>7</em></span> 
     </span>
     <span class='ocr_line' id='line_1_40' title="bbox 130 2685 1486 2739; baseline -0.001 -14"><span class='ocrx_word' id='word_1_322' title='bbox 130 2685 416 2726; x_wconf 85' lang='lat' dir='ltr'>defensoribus</span> <span class='ocrx_word' id='word_1_323' title='bbox 442 2692 560 2726; x_wconf 78' lang='lat' dir='ltr'>vasta</span> <span class='ocrx_word' id='word_1_324' title='bbox 591 2685 711 2726; x_wconf 85' lang='lat' dir='ltr'>facile</span> <span class='ocrx_word' id='word_1_325' title='bbox 741 2685 858 2739; x_wconf 89' lang='lat' dir='ltr'>potiti</span> <span class='ocrx_word' id='word_1_326' title='bbox 889 2685 1030 2726; x_wconf 89' lang='lat' dir='ltr'>hostes</span> <span class='ocrx_word' id='word_1_327' title='bbox 1063 2692 1177 2735; x_wconf 87' lang='lat' dir='ltr'>sunt,</span> <span class='ocrx_word' id='word_1_328' title='bbox 1226 2701 1299 2726; x_wconf 80' lang='lat' dir='ltr'>arx</span> <span class='ocrx_word' id='word_1_329' title='bbox 1329 2692 1486 2725; x_wconf 88' lang='lat' dir='ltr'>tantum</span> 
     </span>
    </p>
   </div>
  </div>
 </body>
</html>
