1815 3184
518 232 671 266 LIBER
695 231 865 275 xXnn,
892 232 923 265 6.
944 231 975 266 τ.
1004 229 1201 275 [a.o.215]
1452 222 1529 263 171

175 336 383 377 levitatem
409 349 455 376 ac
480 335 741 376 iactationem
761 334 885 376 animi
904 349 1036 388 neque
1055 333 1308 375 mirabantur
1325 334 1368 374 in
1384 334 1533 375 iuvene

176 398 331 438 furioso
367 412 499 451 neque
535 396 781 452 arguebant,
825 396 1048 437 dummodo
1085 402 1314 437 averterent
1351 411 1445 437 eum
1481 395 1533 437 ab

177 460 387 501 Romanis.

261 520 360 562 VII.
423 519 497 562 Set
521 520 658 561 omnia
681 520 723 560 in
749 534 796 561 eo
821 519 1059 574 praecipitia
1084 519 1136 560 ad
1161 519 1330 560 exitium
1356 519 1533 560 fuerunt.
1563 534 1577 562 1

177 598 273 623 nam
299 597 393 623 cum
417 582 653 636 praemissis
673 581 928 636 Hippocrate
954 588 1076 634 atque
1094 580 1283 635 Epicyde
1309 596 1401 622 cum
1428 580 1535 621 binis

177 644 342 685 milibus
369 651 617 685 armatorum
643 644 696 684 ad
720 643 978 698 temptandas
1006 642 1146 692 urbes,
1184 657 1289 696 quae
1319 643 1535 697 praesidiis

178 706 421 747 tenebantur
456 706 672 755 Romanis,
723 712 762 746 et
797 706 885 759 ipse
927 705 969 745 in
1004 704 1234 746 Leontinos
1271 719 1365 745 cum
1402 711 1535 746 cetero
1561 719 1580 748 2

178 768 289 808 omni
314 768 495 809 exercitu
518 792 551 796 -—
576 774 690 808 erant
715 773 851 808 autem
877 767 929 807 ad
953 766 1187 819 quindecim
1217 766 1330 807 milia
1353 767 1538 821 peditum

179 830 444 882 equitumque
468 854 502 858 —
525 829 734 883 profectus
762 835 864 877 erat,
902 828 1051 869 liberas
1079 828 1191 869 aedis
1218 829 1418 869 coniurati
1441 853 1474 857 —-
1499 834 1539 869 et
1565 842 1583 871 3

179 906 320 932 omnes
346 891 451 932 forte
477 891 707 931 militabant
731 915 764 920 —
788 890 1048 937 imminentes
1082 890 1171 930 viae
1202 897 1420 945 angustae,
1458 904 1540 943 qua

179 953 427 994 descendere
464 953 516 992 ad
552 952 687 992 forum
722 966 794 992 rex
827 950 1001 999 solebat,
1040 960 1286 992 sumserunt.
1357 951 1415 992 ibi
1445 965 1539 992 cum
1563 966 1584 994 4

181 1016 323 1057 structi
348 1015 576 1067 armatique
602 1014 725 1054 ceteri
751 1013 967 1054 transitum
987 1020 1250 1067 expectantes
1278 1019 1442 1063 starent,
1468 1014 1539 1053 uni

180 1093 230 1118 ex
251 1078 308 1118 eis
322 1076 593 1117 —Dinomeni
612 1075 690 1115 fuit
708 1090 857 1116 nomen
876 1099 923 1123 —,
944 1074 1042 1127 quia
1066 1081 1204 1116 custos
1231 1075 1413 1128 corporis
1441 1082 1539 1124 erat,

178 1146 314 1194 partes
340 1139 459 1178 datae
485 1144 597 1186 sunt,
624 1144 685 1186 ut,
713 1151 807 1181 cum
827 1136 1174 1191 adpropinquaret
1192 1136 1339 1177 ianuae
1357 1151 1443 1186 rex,
1468 1151 1542 1191 per

180 1215 348 1241 causam
378 1199 557 1252 aliquam
587 1200 629 1239 in
660 1199 862 1253 angustiis
894 1198 1115 1240 sustineret
1145 1199 1197 1239 ab
1228 1204 1345 1254 tergo
1376 1213 1539 1253 agmen.

178 1263 235 1303 ita
270 1269 314 1302 ut
351 1268 596 1302 convenerat
627 1261 783 1302 factum
813 1267 887 1302 est.
960 1267 1171 1314 tamquam
1202 1260 1358 1302 laxaret
1389 1261 1540 1301 elatum
1567 1276 1585 1302 ῐ)

179 1325 326 1380 pedem
352 1324 403 1365 ab
432 1324 570 1365 stricto
595 1324 722 1373 nodo,
760 1329 941 1364 moratus
973 1322 1135 1364 turbam
1164 1322 1422 1364 Dinomenes
1454 1328 1543 1364 tan-

181 1395 268 1427 tum
292 1387 494 1427 intervalli
518 1386 633 1435 fecit,
665 1393 727 1435 ut,
760 1401 854 1426 cum
878 1386 921 1426 in
944 1391 1271 1440 praetereuntem
1298 1385 1385 1426 sine
1411 1400 1544 1426 arma-

182 1450 232 1489 tis
258 1463 398 1503 regem
422 1449 600 1502 impetus
632 1448 765 1497 fieret,
803 1448 1092 1489 confoderetur
1123 1447 1278 1501 aliquot
1307 1447 1421 1501 prius
1453 1447 1542 1487 vul-

182 1510 348 1551 neribus
374 1525 498 1563 quam
524 1510 705 1550 succurri
730 1517 883 1564 posset.
927 1510 1104 1551 clamore
1136 1516 1175 1551 et
1201 1510 1378 1550 tumultu
1403 1510 1542 1550 audito
1569 1523 1586 1551 (J

182 1574 223 1613 in
248 1573 525 1613 Dinomenem
549 1572 631 1612 iam
656 1572 755 1612 haut
785 1571 908 1613 dubie
934 1572 1166 1613 obstantem
1197 1572 1277 1613 tela
1302 1572 1541 1620 coiciuntur,

183 1636 287 1675 inter
311 1649 416 1687 quae
442 1641 579 1674 tamen
605 1633 765 1674 duobus
792 1634 969 1688 acceptis
996 1633 1234 1674 vulneribus
1261 1634 1404 1675 evasit.
1441 1633 1543 1688 fuga
1570 1646 1584 1673 7

185 1696 423 1744 satellitum,
468 1702 511 1735 ut
542 1695 743 1736 iacentem
772 1695 912 1735 videre
942 1710 1102 1749 regem,
1146 1695 1256 1735 facta
1287 1702 1361 1736 est.
1420 1695 1544 1736 inter-

183 1758 358 1798 fectores
390 1773 485 1811 pars
517 1757 559 1797 in
589 1757 724 1798 forum
755 1757 797 1797 in
829 1756 1133 1797 multitudinem
1163 1757 1314 1797 laetam
1343 1755 1542 1805 libertate,

182 1835 277 1874 pars
306 1819 535 1873 Syracusas
561 1825 737 1873 pergunt
762 1819 814 1859 ad
838 1819 1176 1872 praeoccupanda
1195 1817 1457 1859 Adranodori
1481 1833 1544 1859 re-

183 1882 425 1936 giorumque
467 1881 640 1921 aliorum
682 1881 864 1922 consilia.
935 1880 1091 1921 incerto
1132 1895 1270 1921 rerum
1312 1886 1422 1921 statu
1456 1879 1540 1935 Ap.
1569 1891 1588 1920 S

185 1942 384 1984 Claudius
411 1942 564 1983 bellum
590 1942 722 1983 oriens
749 1956 800 1982 ex
824 1941 1053 1995 propinquo
1079 1956 1172 1982 cum
1199 1948 1399 1991 cerneret,
1427 1956 1544 1983 sena-

186 2014 273 2044 tum
298 2005 442 2045 litteris
470 2004 683 2045 certiorem
707 2004 805 2044 fecit
827 2003 1012 2045 Siciliam
1033 2002 1366 2058 Carthaginiensi
1390 2003 1543 2058 populo
1570 2015 1587 2044 9

185 2074 222 2106 et
242 2066 469 2107 Hannibali
495 2067 720 2116 conciliari,
747 2066 837 2120 ipse
863 2065 1062 2106 adversus
1084 2063 1349 2120 Syracusana
1374 2065 1544 2106 consilia

188 2126 277 2182 [ad]
306 2129 538 2181 provinciae
563 2129 761 2183 regnique
787 2128 889 2168 fines
915 2127 1054 2168 omnia
1079 2127 1279 2169 convertit
1302 2127 1520 2181 praesidia.

270 2189 400 2229 Exitu
425 2190 521 2230 anni
545 2190 633 2231 eius
660 2189 712 2242 Q.
738 2189 894 2230 Fabius
927 2204 978 2229 ex
1002 2189 1242 2230 auctoritate
1268 2195 1434 2229 senatus
1459 2188 1544 2229 Pu-
1572 2202 1612 2231 10

187 2251 335 2299 teolOS‚
372 2265 445 2305 per
469 2251 622 2292 bellum
648 2258 839 2305 coeptum
869 2251 1119 2304 frequentari
1152 2251 1397 2305 emporium,
1435 2265 1546 2291 com-

187 2313 317 2352 munit
340 2313 672 2367 praesidiumque
702 2313 895 2367 inposuit.
954 2313 1050 2354 inde
1079 2313 1256 2354 Romam
1286 2312 1543 2353 comitiorum
1572 2326 1605 2354 11

187 2389 312 2415 causa
347 2375 514 2415 veniens
556 2375 599 2415 in
635 2390 730 2416 eum
765 2390 887 2429 quem
929 2375 1107 2429 primum
1148 2375 1257 2415 diem
1298 2374 1544 2415 comitialem

186 2436 328 2477 habuit
359 2436 522 2478 comitia
552 2437 679 2477 edixit
710 2444 832 2490 atque
865 2452 916 2478 ex
957 2437 1100 2478 itinere
1125 2443 1286 2491 praeter
1322 2436 1466 2477 urbem
1502 2436 1544 2476 in

187 2513 379 2553 campum
404 2499 628 2540 descendit.
673 2513 721 2539 eo
741 2499 805 2539 die
826 2510 918 2540 cum
935 2514 1023 2540 sors
1043 2498 1354 2554 praerogativae
1367 2497 1544 2538 Aniensi
1571 2512 1610 2545 12

187 2561 390 2602 iuniorum
420 2562 590 2610 exisset,
623 2575 753 2614 eaque
780 2561 828 2602 T.
852 2560 1095 2611 Otacilium,
1121 2561 1183 2602 M.
1208 2560 1435 2602 Aemilium
1460 2560 1544 2601 Re-.

184 2623 329 2677 gillum
354 2624 544 2665 consules
570 2624 740 2673 diceret,
778 2630 865 2664 tum
891 2623 943 2677 Q.
969 2622 1125 2665 Fabius
1152 2623 1313 2665 silentio
1338 2622 1447 2664 facto
1473 2622 1542 2667 tali

185 2685 366 2726 oratione
393 2692 454 2727 est
478 2701 592 2727 usus.
