1815 3184
326 240 408 282 502
628 246 778 279 LIBER
804 245 935 286 xxx,
961 246 1086 279 18.19.
1114 246 1162 290 [a.
1175 256 1209 279 u.
1225 256 1254 279 ο.
1268 245 1348 289 551]

326 350 520 391 auxilium
550 349 746 388 fecerunt.
806 354 847 388 et
876 355 920 387 ut
949 347 1225 396 intermixtus,
1265 345 1369 402 [ubi]
1398 348 1455 388 uti
1480 352 1659 405 cuspide,

321 412 382 451 uti
418 410 642 451 comminus
679 409 816 463 gladio
851 416 1011 463 posset,
1053 408 1211 449 roboris
1248 409 1412 450 maioris
1448 410 1659 453 Romanus

325 487 449 525 eques
482 478 585 519 erat,
620 471 678 511 ita
706 470 749 510 in
779 470 959 510 ablatum
988 470 1231 525 paventibus
1261 471 1403 525 procul
1433 472 1547 525 equis
1578 488 1662 514 me-

281 547 300 576 8
324 535 402 575 lius
428 550 479 574 ex
508 533 722 574 intervallo
746 533 948 573 Numidae
980 533 1273 574 iaculabantur.
1333 533 1453 574 simul
1483 543 1521 574 et
1546 535 1661 588 pedi-

324 606 409 636 tum
445 595 552 650 legio
590 595 849 643 duodecima,
897 610 1049 650 magna
1083 610 1134 636 ex
1169 604 1284 650 parte
1320 609 1458 644 caesa,
1505 597 1661 650 pudore

280 671 297 699 9
322 657 455 712 magis
481 672 603 711 quam
628 657 781 697 viribus
807 657 972 697 tenebat
995 657 1148 706 locum,
1174 671 1250 697 nec
1275 656 1424 698 diutius
1450 658 1659 707 tenuisset,

322 720 364 760 ni
395 735 445 760 ex
476 719 653 760 subsidis
686 718 804 759 tertia
835 719 1006 759 decuma
1035 719 1142 773 legio
1173 719 1214 758 in
1245 719 1420 773 primam
1449 719 1577 760 aciem
1601 720 1662 759 in-

326 782 447 821 ducta
481 781 681 835 proelium
719 780 887 820 dubium
928 781 1170 835 excepisset.
1240 781 1371 835 Mago
1413 795 1574 834 quoque
1610 796 1661 822 ex

260 855 299 885 10
326 843 518 884 subsidiis
547 842 690 883 Gallos
721 843 905 897 integrae
935 843 1087 897 legioni
1117 843 1321 897 opposuit.
1381 843 1527 895 quibus
1553 843 1663 883 haud

322 920 474 959 magno
511 905 731 945 certamine
768 904 870 945 fusis
907 903 1057 945 hastati
1087 904 1260 959 legionis
1291 904 1530 945 undecimae
1568 920 1663 946 con-

324 967 495 1021 globant
531 981 622 1007 sese
659 974 779 1019 atque
816 966 1055 1021 elephantos
1092 966 1174 1006 iam
1202 966 1386 1021 peditum
1422 966 1551 1006 aciem
1580 974 1664 1007 tur-

258 1041 295 1069 11
325 1029 458 1070 bantis
494 1029 705 1070 invadunt.
764 1029 807 1069 in
843 1044 945 1082 quos
982 1043 1074 1068 cum
1109 1029 1193 1083 pila
1231 1029 1436 1069 confertos
1469 1028 1663 1069 coniecis-

325 1099 433 1139 sent,
470 1091 582 1132 nullo
619 1092 748 1132 ferme
784 1091 936 1131 frustra
971 1091 1121 1131 emisso
1159 1090 1290 1131 omnis
1325 1098 1432 1130 retro
1463 1090 1505 1130 in
1535 1089 1663 1130 aciem

324 1168 491 1193 suorum
528 1160 778 1201 averterunt3
817 1160 1006 1205 quattuor
1035 1152 1194 1206 gravati
1225 1151 1460 1192 vulneribus
1493 1166 1662 1192 conrue-

259 1227 297 1256 12
323 1222 428 1254 runt.
477 1221 563 1254 tum
586 1214 719 1268 prima
744 1222 947 1254 commota
971 1212 1149 1253 hostium
1175 1213 1301 1261 acies,
1329 1213 1448 1253 simul
1473 1213 1660 1253 omnibus

322 1275 547 1330 peditibus,
590 1283 634 1315 ut
664 1290 830 1316 aversos
868 1274 1006 1314 videre
1043 1274 1301 1329 elephantos,
1339 1274 1392 1314 ad
1428 1274 1662 1328 augendum

323 1352 517 1391 pavorem
554 1351 601 1377 ac
636 1337 855 1376 tumultum
890 1336 1046 1376 effusis.
1129 1336 1203 1376 sed
1244 1336 1374 1376 donec
1416 1336 1527 1376 stetit
1568 1343 1661 1376 ante

325 1399 444 1453 signa
466 1398 614 1453 Mago,
653 1399 826 1452 gradum
856 1397 1008 1438 sensim
1039 1397 1263 1437 referentes
1289 1397 1451 1437 ordines
1484 1404 1524 1437 et
1547 1404 1661 1438 teno-

259 1474 298 1503 13
323 1475 409 1500 rem
444 1474 608 1514 pugnae
646 1460 883 1507 servabant,
923 1466 1142 1513 postquam
1177 1458 1328 1498 femine
1365 1458 1560 1499 transfixo
1596 1472 1662 1499 ca-

325 1522 490 1562 dentem
526 1521 756 1573 auferrique
792 1535 842 1560 ex
878 1520 1033 1574 proelio
1063 1534 1191 1574 prope
1228 1534 1481 1574 exsanguem
1510 1520 1661 1570 videre,

322 1582 527 1637 extemplo
559 1583 601 1622 in
632 1582 773 1636 fugam
804 1597 945 1622 onmes
978 1582 1098 1621 versi.
1159 1581 1211 1621 ad
1241 1581 1419 1634 quinque
1449 1581 1561 1622 milia
1589 1582 1662 1623 ho-

323 1644 446 1684 stium
471 1659 518 1684 eo
545 1644 609 1684 die
631 1658 751 1684 caesa
776 1651 815 1684 et
835 1643 954 1698 signa
977 1642 1167 1683 militaria
1192 1642 1271 1683 duo
1298 1650 1338 1683 et
1361 1642 1507 1697 viginti
1530 1652 1660 1698 capta.

259 1720 298 1748 14
322 1720 398 1746 nec
414 1706 613 1747 Romanis
640 1706 852 1746 incruenta
876 1705 1045 1746 victoria
1069 1704 1163 1746 fuit:
1190 1705 1269 1745 duo
1294 1704 1406 1745 milia
1430 1712 1470 1745 et
1494 1706 1663 1747 trecenti

322 1768 372 1808 de
409 1768 590 1808 exercitu
624 1768 850 1822 praetoris,
897 1782 992 1822 pars
1029 1767 1157 1807 multo
1194 1766 1373 1807 maxima
1409 1782 1464 1808 ex
1499 1766 1660 1821 legione

323 1829 564 1870 duodecima
589 1830 748 1870 amissi:
779 1830 874 1870 inde
900 1839 940 1870 et
964 1829 1114 1869 tribuni
1138 1828 1313 1868 militum
1337 1828 1436 1876 duo,
1466 1828 1527 1870 M.
1556 1827 1661 1869 Cos-

260 1906 297 1934 15
323 1891 463 1932 conius
495 1900 533 1932 et
563 1891 624 1932 M.
652 1891 844 1932 Maevius
855 1909 865 1940 3
903 1891 1045 1932 tertiae
1077 1891 1258 1931 decimae
1289 1904 1448 1943 quoque
1473 1890 1659 1945 legionis,

322 1968 426 2006 quae
450 1963 657 2008 postremo
682 1954 837 2008 proelio
864 1954 1067 2002 adfuerat,
1101 1952 1150 1994 C.
1175 1952 1350 1993 Helvius
1376 1952 1561 1992 tribunus
1587 1952 1661 1991 mi-

321 2015 437 2056 litum
461 2015 503 2055 in
526 2015 780 2056 restituenda
803 2031 944 2071 pugna
969 2015 1114 2056 cecidit
1131 2022 1172 2055 et
1197 2015 1276 2055 duo
1301 2022 1341 2055 et
1364 2014 1507 2068 viginti
1532 2013 1660 2054 ferme

322 2078 478 2130 equites
510 2077 702 2118 inlustres
728 2078 865 2119 obtriti
896 2078 946 2118 ab
977 2077 1204 2132 elephantis
1235 2091 1327 2117 cum
1357 2076 1659 2117 centurionibus

323 2140 476 2192 aliquot
499 2140 719 2195 perierunt.
758 2147 797 2180 et
820 2140 983 2194 longius
1010 2148 1215 2180 certamen
1238 2138 1402 2188 fuisset,
1427 2138 1470 2178 ni
1494 2138 1660 2178 vulnere

323 2202 437 2242 ducis
464 2216 662 2243 concessa
686 2202 856 2243 victoria
880 2210 1001 2243 esset.

282 2276 295 2304 1
406 2264 601 2307 XVHH.
660 2264 791 2319 Mago
825 2264 1036 2319 proximae
1074 2263 1234 2304 silentio
1270 2262 1401 2304 noctis
1438 2261 1658 2316 profectus,

323 2334 519 2378 quantum
542 2327 627 2381 pati
653 2327 742 2367 viae
772 2342 845 2382 per
870 2327 1017 2367 vulnus
1048 2334 1208 2381 poterat
1236 2324 1447 2365 itineribus
1473 2323 1660 2372 extentis,

280 2401 296 2429 *2
324 2388 375 2427 ad
404 2403 515 2429 mare
546 2389 588 2429 in
611 2388 791 2444 Ligures
821 2389 1031 2443 Ingaunos
1062 2387 1260 2443 pervenit.
1319 2386 1375 2427 ibi
1411 2400 1503 2426 euni
1536 2384 1660 2439 legati

325 2450 374 2489 ab
401 2449 654 2504 Carthagine
678 2450 820 2505 paucis
846 2458 939 2491 ante
965 2450 1108 2490 diebus
1133 2449 1175 2489 in
1201 2449 1335 2489 sinum
1361 2447 1565 2488 Gallicum
1591 2446 1660 2486 ad-

323 2511 451 2564 pulsis
476 2512 650 2553 navibus
676 2513 862 2553 adierunt
885 2512 1090 2560 iubentes,
1126 2511 1258 2565 primo
1290 2524 1448 2563 quoque
1480 2517 1660 2562 tempore

282 2584 299 2612 3
324 2572 364 2611 in
394 2572 581 2613 Africam
618 2574 823 2614 traiceret:
865 2574 907 2614 id
943 2582 984 2614 et
1012 2574 1180 2613 fratrem
1210 2572 1296 2613 eius
1326 2569 1605 2612 Hannibalem
1627 2593 1660 2597 —

326 2648 420 2673 nam
445 2635 496 2674 ad
521 2650 613 2675 cum
639 2650 800 2689 quoque
824 2636 907 2676 isse
932 2636 1090 2689 legatos
1116 2635 1261 2675 eadem
1278 2633 1455 2675 iubentis
1473 2656 1507 2662 —
1530 2632 1659 2672 factu-

326 2709 427 2735 rum.
487 2711 568 2737 non
592 2697 634 2737 in
659 2712 707 2739 eo
739 2713 830 2738 esse
857 2696 1261 2751 Carthaginiensium
1290 2712 1375 2745 res,
1411 2702 1456 2735 ut
1481 2693 1657 2735 Galliam
