1815 3184
330 235 413 275 290
669 240 822 274 LIBER
847 240 990 283 XXVI,
1018 241 1071 273 2⁶2.
1099 242 1147 282 [a.
1162 251 1196 273 u.
1213 251 1242 274 c.
1257 240 1339 283 543]

283 360 300 389 2
327 344 575 386 Macedonia
622 343 777 392 evenit,
827 343 945 396 isque
993 343 1181 383 Laevino
1231 343 1442 383 successit.
1513 344 1684 385 Fulvius

327 408 504 447 Romam
530 406 789 446 comitiorum
820 419 945 445 causa
976 405 1197 445 arcessitus
1230 419 1323 445 cum
1349 404 1513 445 comitia
1538 420 1685 447 consu-

324 469 431 509 libus
468 468 662 523 rogandis
699 467 891 515 haberet,
941 467 1228 521 praerogativa
1269 466 1441 507 Veturia
1481 466 1684 508 iuniorum

326 530 374 570 T.
401 530 606 571 Manlium
634 529 889 582 Torquatum
922 536 962 569 et
987 529 1036 569 T.
1066 528 1291 570 Otacilium
1319 527 1557 584 [absentem
1589 543 1685 570 con-

280 607 297 635 3
326 593 434 634 sules
461 593 574 633 dixit.
625 607 720 633 cum
745 592 797 632 ad
822 590 1061 646 Manlium‚]
1090 592 1159 644 qui
1185 606 1379 646 praesens
1406 599 1509 641 erat,
1546 599 1685 647 gratu-

323 654 435 695 landi
466 669 591 695 causa
621 653 741 695 turba
771 653 897 694 coiret
927 668 1002 694 nec
1033 653 1184 694 dubius
1211 662 1319 695 esset
1351 669 1576 695 consensus
1612 669 1686 708 po-

324 717 429 771 puli,
467 732 618 772 magna
644 715 918 757 circumfusus
945 715 1065 757 turba
1089 716 1141 756 ad
1166 715 1343 757 tribunal
1369 716 1549 757 consulis
1574 717 1686 757 venit

280 792 298 820 4
324 779 524 833 petitque,
557 786 601 818 ut
625 792 758 833 pauca
784 793 858 818 sua
882 777 1007 819 verba
1033 778 1192 818 audiret
1216 778 1541 831 centuriamque,
1580 793 1685 833 quae

280 855 298 883 5
325 840 485 881 tulisset
512 840 774 895 suffragium,
800 839 982 880 revocari
1007 839 1177 881 iuberet.
1226 840 1371 881 erectis
1397 840 1587 881 omnibus
1614 855 1685 881 ex-

324 903 575 957 pectatione,
602 902 799 956 quidnam
823 902 1105 956 postulaturus
1133 908 1260 951 esset,
1293 902 1504 943 oculorum
1530 902 1686 944 valetu-

280 978 297 1007 6
325 965 461 1005 dinem
499 964 734 1006 excusavit:
789 964 1070 1019 impudentem
1107 971 1146 1004 et
1181 964 1498 1019 gubernatorem
1536 971 1575 1005 et
1610 965 1685 1005 im-

324 1033 555 1080 peratorem
581 1041 692 1075 esse,
730 1026 818 1079 qui,
857 1040 951 1066 cum
977 1026 1119 1066 alienis
1147 1026 1274 1067 oculis
1302 1027 1338 1067 ei
1364 1027 1500 1067 omnia
1525 1027 1685 1081 agenda

325 1088 423 1137 sint,
461 1088 641 1142 postulet
678 1088 756 1128 sibi
792 1088 965 1128 aliorum
1003 1088 1136 1142 capita
1173 1103 1220 1128 ac
1256 1088 1440 1129 fortunas
1474 1088 1683 1128 committi.

281 1165 297 1193 7
324 1150 514 1204 proinde,
564 1150 599 1190 si
628 1150 858 1199 videretur,
892 1156 932 1190 et
960 1150 1092 1190 redire
1122 1149 1164 1190 in
1196 1150 1440 1204 suffragium
1470 1149 1684 1190 Veturiam

325 1213 529 1253 iuniorum
572 1211 730 1253 iuberet
767 1220 806 1252 ct
848 1212 1084 1252 meminisse
1126 1212 1169 1252 in
1217 1211 1454 1253 consulibus
1498 1212 1683 1252 creandis

279 1287 298 1316 S
324 1274 437 1323 belli,
470 1274 582 1327 quod
606 1274 647 1314 in
672 1273 792 1314 Italia
818 1274 888 1323 sit,
915 1280 1228 1328 temporumque
1252 1274 1311 1314 rei
1336 1273 1536 1328 publicae.
1596 1274 1685 1314 vix-

327 1336 425 1376 dum
461 1336 671 1389 requiesse
707 1336 816 1376 auris
854 1352 877 1376 a
913 1336 1085 1390 strepitu
1122 1343 1161 1376 et
1197 1336 1374 1375 tumultu
1410 1335 1565 1384 hostili,
1603 1350 1684 1389 quo

324 1413 478 1452 paucos
505 1404 598 1439 ante
625 1412 788 1438 menses
815 1398 986 1438 arserint
1010 1412 1135 1451 prope
1161 1397 1324 1437 moenia
1348 1397 1548 1437 Romana.
1591 1404 1685 1451 post

325 1460 427 1501 haec
452 1475 545 1500 cum
571 1459 753 1500 centuria
779 1458 971 1512 frequens
998 1459 1304 1507 succlamasset,
1332 1458 1431 1498 nihil
1458 1473 1501 1498 se
1527 1466 1684 1498 mutare

280 1536 296 1564 9
325 1522 551 1562 sententiae
583 1521 832 1573 eosdemque
869 1519 1059 1560 consules
1097 1520 1277 1560 dicturos
1315 1534 1425 1568 esse,
1464 1526 1550 1559 tum
1582 1519 1684 1561 Tor-

324 1590 474 1637 quatus
515 1587 665 1636 ‘neque
702 1597 780 1638 ego
816 1582 992 1623 vestros’
1030 1582 1161 1634 inquit
1199 1586 1351 1622 ‘mores
1395 1581 1537 1622 consul
1578 1581 1683 1622 ferre

323 1654 466 1700 potero
492 1660 625 1698 neque
651 1659 725 1685 vos
751 1644 969 1698 imperium
1000 1659 1150 1684 meum.
1211 1644 1338 1684 redite
1368 1645 1409 1684 in
1442 1644 1683 1698 suffragium

323 1715 362 1748 et
393 1707 569 1762 cogitate
602 1706 753 1747 bellum
786 1706 992 1747 Punicum
1029 1706 1070 1746 in
1106 1705 1226 1747 Italia
1257 1713 1295 1747 et
1327 1706 1507 1747 hostium
1538 1706 1684 1747 ducem

259 1784 297 1812 10
323 1769 603 1809 Hannibalem
636 1768 753 1809 esse.’
820 1775 907 1808 tum
933 1768 1116 1809 centuria
1142 1775 1181 1808 et
1208 1768 1448 1809 auctoritate
1473 1775 1584 1809 mota
1608 1767 1684 1808 viri

323 1838 362 1872 et
398 1831 688 1872 admirantium
724 1831 832 1872 circa
862 1830 1029 1871 fremitu
1059 1830 1175 1884 petiit
1205 1846 1229 1871 a
1259 1831 1444 1880 consule,
1482 1839 1528 1870 ut
1554 1829 1685 1871 Votu-

258 1907 294 1936 11
322 1894 425 1934 riam
462 1893 669 1934 seniorum
706 1893 865 1934 citaret:
921 1892 1025 1933 velle
1063 1907 1153 1934 sese
1191 1907 1284 1933 cum
1326 1892 1548 1933 maioribus
1585 1899 1683 1932 natu

323 1955 514 2008 conloqui
540 1962 579 1996 et
605 1970 655 1996 ex
680 1955 921 1996 auctoritate
953 1969 1092 1996 eorum
1127 1954 1316 1995 consules
1343 1955 1489 1994 dicere.
1550 1954 1682 1995 citatis

322 2017 521 2058 Voturiae
558 2017 788 2058 senioribus
821 2017 963 2057 datum
995 2023 1151 2057 secreto
1189 2016 1232 2057 in
1261 2016 1358 2057 ovili
1394 2030 1488 2056 cum
1512 2016 1561 2056 iis
1587 2030 1683 2057 con-

257 2092 296 2121 12
322 2079 517 2133 loquendi
537 2086 711 2133 tempus.
757 2079 936 2120 seniores
957 2079 1008 2120 de
1029 2078 1157 2120 tribus
1178 2078 1473 2119 consulendum
1494 2078 1685 2118 dixerunt

322 2156 432 2191 esse,
466 2141 628 2183 duobus
653 2142 785 2196 plenis
810 2142 892 2182 iam
918 2141 1138 2190 honorum,
1178 2140 1230 2193 Q.
1256 2140 1386 2181 Fabio
1419 2147 1459 2180 et
1482 2139 1544 2180 M.
1569 2139 1685 2180 Mar-

323 2204 443 2252 cello,
472 2211 528 2252 et,
563 2204 598 2244 si
622 2204 764 2257 utique
789 2218 944 2244 novum
970 2203 1148 2257 aliquem
1173 2203 1371 2243 adversus
1397 2201 1561 2242 Poenos
1588 2215 1683 2242 con-

323 2266 454 2307 sulem
492 2266 619 2306 creari
649 2266 818 2315 vellent,
862 2265 923 2306 M.
950 2265 1118 2306 Valerio
1149 2265 1362 2306 Laevino:
1411 2263 1576 2318 egregie
1613 2263 1685 2304 ad-

259 2341 296 2371 13
322 2343 465 2368 versus
491 2327 732 2382 Philippum
757 2342 897 2382 regem
923 2334 1029 2368 terra
1054 2327 1237 2380 marique
1261 2341 1347 2367 rem
1373 2326 1568 2381 gessisse.
1628 2325 1685 2366 ita

323 2390 372 2430 de
398 2390 527 2431 tribus
561 2390 859 2431 consultatione
895 2390 991 2430 data
1028 2389 1256 2430 senioribus
1289 2388 1469 2429 dimissis
1506 2387 1683 2428 iuniores

324 2453 569 2507 suffragium
605 2455 758 2493 ineunt.
820 2452 881 2493 M.
912 2452 1158 2493 Marcellum
1193 2451 1415 2493 Claudium
1458 2451 1684 2506 fulgentem

324 2521 410 2554 tum
455 2513 597 2555 Sicilia
639 2514 794 2555 domita
836 2521 875 2554 et
910 2513 972 2554 M.
1010 2513 1222 2554 Valerium
1270 2513 1451 2554 absentis
1494 2511 1683 2553 consules

323 2575 524 2616 dixerunt.
574 2577 858 2617 auctoritatem
887 2576 1197 2630 praerogativae
1222 2589 1364 2616 omnes
1391 2574 1595 2615 centuriae
1621 2586 1684 2613 se-

260 2650 298 2679 14
325 2644 441 2678 cutae
479 2645 585 2678 sunt.
647 2638 813 2679 eludant
849 2653 959 2679 nunc
989 2639 1157 2691 antiqua
1187 2637 1398 2678 mirantis:
1451 2650 1533 2675 non
1570 2633 1683 2686 equi-

324 2698 435 2746 dem,
480 2699 514 2739 si
545 2714 626 2751 qua
657 2700 708 2740 sit
739 2700 984 2753 sapientium
1018 2700 1179 2747 civitas,
1217 2713 1340 2751 quam
1377 2696 1486 2737 docti
1523 2695 1683 2749 fingunt
