1815 3184
553 242 705 276 LIBER
728 242 854 286 xxv,
880 242 933 276 23.
963 245 1011 286 [a.
1027 241 1161 286 0212]
1458 233 1538 275 241

186 347 336 388 adiuta.
397 360 573 399 namque
609 345 833 386 Marcellus
870 345 984 387 initio
1021 346 1127 387 veris
1163 346 1361 396 incertus,
1404 352 1540 387 utrum
1566 360 1584 390 2

184 409 463 464 Agrigentum
482 408 534 448 ad
547 407 826 449 Himilconem
845 414 884 449 et
897 408 1182 463 Hippocraten
1200 415 1374 449 verteret
1387 407 1540 449 bellum

185 487 236 512 an
262 471 475 512 obsidione
504 469 732 524 Syracusas
757 477 977 524 premeret,
1010 485 1261 524 quamquam
1284 485 1360 511 nec
1384 471 1426 511 vi
1451 471 1542 524 capi
1566 485 1585 514 3

183 533 348 574 videbat
378 547 501 587 posse
531 532 893 587 inexpugnabilem
929 532 1108 573 terrestri
1145 547 1192 573 ac
1222 533 1424 574 maritimo
1461 533 1542 573 situ

182 595 326 636 urbem
352 610 426 635 nec
451 594 578 644 fame,
605 601 649 634 ut
674 609 797 647 quam
822 609 948 648 prope
973 594 1090 635 liberi
1115 610 1137 635 a
1154 594 1404 650 Carthagine
1430 609 1541 636 com-

182 664 340 697 meatus
378 657 548 705 alerent,
587 664 740 704 tamen,
777 670 828 697 ne
864 656 964 709 quid
994 656 1251 711 inexpertum
1281 657 1539 710 relinqueret,
1565 671 1585 700 4

181 719 417 773 transfugas
447 717 730 772 Syracusanos
756 743 788 746 —
814 724 927 758 erant
952 725 1089 758 autem
1114 724 1214 772 aput
1231 718 1442 759 Romanos
1468 718 1540 758 ali-

181 781 251 834 qui
281 780 525 821 nobilissimi
556 780 630 819 viri
660 779 765 819 inter
795 779 1067 820 defectionem
1099 779 1150 821 ab
1182 780 1400 830 Romanis,
1443 780 1540 834 quia

181 842 232 883 ab
269 842 386 883 novis
424 841 602 882 consiliis
640 840 930 890 abhorrebant,
973 841 1082 895 pulsi
1113 867 1147 870 —
1176 842 1402 895 conloquiis
1441 857 1540 883 suae

179 905 306 959 partis
333 911 530 958 temptare
561 903 773 943 hominum
804 903 961 944 animos
994 904 1114 944 iussit
1139 910 1179 944 et
1202 903 1326 944 fidem
1352 905 1467 953 dare,
1505 904 1540 945 si

180 966 351 1006 traditae
392 966 527 1005 forent
565 963 821 1018 Syracusae,
870 964 1021 1005 liberos
1065 979 1135 1006 eos
1173 979 1221 1005 ac
1258 966 1341 1005 suis
1377 965 1538 1020 legibus

180 1029 358 1068 victuros
391 1042 494 1068 esse.
555 1042 637 1067 non
670 1033 755 1067 erat
786 1026 991 1079 conloquii
1022 1027 1159 1081 copia,
1197 1028 1293 1080 quia
1317 1028 1539 1068 multorum

178 1091 303 1131 animi
329 1090 508 1143 suspecti
534 1089 717 1129 omnium
743 1103 882 1129 curam
908 1089 1132 1142 oculosque
1159 1096 1460 1139 converterant,
1487 1105 1539 1130 ne

177 1152 276 1204 quid
312 1151 470 1191 falleret
506 1151 584 1190 tale
621 1150 862 1190 admissum.
935 1165 1079 1191 servus
1118 1165 1223 1190 unus
1262 1151 1429 1192 exulum
1464 1166 1538 1205 pro

176 1213 392 1267 transfuga
416 1212 677 1252 intromissus
710 1211 751 1251 in
783 1211 926 1253 urbem
959 1212 1171 1253 conventis
1203 1213 1346 1267 paucis
1377 1213 1538 1253 initium

176 1273 448 1328 conloquendi
474 1274 524 1314 de
550 1273 620 1314 tali
644 1288 687 1314 re
712 1273 821 1314 feeit.
877 1274 972 1314 dein
996 1274 1215 1328 piscatoria
1241 1275 1407 1328 quidam
1432 1289 1537 1316 nave

175 1336 329 1378 retibus
361 1336 491 1391 operti
523 1336 867 1389 circumvectique
898 1336 955 1377 ita
986 1337 1037 1377 ad
1070 1343 1205 1377 castra
1228 1337 1417 1378 Romana
1443 1352 1538 1378 con-

175 1398 381 1452 locutique
408 1413 501 1439 eum
526 1398 771 1453 transfugis,
799 1405 837 1439 et
862 1398 971 1438 idem
999 1399 1162 1453 saepius
1190 1399 1335 1439 eodem
1355 1400 1477 1440 modo
1499 1407 1538 1440 et

176 1461 245 1502 alii
270 1468 391 1513 atque
416 1461 496 1501 alii.
556 1467 764 1514 postremo
790 1461 843 1501 ad
868 1461 1074 1516 octoginta
1099 1461 1209 1502 facti.
1271 1468 1310 1502 et
1336 1477 1430 1502 cum
1455 1462 1537 1502 iam

177 1523 404 1576 composita
428 1523 563 1563 omnia
590 1523 642 1562 ad
667 1523 939 1577 proditionem
966 1530 1120 1572 essent,
1148 1524 1298 1565 indicio
1323 1524 1458 1565 delato
1484 1525 1537 1565 ad

175 1584 392 1638 Epicyden
427 1599 500 1638 per
529 1583 716 1624 Attalum
752 1585 976 1637 quendam,
1014 1586 1298 1639 indignantem
1336 1586 1414 1626 sibi
1450 1600 1535 1626 rem

176 1646 373 1686 creditam
392 1661 475 1686 non
494 1660 597 1694 esse,
618 1645 752 1685 necati
773 1660 915 1686 omnes
937 1646 1105 1686 cruciati
1125 1653 1230 1687 sunt.
1269 1646 1348 1687 alia
1363 1647 1536 1687 subinde

176 1722 288 1761 spes,
326 1714 544 1761 postquam
569 1706 669 1747 haec
690 1722 795 1747 vana
820 1713 1024 1756 evaserat,
1057 1707 1228 1761 excepit.
1299 1707 1535 1762 Damippus

174 1770 343 1822 quidam
372 1769 748 1817 Lacedaemonius,
787 1769 939 1810 missus
973 1769 1023 1810 ab
1052 1768 1271 1823 Syracusis
1299 1771 1351 1810 ad
1375 1769 1535 1824 Philip-

173 1848 273 1888 pum
297 1847 456 1887 regem,
484 1839 627 1887 captus
654 1832 704 1873 ab
730 1832 929 1873 Romanis
954 1832 1129 1873 navibus
1156 1840 1253 1873 erat.
1307 1832 1430 1873 huius
1456 1833 1534 1873 uti-

174 1909 252 1947 que
277 1894 505 1935 redimendi
535 1901 575 1935 et
598 1894 812 1948 Epicydae
845 1908 942 1934 cura
973 1900 1058 1934 erat
1087 1893 1254 1950 ingens,
1291 1909 1367 1935 nec
1392 1894 1535 1935 abnuit

173 1956 417 2005 Marcellus,
455 1956 537 1996 iam
574 1964 662 1996 tum
698 1955 963 2005 Aetolorum,
1001 1955 1150 2009 quibus
1190 1956 1290 1997 socii
1320 1956 1534 1997 Lacedae-

173 2019 305 2059 monii
326 2026 457 2067 erant,
484 2019 705 2059 amicitiam
731 2017 1032 2059 adfectantibus
1058 2018 1269 2059 Romanis.
1319 2018 1372 2059 ad
1396 2018 1534 2059 conlo-

174 2081 316 2134 quium
342 2082 394 2121 de
424 2081 705 2135 redemptione
732 2081 818 2121 eius
846 2080 984 2122 missis
1011 2081 1170 2121 medius
1198 2081 1375 2121 maxime
1412 2087 1533 2134 atque

174 2142 358 2195 utrisque
395 2149 620 2196 oportunus
651 2143 766 2184 locus
804 2144 857 2183 ad
886 2149 1050 2197 portum
1076 2142 1339 2197 Trogilorum
1368 2150 1534 2197 propter

174 2204 334 2252 turrim,
373 2218 497 2257 quam
533 2212 682 2245 vocant
721 2203 989 2259 Galeagram,
1034 2211 1096 2246 est
1131 2205 1259 2245 visus.
1321 2219 1402 2257 quo
1439 2219 1533 2245 cum

175 2266 338 2319 saepius
383 2273 681 2315 commearent,
732 2281 837 2307 unus
881 2282 932 2307 ex
974 2267 1173 2308 Romanis
1218 2281 1269 2307 ex
1304 2266 1533 2320 propinquo

173 2343 335 2368 murum
373 2328 672 2382 contemplans,
710 2329 964 2369 numerando
999 2329 1158 2383 lapides
1195 2328 1532 2381 aestimandoque

172 2390 260 2444 ipsc
293 2405 452 2439 secum,
490 2391 589 2443 quid
618 2391 659 2430 in
691 2390 824 2431 fronte
856 2397 1042 2445 paterent
1068 2391 1239 2445 singuli,
1276 2391 1532 2432 altitudinem

171 2453 294 2501 muri,
339 2460 537 2506 quantum
574 2453 758 2506 proxime
795 2453 1029 2494 coniectura
1064 2460 1240 2507 poterat,
1288 2467 1530 2508 permensus

171 2515 510 2568 humilioremque
542 2515 750 2568 aliquanto
781 2515 955 2570 pristina
986 2515 1177 2569 opinione
1209 2531 1284 2556 sua
1314 2522 1354 2556 et
1379 2521 1532 2556 cetero-

171 2592 260 2617 rum
287 2577 468 2617 omnium
494 2584 605 2617 ratus
633 2592 723 2618 esse.
749 2585 787 2618 et
819 2578 884 2618 vel
909 2578 1183 2620 mediocribus
1217 2578 1337 2619 scalis
1364 2591 1554 2633 supera-'

169 2638 312 2688 bilem,
351 2639 403 2679 ad
428 2638 671 2679 Marcellum
702 2655 788 2680 rem
820 2639 963 2680 defert.
1023 2640 1136 2681 haud
1167 2640 1398 2694 spernenda
1427 2640 1528 2681 visa.

171 2701 244 2741 sed
269 2715 362 2741 cum
388 2702 489 2741 adiri
514 2701 646 2750 locus,
679 2702 775 2755 quia
800 2701 852 2743 ob
878 2702 919 2742 id
943 2702 1079 2757 ipsum
1104 2702 1298 2744 intentius
1325 2702 1529 2744 custodie-

239 2768 301 2794 Livi
321 2768 373 2794 rol.
389 2766 424 2794 11.
1259 2768 1301 2801 16

1565 1477 1580 1504 λ1

1562 2033 1601 2061 10

1561 2214 1598 2243 11

1559 2405 1598 2434 12

1557 2651 1597 2682 13
