1815 3184
255 682 292 710 10

253 868 289 896 11

256 1359 294 1388 13

256 1543 296 1573 14

256 1666 295 1694 15

256 1788 294 1818 1ss

277 2097 294 2125 10

320 252 402 293 320
589 255 742 290 LIBER
766 254 914 297 XXVI,
940 255 995 288 49.
1015 253 1070 288 50.
1099 256 1148 296 [a.
1162 265 1197 288 u.
1214 265 1243 288 0.
1257 254 1339 298 544]

318 361 427 402 mani
457 364 720 414 potestatem,
758 357 828 410 qui
858 356 1056 398 beneficio
1086 370 1211 408 quam
1243 363 1355 396 metu
1384 355 1566 410 obligare
1595 357 1669 398 ho-

318 423 449 462 mines
485 419 600 460 malit
636 425 877 471 exterasque
913 418 1048 472 gentis
1084 417 1165 457 fide
1201 431 1250 458 30
1281 418 1474 458 societate
1509 418 1667 459 iunctas

318 483 468 523 habere
504 495 628 534 quam
665 480 769 520 tristi
813 479 1018 521 subiectas
1061 479 1237 520 servitio.
1308 479 1454 519 deinde
1492 480 1669 533 acceptis

317 542 551 584 nominibus
589 541 814 582 civitatium
850 540 1055 581 recensuit
1091 540 1293 594 captivos,
1337 546 1435 593 quot
1472 541 1671 592 cuiusque

317 605 459 660 populi
484 610 639 651 essent,
677 609 716 643 et
740 603 906 643 nuntios
932 602 1099 642 domum
1124 602 1252 651 misit,
1289 609 1334 642 ut
1359 603 1412 643 ad
1437 617 1533 644 81108
1558 601 1671 654 quis-

318 681 397 720 que
422 665 676 719 recipiendos
702 664 870 704 veniret.
909 663 944 704 si
968 678 1141 716 quarum
1167 663 1270 704 forte
1296 663 1522 704 civitatium
1546 662 1671 717 legati

317 728 503 775 aderant,
531 727 589 767 eis
615 725 899 780 praesentibus
927 739 1023 765 suos
1049 725 1244 773 restituit,
1278 733 1505 765 ceterorum
1531 739 1671 765 curam

318 789 496 843 benigne
522 787 767 828 tuendorum
793 786 842 827 C.
869 786 1072 827 Flaminio
1097 787 1303 839 quaestori
1329 786 1523 827 attribuit.

402 851 516 890 Inter
540 849 642 889 haec
667 863 688 889 0
712 848 848 888 media
867 847 987 888 turba
1006 847 1196 888 obsidum
1221 847 1366 888 mulier
1384 861 1534 901 magno
1559 853 1671 894 natu,

317 911 520 953 Mandoni
545 925 665 959 uxor,
704 910 774 963 qui
799 909 925 950 frater
948 908 1137 949 Indibilis
1168 909 1393 963 Ilergetum
1417 908 1548 963 reguli
1574 914 1671 956 erat,

317 974 418 1015 flens
445 973 497 1014 ad
527 973 653 1027 pedes
684 971 940 1025 imperatoris
971 970 1188 1025 procubuit
1219 971 1495 1023 obtestarique
1526 969 1671 1023 coepit,

319 1043 364 1076 ut
405 1050 545 1076 euram
589 1033 825 1086 cultumque
868 1032 1112 1072 feminarum
1160 1032 1386 1086 impensius
1435 1031 1672 1072 custodibus

321 1097 636 1139 commendaret.
697 1109 791 1135 cum
819 1093 958 1148 Scipio
995 1094 1095 1134 nihil
1131 1094 1366 1134 defuturum
1396 1093 1580 1147 profecto
1612 1092 1673 1132 di-

321 1166 446 1206 ceret,
495 1166 581 1198 tum
611 1172 732 1198 rusus
764 1157 934 1197 mulier:
980 1156 1080 1196 ‘hau
1110 1157 1251 1210 magni
1281 1156 1359 1197 ista
1390 1155 1582 1196 sacimus'
1612 1156 1673 1195 in-

319 1222 424 1274 quit3
464 1219 582 1272 ‘quid
617 1219 725 1259 enim
761 1218 856 1258 huic
892 1218 1080 1258 fortunae
1116 1232 1197 1258 non
1229 1218 1326 1258 satis
1359 1217 1445 1258 est?
1493 1217 1572 1257 alia
1607 1231 1672 1256 1110

321 1297 417 1323 cura
458 1288 634 1322 aetatem
674 1280 820 1320 harum
855 1280 1080 1320 intuentem
1110 1303 1143 1307 —
1172 1294 1268 1319 nam
1309 1279 1399 1333 ipsa
1440 1279 1522 1319 iam
1559 1285 1674 1318 extra

319 1343 545 1398 periculum
582 1342 751 1382 iniuriae
788 1341 996 1382 muliebris
1035 1356 1125 1381 sum
1150 1365 1183 1369 —
1208 1340 1412 1381 stimulat?
1472 1347 1511 1381 et
1542 1346 1674 1380 aetate

321 1413 360 1445 et
379 1404 511 1445 forma
529 1403 718 1444 florentes
739 1402 846 1443 circa
865 1417 955 1442 eam
976 1402 1164 1442 Indibilis
1185 1402 1291 1441 filiae
1313 1401 1446 1455 [erant
1472 1401 1673 1454 aliae]que

321 1466 530 1507 nobilitate
566 1465 670 1518 pari,
714 1478 819 1516 quae
855 1478 996 1504 onmes
1034 1478 1124 1503 eam
1160 1478 1233 1516 pro
1269 1468 1437 1516 parente
1474 1463 1673 1504 colebant.

322 1534 408 1568 tum
446 1525 585 1579 Scipio
624 1530 755 1565 ‘meae
792 1524 1014 1578 populique
1055 1524 1234 1564 Romani
1275 1524 1513 1578 disciplinae
1551 1539 1675 1565 causa

320 1589 497 1629 facerem
512 1589 532 1639 ‚⁹
570 1586 702 1639 inquit
739 1590 808 1626 ‘ne
839 1586 956 1638 quid,
994 1586 1104 1638 quod
1135 1593 1321 1626 sanctum
1352 1600 1526 1639 usquam
1552 1594 1673 1635 esset,

321 1657 418 1704 aput
448 1664 523 1689 nos
555 1648 791 1696 violaretur3
828 1662 936 1687 nunc
968 1655 1009 1687 ut
1036 1648 1077 1688 id
1109 1662 1247 1688 curem
1272 1648 1502 1702 inpensius,
1539 1655 1676 1689 vestra

321 1725 483 1765 quoque
509 1710 637 1750 virtus
664 1709 925 1763 dignitasque
951 1708 1068 1757 facit,
1095 1723 1200 1762 quae
1225 1724 1275 1750 ne
1301 1710 1342 1749 in
1366 1710 1484 1750 malis
1509 1710 1676 1762 quidem

321 1772 470 1813 oblitae
513 1770 670 1811 decoris
713 1770 949 1810 matronalis
993 1770 1117 1810 estis?
1179 1777 1384 1824 spectatae
1427 1771 1572 1812 deinde
1614 1771 1676 1810 in-

321 1833 520 1889 tegritatis
546 1832 633 1873 viro
659 1832 823 1872 tradidit
848 1846 935 1880 038,
963 1832 1147 1884 tuerique
1172 1831 1282 1872 haud
1308 1847 1425 1873 secus
1446 1832 1676 1873 verecunde

321 1910 368 1936 30
393 1895 578 1935 modeste
604 1908 727 1947 quam
752 1893 963 1947 hospitum
988 1893 1183 1947 coniuges
1210 1908 1257 1934 ac
1282 1900 1431 1934 matres
1458 1893 1589 1934 iussit.

405 1958 458 1998 L.
531 1956 708 2010 Captiva
749 1956 896 1996 deinde
938 1971 962 1996 a
997 1955 1193 1996 militibus
1236 1956 1452 1996 adducitur
1493 1956 1545 1996 ad
1581 1971 1675 1997 eum

321 2019 459 2060 adulta
485 2019 599 2073 virgo
625 2019 728 2059 adeo
754 2018 903 2058 eximia
928 2017 1078 2066 forma,
1108 2024 1154 2057 ut
1179 2032 1435 2070 quacumque
1460 2016 1676 2058 incedebat

323 2087 574 2122 converteret
599 2080 781 2120 omnium
807 2079 959 2120 oculos.
1005 2078 1163 2133 Scipio,
1189 2086 1476 2133 percunctatus
1502 2079 1676 2132 patriam

321 2149 611 2197 parentesque,
648 2141 753 2182 111101
789 2148 923 2182 001013
953 2141 1129 2195 accepit,
1167 2141 1415 2194 desponsam
1447 2155 1537 2180 eam
1567 2140 1677 2194 prin-

278 2230 296 2247 -‚
323 2205 401 2258 cipi
428 2203 730 2245 Celtiberorum
755 2203 1026 2251 adulescenti,
1064 2202 1238 2242 Aluccio
1269 2217 1420 2242 nomen
1450 2209 1546 2242 erat.
1608 2216 1678 2242 ex-

280 2466 299 2493 4

324 2266 475 2320 templo
500 2265 625 2320 igitur
649 2265 887 2319 parentibus
916 2279 1148 2318 sponsoque
1174 2264 1225 2304 ab
1252 2264 1373 2304 domo
1399 2263 1557 2312 accitis,
1584 2277 1678 2304 cum

322 2328 482 2368 interim
503 2327 677 2375 audiret,
704 2326 886 2380 deperire
908 2340 1001 2366 eum
1028 2340 1203 2380 sponsae
1229 2340 1384 2374 amore,
1411 2325 1482 2366 ubi
1500 2325 1678 2378 primum

324 2390 453 2438 venit,
491 2389 740 2430 accuratiore
777 2403 871 2429 eum
909 2402 1094 2429 sermone
1131 2402 1253 2441 quam
1284 2387 1463 2441 parentis
1496 2386 1679 2439 adloqui-

325 2459 407 2492 tur:
454 2450 650 2492 ‘iuvenis'
680 2451 811 2504 inquit
843 2450 1051 2490 ‘iuvenem
1082 2449 1260 2503 appello,
1306 2447 1425 2503 [quo]
1460 2449 1592 2488 minor
1627 2448 1678 2488 sit

324 2514 428 2553 inter
458 2528 532 2554 nos
564 2513 686 2553 huius
719 2512 918 2553 sermonis
948 2511 1206 2552 verecundia.
1267 2525 1364 2566 ego,
1403 2525 1496 2550 cum
1528 2524 1679 2563 sponsa

324 2582 396 2615 tua
420 2582 539 2628 capta
564 2590 588 2615 3
612 2574 808 2615 militibus
835 2573 984 2614 nostris
1016 2573 1067 2613 ad
1092 2587 1157 2613 me
1183 2573 1306 2613 ducta
1337 2578 1447 2613 esset
1477 2571 1678 2612 audirem-

284 2649 302 2677 5
327 2650 406 2687 que
431 2636 503 2676 tibi
529 2650 619 2676 eam
644 2636 756 2676 cordi
780 2650 872 2676 esse
896 2642 935 2676 et
960 2634 1093 2676 forma
1117 2634 1270 2675 faceret
1294 2633 1430 2682 fidem,
1457 2632 1552 2685 quia
1574 2631 1675 2683 ipse,

329 2696 362 2736 si
387 2696 467 2736 frui
490 2696 629 2737 liceret
653 2696 750 2737 ludo
776 2695 1215 2750 aetatis—praesertim
1241 2695 1282 2734 in
1308 2700 1477 2735 recto-et
1494 2691 1675 2745 legitimo
