1815 3184
537 204 701 251 *LIBER
725 204 895 248 xx1111,
920 205 951 239 2.
971 204 1003 239 3.
1031 207 1078 248 [a.
1095 203 1132 239 c.
1147 204 1229 250 215]
1485 196 1562 237 167

206 307 405 348 Romanis
432 307 589 348 faveret
619 314 659 349 et
688 307 805 362 plebs
837 308 890 348 ad
913 307 1078 349 Poenos
1109 322 1196 349 rem
1227 307 1415 349 traheret.
1475 322 1566 349 eam

207 369 507 410 dissensionem
543 369 586 410 in
627 369 727 410 urbe
762 369 937 424 perfuga
979 369 1137 410 nuntiat
1173 369 1355 411 Bruttis:
1404 368 1567 411 Ar1sto-

207 432 399 472 maehum
437 446 528 473 esse
569 431 796 486 principem
838 433 969 487 plebis
1013 432 1316 485 tradendaeque
1359 438 1567 473 auctorem

207 494 338 543 urbis3
365 500 404 535 et
428 494 470 534 in
495 501 613 536 vasta
637 494 737 535 urbe
756 494 919 548 lataque
940 494 1130 536 omnibus
1150 494 1330 536 disiectis
1350 494 1566 535 moenibus

207 571 319 596 raras
347 556 542 596 stationes
569 556 860 610 custodiasque
893 564 1128 597 senatorum
1159 571 1269 597 esse:
1307 570 1567 610 quacumque

208 618 441 658 custodiant
466 617 597 671 plebis
624 617 829 668 homines,
863 633 911 659 ea
935 625 1074 672 patere
1100 618 1268 659 aditum.
1329 624 1493 659 auctore
1519 631 1567 658 ac

208 679 312 719 duce
337 678 513 733 perfuga
536 679 673 719 Brutti
704 694 854 721 corona
885 680 1099 720 cinxerunt
1128 679 1291 729 urbem,
1329 679 1567 734 acceptique

208 740 259 780 ab
296 740 416 794 plebe
452 741 584 794 primo
626 741 782 796 impetu
825 756 989 782 omnem
1030 748 1190 796 praeter
1230 756 1366 782 arcem
1409 755 1566 795 cepere.

207 816 343 842 arcem
369 802 592 855 optimates
623 803 816 843 tenebant
845 810 1086 857 praeparato
1117 803 1199 844 iam
1230 809 1323 844 ante
1361 802 1414 843 ad
1445 802 1567 843 talem

208 877 351 904 casum
377 863 579 917 perfugio.
630 864 774 904 eodem
788 863 1104 905 Aristomachus
1130 863 1330 919 perfugit,
1357 870 1568 918 tamquam

207 924 380 973 Poenis,
413 940 495 968 non
519 925 692 965 Bruttiis
718 931 860 966 auctor
884 925 997 966 urbis
1023 926 1244 966 tradendae
1269 926 1429 966 fuisset.

292 986 372 1026 III.
433 986 547 1027 Urbs
575 985 702 1027 Croto
738 1001 900 1026 murum
937 987 979 1026 in
1014 987 1186 1027 circuitu
1221 993 1430 1041 patentem
1467 987 1568 1027 duo-

207 1047 339 1087 decim
370 1047 482 1087 milia
511 1062 710 1101 passuum
741 1047 884 1088 habuit
916 1055 1009 1088 ante
1039 1048 1190 1102 Pyrrhi
1219 1049 1262 1088 in
1298 1048 1461 1088 Italiam
1498 1048 1569 1088 ad—

207 1114 386 1148 ventum.
423 1116 517 1162 post
542 1109 775 1150 vastitatem
801 1124 849 1150 eo
874 1109 981 1150 bello
1006 1109 1159 1150 factam
1184 1110 1254 1150 vix
1278 1124 1373 1164 pars
1399 1109 1568 1149 dimidia

206 1168 484 1210 habitabatur:
528 1170 698 1219 flumen,
736 1170 848 1223 quod
878 1170 1015 1211 medio
1046 1171 1198 1225 oppido
1223 1171 1415 1219 fluxerat,
1453 1178 1569 1211 extra

206 1230 437 1283 frequentia
461 1231 578 1272 tectis
603 1231 694 1272 loca
717 1232 1045 1286 praeterfluebat,
1072 1239 1111 1273 et
1132 1248 1204 1273 arx
1223 1232 1365 1287 procul
1385 1232 1443 1272 eis
1463 1246 1568 1285 quae

207 1291 509 1333 habitabantur.
569 1293 748 1334 sedecim
775 1293 887 1334 milia
912 1293 1054 1335 aberat
1079 1294 1157 1348 (in)
1183 1294 1284 1335 urbe
1315 1293 1443 1335 nobili
1468 1300 1569 1335 tem-

206 1353 321 1407 plum
345 1353 436 1408 ipsa
462 1353 561 1395 urbe
586 1354 763 1396 nobilius
788 1355 988 1397 Laciniae
1013 1356 1197 1405 Iunonis,
1226 1363 1414 1398 sanctum
1438 1356 1570 1397 omni-

208 1416 285 1455 bus
322 1415 429 1456 circa
463 1416 639 1470 populis.
700 1416 817 1458 lucus
849 1417 906 1458 ibi
937 1417 1141 1471 frequenti
1172 1418 1276 1459 silva
1313 1424 1352 1459 et
1387 1418 1568 1473 proceris

209 1477 353 1518 abietis
391 1477 604 1519 arboribus
642 1485 808 1532 saeptus
845 1479 952 1520 laeta
986 1480 1027 1520 in
1059 1480 1193 1522 medio
1225 1495 1381 1535 pascua
1411 1480 1567 1529 habuit,

209 1539 280 1579 ubi
305 1539 437 1580 omnis
463 1540 624 1594 generis
651 1555 813 1581 sacrum
838 1541 939 1582 deae
964 1556 1090 1596 pecus
1110 1542 1356 1596 pascebatur
1374 1543 1461 1583 sine
1486 1542 1569 1583 ullo

208 1608 391 1655 pastor03
431 1602 731 1656 separatimque
761 1617 910 1658 greges
943 1604 1006 1644 sui
1031 1604 1230 1657 cuiusque
1259 1605 1423 1659 generis
1450 1611 1569 1645 nocte

209 1662 446 1703 remeabant
481 1664 534 1703 ad
570 1663 731 1704 stabula
771 1678 996 1717 numquam
1037 1666 1196 1707 insidiis
1239 1665 1438 1715 ferarum,
1487 1680 1570 1707 non

210 1724 354 1765 fraude
380 1724 519 1765 violati
550 1725 775 1765 hominum.
835 1726 975 1780 magni
1004 1726 1130 1781 igitur
1159 1726 1318 1768 fructus
1351 1741 1402 1768 ex
1427 1742 1475 1768 eo
1499 1741 1571 1781 pe-

210 1800 303 1827 core
334 1787 442 1840 capti
473 1786 744 1840 columnaque
775 1787 870 1828 inde
902 1802 1026 1828 aurea
1057 1788 1189 1829 solida
1212 1788 1320 1830 facta
1347 1795 1387 1830 et
1412 1795 1570 1829 sacrata

209 1855 289 1897 est,
339 1848 621 1902 inclytumque
658 1849 856 1904 templum
899 1850 1051 1891 divitiis
1097 1850 1238 1900 etiam,
1287 1865 1368 1892 non
1411 1857 1570 1891 tantum

210 1910 423 1950 sanctitate
449 1910 538 1951 fuit.
588 1925 635 1951 ac
660 1911 859 1952 miracula
883 1911 1020 1964 aliqua
1045 1912 1276 1967 adfingunt,
1315 1919 1360 1953 ut
1389 1912 1569 1967 plerum-

209 1986 289 2024 que
314 1978 397 2012 tam
422 1972 655 2027 insignibus
680 1973 793 2014 locis.
854 1972 1005 2014 famast
1036 1989 1148 2014 aram
1179 1988 1271 2015 esse
1296 1974 1338 2014 in
1362 1973 1568 2015 vestibulo

211 2033 369 2086 templi,
408 2034 530 2075 cuius-
550 2034 728 2075 cinerem
753 2034 864 2075 nullo
898 2049 1094 2088 umquam
1124 2036 1280 2076 moveri
1313 2043 1446 2077 vento.
1509 2042 1570 2076 set

212 2109 285 2134 arx
311 2095 521 2146 Crotonis,
558 2112 641 2138 una
670 2104 784 2151 parte
815 2097 1034 2138 imminens
1066 2098 1186 2147 mari,
1225 2098 1351 2139 altera
1374 2103 1570 2152 vergente

212 2156 253 2195 in
279 2171 442 2210 agrum,
481 2158 560 2198 situ
592 2165 750 2199 tantum
775 2158 949 2199 naturali
979 2160 1187 2212 quondam
1213 2160 1389 2209 munita,
1427 2167 1571 2213 postea

213 2224 252 2257 et
277 2233 393 2259 muro
419 2218 608 2269 cinctast,
646 2235 727 2273 qua
751 2235 824 2274 per
848 2235 1013 2261 aversas
1045 2236 1168 2276 rupes
1194 2221 1245 2262 ab
1270 2221 1477 2275 Dionysio
1505 2219 1571 2262 Si-

214 2279 329 2319 ciliae
355 2285 527 2333 tyranno
551 2296 625 2335 per
649 2281 789 2322 dolum
814 2282 947 2323 fuerat
972 2289 1102 2337 capta.
1152 2297 1200 2324 ea
1225 2289 1312 2323 tum
1337 2297 1441 2332 arce,
1470 2283 1567 2323 satis

213 2348 257 2379 ut
276 2341 492 2382 videbatur
517 2348 615 2392 tuta,
644 2342 927 2384 Crotoniatum
953 2345 1169 2398 optimates
1195 2344 1387 2386 tenebant
1412 2359 1468 2393 se,
1496 2345 1572 2385 cir-

214 2403 478 2444 cumsedente
503 2418 596 2445 cum
621 2404 794 2446 Bruttiis
820 2420 890 2446 eos
916 2406 1036 2447 etiam
1069 2406 1189 2461 plebe
1215 2422 1301 2447 sua.
1361 2414 1570 2460 postremo

214 2463 367 2513 Brutti,
406 2479 499 2505 cum
526 2466 610 2506 suis
636 2466 792 2508 viribus
817 2467 1180 2522 inexpugnabilem
1208 2469 1391 2509 viderent
1421 2482 1569 2517 arcem,

213 2527 342 2566 coacti
367 2527 611 2568 necessitate
636 2528 856 2570 Hannonis
882 2530 1080 2570 auxilium
1104 2529 1320 2584 inplorant.
1369 2530 1404 2571 is
1430 2530 1570 2570 condi-

214 2587 399 2629 cionibus
437 2589 489 2630 ad
526 2590 773 2631 deditionem
811 2591 1055 2645 compellere
1088 2591 1348 2633 Crotoniates
1385 2598 1568 2641 conatus,

214 2658 258 2691 ut
288 2651 491 2692 coloniam
516 2651 771 2694 Bruttiorum
802 2668 850 2694 eo
881 2653 1029 2694 deduci
1060 2655 1352 2708 antiquamque
1378 2653 1569 2707 frequen-

1592 321 1610 350 9

1594 628 1635 658 10

1596 815 1631 843 11

1594 1123 1612 1151 [Φ

1599 2414 1639 2443 10

1596 2545 1632 2573 11
