1815 3184
321 210 403 252 392
617 217 770 252 LIBER
794 214 980 262 XXVIII,
1004 218 1036 251 8.
1058 186 1092 252 ὁ.
1122 219 1170 261 [a.
1185 227 1220 251 u.
1235 228 1267 252 c.
1282 217 1363 261 547]

319 330 360 362 et
394 320 541 361 lembis
577 320 724 375 viginti
759 319 954 374 amplius,
998 333 1101 373 quos
1137 327 1184 360 ut
1218 319 1460 374 adiungeret
1487 320 1663 365 Cartha-

319 382 568 437 giniensium
602 382 745 432 classi,
792 382 962 423 miserat
995 382 1038 422 in
1075 380 1338 423 Corinthium
1374 383 1527 432 sinum,
1569 399 1663 438 pro-

317 445 450 485 fectus
487 444 540 484 ad
573 444 776 485 Eruthras
811 444 1084 493 Aetolorum,
1136 458 1240 497 quae
1275 459 1403 499 prope
1438 445 1663 499 Eupalium

274 522 290 550 9
318 514 430 555 sunt,
457 506 741 547 escensionem
764 506 874 547 fecit.
934 506 1045 547 haud
1069 506 1216 547 fefellit
1238 507 1434 548 Aetolos:
1470 522 1567 548 nam
1590 507 1663 548 ho-

315 568 472 608 minum
498 569 608 622 quod
633 576 704 609 aut
732 568 774 608 in
807 568 916 623 agris
942 576 1013 609 aut
1042 568 1084 608 in
1107 568 1349 624 propinquis
1375 569 1555 610 castellis
1579 570 1663 611 Po-

316 631 494 671 tidaniae
525 638 648 684 atque
679 631 928 685 Apolloniae
959 631 1055 680 fuit,
1097 631 1140 671 in
1171 631 1296 672 silvas
1327 640 1570 685 montesque
1599 647 1663 673 re-

251 706 292 736 10
316 693 421 748 fugit
430 710 440 742 3
477 707 646 748 pecora,
684 708 790 747 quae
814 694 920 734 inter
944 693 1251 735 festinationem
1275 694 1386 749 abigi
1408 694 1661 747 nequierant,

316 763 411 795 sunt
446 755 605 809 direpta
641 764 681 796 et
715 756 758 796 in
793 770 921 796 naves
959 755 1170 810 conpulsa.
1230 770 1325 796 cum
1358 756 1408 797 iis
1445 764 1662 809 ceteraque

313 817 469 871 praeda
496 817 615 858 Nicia
649 825 838 872 praetore
867 817 1133 860 Achaeorum
1167 818 1350 873 Aegium
1384 818 1532 868 misso,
1569 832 1663 859 cum

315 878 562 920 Corinthum
592 880 782 935 petisset,
819 880 1022 934 pedestris
1053 880 1148 921 inde
1179 880 1319 935 copias
1349 895 1423 936 per
1446 880 1664 922 Boeotiam

249 956 285 984 11
314 950 422 982 terra
448 942 541 982 duci
571 942 704 983 iussit.
763 942 852 997 ipse
884 943 936 983 ab
963 941 1188 984 Cenchreis
1218 950 1381 997 praeter
1410 950 1561 983 terram
1585 943 1663 984 At—

313 1004 436 1045 ticam
462 1020 585 1059 super
600 1004 777 1045 Sunium
801 1005 1004 1060 navigans
1029 1005 1135 1046 inter
1153 1005 1310 1046 medias
1334 1020 1464 1060 prope
1482 1005 1663 1047 hostium

248 1079 287 1109 12
314 1067 468 1108 classes
496 1066 738 1108 Chalcidem
763 1068 968 1122 pervenit3
1005 1068 1100 1109 inde
1131 1068 1376 1109 conlaudata
1404 1068 1485 1109 fide
1511 1082 1558 1109 ac
1582 1068 1663 1108 vir-

313 1136 417 1178 tute,
455 1130 565 1182 quod
589 1144 723 1183 neque
748 1130 869 1171 timor
893 1144 970 1171 nec
995 1145 1089 1184 spes
1114 1130 1299 1171 flexisset
1323 1145 1464 1171 eorum
1489 1130 1660 1180 animos,

312 1190 582 1244 hortatusque
607 1190 856 1246 oppugna[ti
879 1200 925 1232 ut
949 1192 1095 1233 eadem
1120 1192 1350 1233 constantia
1373 1199 1663 1247 permanerent

311 1252 354 1292 in
380 1252 593 1302 societate,
632 1253 667 1294 si
693 1269 810 1294 suam
835 1268 959 1307 quam
985 1253 1255 1295 Oritanorum
1286 1262 1407 1307 atque
1433 1253 1662 1309 Opun]tio-

247 1328 286 1357 13
311 1329 403 1355 rum
427 1315 634 1356 fortunam
657 1316 844 1365 mallent,
873 1317 923 1357 ab
951 1314 1149 1357 Chalcide
1176 1315 1335 1357 Oreum
1358 1316 1527 1370 navigat
1549 1315 1661 1370 prin-

312 1377 531 1432 cipumque
561 1378 630 1427 iis,
668 1378 738 1431 qui
768 1378 913 1433 fugere
950 1386 1071 1433 capta
1100 1379 1200 1419 urbe
1232 1393 1355 1431 quam
1385 1393 1429 1418 se
1459 1378 1659 1419 Romanis

311 1439 472 1480 tradere
496 1440 742 1489 maluerant,
786 1455 947 1481 summa
976 1455 1112 1481 rerum
1143 1447 1183 1480 et
1214 1439 1401 1480 custodia
1432 1439 1544 1480 urbis
1569 1455 1662 1494 per-

312 1500 457 1550 missa,
494 1501 583 1555 ipse
612 1501 926 1542 Demetriadem
958 1502 1009 1542 ab
1034 1502 1225 1550 Euboea,
1263 1502 1371 1541 unde
1401 1501 1579 1556 primum
1609 1501 1661 1542 ad

246 1575 287 1605 14
312 1577 432 1616 opem
464 1563 676 1603 ferendam
708 1563 828 1604 sociis
860 1564 1071 1619 profectus
1104 1570 1208 1612 erat,
1247 1563 1417 1604 traiecit.
1479 1561 1662 1604 Cassan-

310 1624 432 1664 dreae
470 1624 617 1665 deinde
655 1633 819 1665 centum
861 1625 1029 1665 navium
1069 1625 1287 1679 longarum
1331 1624 1479 1666 carinis
1515 1624 1660 1679 positis

310 1694 600 1739 contractaque
638 1687 690 1727 ad
720 1687 915 1727 effectum
945 1687 1032 1728 eius
1064 1687 1199 1741 operis
1232 1686 1492 1727 multitudine
1523 1687 1661 1728 fabro-

309 1763 399 1788 rum
436 1748 662 1797 navalium,
701 1749 796 1802 quia
830 1764 896 1790 res
933 1749 975 1790 in
1001 1748 1178 1790 Graecia
1213 1749 1454 1802 tranquillas
1492 1756 1532 1789 et
1566 1764 1640 1804 pro

309 1810 432 1852 sectio
469 1811 602 1851 Attali
638 1811 792 1852 fecerat
829 1819 868 1852 et
909 1811 951 1852 in
992 1820 1176 1866 tempore
1218 1811 1499 1852 laborantibus
1533 1811 1658 1852 sociis

308 1873 437 1913 latum
473 1874 524 1914 ab
563 1889 606 1914 se
642 1874 857 1922 auxilium,
905 1882 1014 1916 retro
1050 1875 1093 1914 in
1126 1888 1302 1929 regnum
1339 1872 1567 1923 concessit,
1614 1881 1657 1913 ut

308 1935 518 1976 Dardanis
546 1936 699 1976 bellum
723 1936 906 1977 inferret.

265 2011 280 2039 1
390 1997 538 2040 VIIII.
597 1999 798 2040 Extremo
830 1999 998 2040 aestatis
1030 1998 1135 2048 eius,
1173 2013 1253 2052 qua
1282 1998 1385 2039 haec
1413 1998 1456 2038 in
1482 1997 1659 2039 Graecia

308 2066 427 2113 gesta
452 2068 566 2109 sunt,
604 2074 697 2101 cum
723 2060 776 2112 Q.
801 2060 958 2101 Fabius
982 2060 1161 2101 Maximi
1189 2060 1298 2101 filius
1328 2061 1489 2115 legatus
1516 2060 1567 2101 ab
1592 2060 1656 2101 M.

307 2122 431 2163 Livio
457 2122 626 2163 consule
650 2123 828 2164 Romam
859 2124 911 2164 ad
941 2131 1130 2164 senatum
1160 2123 1408 2172 nuntiasset,
1447 2123 1659 2164 consulem

308 2184 407 2225 satis
433 2184 628 2239 praesidii
643 2184 804 2226 Galliae
828 2186 1064 2241 provinciae
1090 2186 1256 2227 credere
1276 2185 1540 2226 L.P0rcium
1565 2200 1658 2226 cum

307 2246 392 2287 suis
418 2246 650 2302 legionibus
677 2262 788 2297 esse,
826 2248 1025 2289 decedere
1057 2263 1100 2289 se
1125 2248 1220 2289 inde
1247 2262 1294 2288 ac
1325 2248 1473 2288 deduci
1503 2247 1658 2289 exerci-

263 2317 393 2350 2tu1n
430 2309 689 2351 consularem
724 2325 867 2364 posse,
903 2318 1042 2364 patres
1079 2325 1163 2351 non
1196 2310 1259 2351 M.
1291 2310 1462 2350 Livium
1498 2317 1658 2350 tantum

305 2370 438 2411 redire
464 2371 516 2412 ad
539 2371 702 2420 urbem,
730 2372 804 2412 sed
829 2373 1045 2427 conlegam
1070 2386 1233 2426 quoque
1259 2372 1346 2413 eius
1368 2370 1418 2413 C.
1435 2370 1657 2413 Claudium

263 2446 281 2475 3
305 2432 525 2474 iusserunt.
584 2433 627 2474 id
662 2434 785 2475 modo
816 2434 859 2474 in
889 2434 1054 2475 decreto
1084 2434 1289 2483 interfuit,
1332 2434 1443 2487 quod
1471 2434 1534 2476 M.
1558 2432 1657 2474 Livi

307 2496 532 2537 exereitum
560 2497 719 2546 reduci,
755 2498 932 2539 Neronis
968 2498 1154 2553 legiones
1184 2498 1414 2539 Hannibali
1443 2497 1653 2553 oppositas

262 2572 279 2599 4
307 2573 471 2600 manere
507 2559 550 2599 in
583 2560 797 2614 provincia
831 2560 1052 2602 iusserunt.
1122 2561 1227 2602 inter
1264 2561 1454 2603 consules
1491 2560 1548 2600 ita
1581 2574 1655 2614 per

304 2620 459 2661 litteras
487 2623 689 2671 convenit,
715 2631 761 2663 ut
785 2638 906 2676 quem
933 2624 985 2664 ad
1008 2624 1178 2665 modum
1202 2639 1284 2664 uno
1309 2623 1444 2664 animo
1468 2637 1555 2662 rem
1577 2635 1653 2674 pu-

306 2681 456 2722 blicam
480 2684 728 2737 gessissent,
758 2684 834 2734 ita,
867 2700 1115 2739 quamquam
1140 2700 1191 2726 ex
1216 2684 1390 2726 diversis
1413 2681 1650 2737 regionibus
