1815 3184
325 230 407 270 446
623 233 775 267 LIBER
799 217 1003 275 xxv1111,
1030 232 1061 264 4.
1083 232 1114 265 5.
1143 235 1241 274 [a.u.
1257 232 1382 276 0549]

282 357 299 384 5
324 347 431 387 rent3
469 337 521 377 ad
546 336 771 390 Magonem
803 349 885 374 non
909 333 1035 387 legati
1059 333 1199 382 modo,
1233 333 1306 373 sed
1329 334 1476 388 viginti
1499 336 1677 388 quinque

323 401 470 453 longae
506 412 651 446 naves,
691 411 763 436 sex
800 396 909 435 milia
940 395 1144 449 pediturn,
1187 395 1411 449 octingenti
1447 395 1604 447 equites
1640 406 1680 436 et

325 469 482 515 septem
514 458 737 512 elephanti,
776 458 828 498 ad
858 457 937 498 hoc
962 472 1113 511 magna
1137 456 1311 510 pecunia
1336 457 1388 496 ad
1413 457 1701 497 conducenda.

324 523 492 570 auxilia,
519 521 669 574 quibus
695 520 825 560 fretus
851 520 1019 574 propius
1041 519 1185 560 urbem
1204 519 1434 560 Romanam
1455 519 1678 559 exercitum

281 599 296 626 7
324 584 559 625 admoveret
584 583 931 636 coniungeretque
957 588 1000 621 se
1023 581 1258 623 Hannibali.
1307 581 1408 621 haec
1430 580 1680 635 Carthagine

323 645 524 699 parabant
556 643 862 698 agitabantque.
922 643 975 683 ad
999 643 1192 682 Laelium
1221 642 1395 696 praedas
1426 642 1604 696 ingentis
1631 657 1682 682 ex

324 722 423 761 agro
454 707 599 746 inermi
630 720 676 745 ac
702 706 813 745 nudo
839 705 1054 758 praesidiis
1080 710 1270 758 agentem
1295 703 1538 752 EIasinissa,
1570 703 1683 744 fama

281 782 300 810 s
326 769 539 809 Romanae
565 767 709 808 elassis
736 767 913 814 excitus,
948 781 1041 806 cum
1067 765 1271 818 equitibus
1297 765 1439 819 paucis
1464 765 1586 805 venit.
1646 765 1681 805 is

325 830 504 884 segniter
528 843 614 869 rem
640 828 707 882 agi
733 828 784 868 ab
807 826 1000 881 Scipione
1025 833 1217 879 questus,
1245 827 1356 879 quod
1381 833 1468 866 tum
1491 840 1575 866 non
1598 825 1680 865 iam

325 891 549 932 exercitum
573 891 616 930 in
634 890 823 930 Africam
843 889 1086 937 traiecisset,
1113 888 1313 942 perculsis
1331 887 1683 941 Carthaginiensi-

325 953 421 1001 bus,
463 951 654 1006 Syphace
690 951 887 1004 impedito
917 950 1114 990 finitumis
1146 950 1283 998 bellis,
1321 963 1443 1002 quem
1479 949 1683 989 incertum

326 1014 511 1055 haerere:
551 1013 586 1053 si
618 1013 796 1066 spatium
827 1012 879 1052 ad
906 1028 997 1061 sua,
1029 1019 1074 1052 ut
1098 1012 1213 1060 velit,
1246 1011 1529 1065 componenda
1553 1011 1682 1057 detur,

281 1092 298 1119 a
325 1075 425 1115 nihil
457 1075 615 1115 sincera
645 1075 725 1114 fide
757 1089 850 1114 cum
881 1074 1081 1114 Romanis
1119 1080 1318 1113 acturum.
1379 1072 1609 1126 hortaretur
1644 1078 1683 1110 et

326 1137 551 1177 stimularet
578 1135 834 1189 Scipionem,
865 1150 917 1175 ne
943 1144 1140 1183 cessaret3
1180 1149 1242 1182 se,
1275 1147 1525 1186 quamquam
1555 1147 1683 1187 regno

325 1198 469 1251 pulsus
502 1204 629 1245 esset,
668 1211 762 1236 cum
793 1196 903 1236 haud
935 1195 1243 1235 contemnendis
1279 1194 1406 1248 copiis
1444 1193 1682 1234 adfuturum

326 1259 510 1312 peditum
536 1258 813 1310 equitumque.
863 1271 938 1297 nec
957 1257 1037 1310 ipsi
1054 1256 1202 1296 Laelio
1222 1255 1465 1295 morandum
1484 1255 1525 1294 in
1538 1253 1685 1295 Africa

326 1335 437 1369 esse3
476 1320 651 1360 classem
683 1319 847 1359 credere
878 1318 1105 1372 profectam
1131 1333 1154 1358 a
1181 1316 1452 1371 Carthagine,
1485 1330 1579 1356 cum
1604 1330 1685 1368 qua

328 1381 499 1423 absente
527 1380 720 1434 Scipione
745 1395 827 1420 non
853 1379 951 1420 satis
978 1386 1116 1418 tutum.
1137 1393 1227 1419 esse
1254 1378 1438 1418 contrahi
1463 1384 1682 1418 certamen.

285 1458 299 1486 1
411 1442 464 1483 V.
524 1442 594 1482 Ab
621 1442 698 1482 hoc
725 1455 912 1481 sermone
939 1441 1109 1480 dimisso
1135 1440 1381 1488 Masinissa,
1413 1439 1586 1479 Laelius
1612 1453 1685 1493 po-

327 1512 434 1545 stero
477 1504 542 1544 die
584 1518 711 1543 naves
749 1503 902 1556 pracda
938 1508 1107 1542 onustas
1146 1500 1197 1541 ab
1235 1500 1430 1554 Hippone
1469 1500 1588 1540 solvit
1623 1515 1686 1540 re-

324 1574 549 1618 vectusque
574 1566 617 1605 in
644 1563 827 1607 Siciliam
854 1564 1047 1603 mandata
1074 1562 1260 1616 Scipioni
1285 1562 1488 1616 exposuit.
1661 1562 1663 1565 ’

283 1642 300 1669 2
413 1627 586 1667 Eisdem
620 1626 749 1666 ferme
783 1624 927 1665 (liebus
959 1626 1111 1673 naves,
1143 1639 1248 1677 quae
1281 1623 1331 1664 ab
1360 1623 1609 1678 Carthagine
1635 1623 1687 1663 ad

326 1688 553 1743 Magonem
583 1687 735 1728 missae
767 1694 899 1735 crant,
939 1687 1044 1726 inter
1073 1685 1363 1740 Albingaunos
1394 1685 1574 1739 Ligures
1602 1682 1686 1725 Ge-

283 1764 301 1792 3
326 1764 532 1803 nuamquc
559 1755 834 1790 accesserunt.
873 1748 914 1788 in
940 1749 989 1788 iis
1015 1748 1115 1788 locis
1142 1754 1229 1787 tum
1249 1747 1353 1787 forte
1372 1746 1503 1800 Mago
1522 1745 1687 1787 tenebat

326 1812 520 1860 classem3
547 1811 617 1864 qui
636 1811 867 1865 legatorum
893 1810 1041 1850 auditis
1068 1809 1204 1849 verbis
1230 1808 1458 1849 iubentium
1484 1807 1686 1848 exercitus

327 1888 449 1926 quam
481 1873 683 1913 maximos
716 1886 973 1926 comparare,
1012 1870 1218 1925 extemplo
1246 1866 1459 1911 Gallorum
1491 1876 1529 1909 et
1554 1869 1688 1923 Ligu-

326 1951 417 1975 rum
441 1959 475 1963 —
498 1949 675 1987 namque
701 1935 915 1987 utriusque.
940 1934 1075 1988 gentis
1104 1933 1251 1988 ingens
1277 1932 1334 1972 ibi
1359 1931 1576 1971 multitudo
1603 1939 1687 1970 erat

282 2012 302 2039 4
327 2023 360 2027 -
385 1997 601 2038 concilium
627 1996 783 2037 habuit.
845 2003 884 2036 et
908 1996 1083 2036 missum
1110 2009 1153 2035 se
1178 1995 1231 2035 ad
1256 2008 1325 2034 eos
1351 1992 1619 2033 vindicandos
1644 1993 1686 2032 in

326 2060 556 2100 libertatem
582 2059 637 2098 ait
662 2066 719 2106 et,
746 2064 789 2098 ut
814 2058 895 2111 ipsi
920 2064 1106 2106 cernant,
1132 2056 1238 2096 mitti
1260 2055 1338 2096 sibi
1357 2054 1408 2095 ab
1429 2055 1550 2094 domo
1569 2068 1687 2107 prae-

329 2121 451 2170 sidia,
485 2121 559 2161 sed
583 2120 746 2172 quantis
772 2119 947 2167 viribus,
981 2125 1135 2171 quanto
1160 2117 1341 2158 exercitu
1366 2117 1409 2156 id
1431 2115 1586 2156 bellum
1616 2129 1688 2169 ge-

284 2197 302 2225 5
327 2191 439 2224 ratur
468 2183 511 2222 in
542 2197 682 2223 eorum
713 2188 916 2236 potestate
947 2195 1056 2221 esse:
1095 2181 1198 2220 duos
1235 2179 1437 2219 exercitus
1462 2177 1687 2225 Romanos,

330 2260 455 2285 unum
490 2245 532 2284 in
570 2242 725 2292 Gallia,
765 2243 937 2283 alterum
973 2243 1015 2282 in
1051 2241 1220 2282 Etruria
1258 2255 1362 2281 esse.
1434 2239 1533 2280 satis
1571 2239 1686 2287 scire,

332 2306 403 2360 Sp.
431 2306 673 2347 Lucretium
700 2320 743 2346 se
769 2320 862 2345 cum
888 2304 949 2345 M.
970 2304 1095 2344 Livio
1120 2304 1366 2344 iuncturum.
1423 2302 1551 2342 multa
1575 2300 1687 2340 milia

330 2369 525 2409 armanda
561 2382 670 2416 esse,
714 2374 758 2407 ut
795 2366 956 2407 duobus
993 2365 1187 2414 ducibus,
1232 2364 1393 2405 duobus
1439 2361 1685 2404 exercitibus

287 2443 304 2470 6
330 2430 528 2470 Romanis
560 2430 785 2470 resistatur.
848 2427 959 2469 Galli
985 2443 1188 2469 summam
1214 2427 1266 2467 ad
1290 2427 1332 2466 id
1359 2440 1476 2466 suam
1501 2424 1687 2465 volunta-

331 2499 412 2532 tem
443 2507 533 2533 esse
565 2492 718 2540 dicere3
754 2491 826 2532 sed
852 2505 946 2537 cum
970 2506 1053 2531 una
1078 2498 1211 2531 castra
1239 2489 1428 2530 Romana
1452 2488 1558 2527 intra-
1582 2485 1686 2533 finis,

332 2554 457 2594 altera
491 2554 533 2593 in
568 2554 740 2594 finitima
777 2564 883 2593 terra
912 2552 1080 2593 Etruria
1115 2566 1240 2606 prope
1277 2551 1319 2590 in
1355 2554 1579 2603 conspectu
1615 2547 1686 2586 ha-

333 2615 472 2662 beant,
513 2615 543 2655 si
577 2615 714 2668 palan]
746 2615 817 2654 fiat
853 2614 1016 2655 auxiliis
1054 2614 1238 2654 adiutum
1275 2612 1326 2652 ab
1365 2625 1455 2665 sese
1485 2609 1684 2654 Poenum,

334 2676 538 2728 extemplo
569 2676 742 2716 infestos
774 2676 979 2729 utrimque
1011 2675 1213 2715 exercitus
1245 2675 1286 2713 in
1311 2687 1456 2727 agrum
1483 2684 1602 2712 suum
1627 2668 1685 2707 in-
