<?xml version="1.0" encoding="UTF-8"?>
<!DOCTYPE html PUBLIC "-//W3C//DTD XHTML 1.0 Transitional//EN"
    "http://www.w3.org/TR/xhtml1/DTD/xhtml1-transitional.dtd">
<html xmlns="http://www.w3.org/1999/xhtml" xml:lang="en" lang="en">
 <head>
  <title>
</title>
<meta http-equiv="Content-Type" content="text/html;charset=utf-8" />
  <meta name='ocr-system' content='tesseract 3.04.00' />
  <meta name='ocr-capabilities' content='ocr_page ocr_carea ocr_par ocr_line ocrx_word'/>
</head>
<body>
  <div class='ocr_page' id='page_1' title='image "./aburbeconditalib02livyuoft_0108.png"; bbox 0 0 1815 3184; ppageno 0'>
   <div class='ocr_carea' id='block_1_1' title="bbox 246 898 262 924">
    <p class='ocr_par' dir='ltr' id='par_1_1' title="bbox 246 898 262 924">
     <span class='ocr_line' id='line_1_1' title="bbox 246 898 262 924; baseline 0 -4"><span class='ocrx_word' id='word_1_1' title='bbox 246 898 262 924; x_wconf 67' lang='grc'>51</span> 
     </span>
    </p>
   </div>
   <div class='ocr_carea' id='block_1_2' title="bbox 226 1083 264 1109">
    <p class='ocr_par' dir='ltr' id='par_1_2' title="bbox 226 1083 264 1109">
     <span class='ocr_line' id='line_1_2' title="bbox 226 1083 264 1109; baseline -0.026 0"><span class='ocrx_word' id='word_1_2' title='bbox 226 1083 264 1109; x_wconf 79' lang='lat' dir='ltr'>lo</span> 
     </span>
    </p>
   </div>
   <div class='ocr_carea' id='block_1_3' title="bbox 247 1389 264 1416">
    <p class='ocr_par' dir='ltr' id='par_1_3' title="bbox 247 1389 264 1416">
     <span class='ocr_line' id='line_1_3' title="bbox 247 1389 264 1416; textangle 90"><span class='ocrx_word' id='word_1_3' title='bbox 247 1389 264 1416; x_wconf 64' lang='lat'>10</span> 
     </span>
    </p>
   </div>
   <div class='ocr_carea' id='block_1_4' title="bbox 246 2131 263 2160">
    <p class='ocr_par' dir='ltr' id='par_1_4' title="bbox 246 2131 263 2160">
     <span class='ocr_line' id='line_1_4' title="bbox 246 2131 263 2160; baseline 0 0"><span class='ocrx_word' id='word_1_4' title='bbox 246 2131 263 2160; x_wconf 84' lang='lat'>5</span> 
     </span>
    </p>
   </div>
   <div class='ocr_carea' id='block_1_5' title="bbox 247 2316 263 2345">
    <p class='ocr_par' dir='ltr' id='par_1_5' title="bbox 247 2316 263 2345">
     <span class='ocr_line' id='line_1_5' title="bbox 247 2316 263 2345; baseline 0 0"><span class='ocrx_word' id='word_1_5' title='bbox 247 2316 263 2345; x_wconf 83' lang='lat'>6</span> 
     </span>
    </p>
   </div>
   <div class='ocr_carea' id='block_1_6' title="bbox 248 2442 263 2470">
    <p class='ocr_par' dir='ltr' id='par_1_6' title="bbox 248 2442 263 2470">
     <span class='ocr_line' id='line_1_6' title="bbox 248 2442 263 2470; baseline 0 0"><span class='ocrx_word' id='word_1_6' title='bbox 248 2442 263 2470; x_wconf 83' lang='lat'>7</span> 
     </span>
    </p>
   </div>
   <div class='ocr_carea' id='block_1_7' title="bbox 247 2561 266 2591">
    <p class='ocr_par' dir='ltr' id='par_1_7' title="bbox 247 2561 266 2591">
     <span class='ocr_line' id='line_1_7' title="bbox 247 2561 266 2591; baseline 0 0"><span class='ocrx_word' id='word_1_7' title='bbox 247 2561 266 2591; x_wconf 80' lang='lat' dir='ltr'>S</span> 
     </span>
    </p>
   </div>
   <div class='ocr_carea' id='block_1_8' title="bbox 291 216 1296 266">
    <p class='ocr_par' dir='ltr' id='par_1_8' title="bbox 291 216 1296 266">
     <span class='ocr_line' id='line_1_8' title="bbox 291 216 1296 266; baseline -0.002 -10"><span class='ocrx_word' id='word_1_8' title='bbox 291 216 318 255; x_wconf 82' lang='lat'>4</span> <span class='ocrx_word' id='word_1_9' title='bbox 635 223 789 256; x_wconf 40' lang='lat' dir='ltr'>121ssssss</span> <span class='ocrx_word' id='word_1_10' title='bbox 814 222 924 266; x_wconf 89' lang='lat' dir='ltr'>xx1,</span> <span class='ocrx_word' id='word_1_11' title='bbox 949 222 980 255; x_wconf 82' lang='lat'>4.</span> <span class='ocrx_word' id='word_1_12' title='bbox 1001 222 1032 255; x_wconf 78' lang='lat'>5.</span> <span class='ocrx_word' id='word_1_13' title='bbox 1060 224 1155 264; x_wconf 55' lang='lat' dir='ltr'>[au.</span> <span class='ocrx_word' id='word_1_14' title='bbox 1172 222 1296 265; x_wconf 78' lang='lat' dir='ltr'>c.536]</span> 
     </span>
    </p>
   </div>
   <div class='ocr_carea' id='block_1_9' title="bbox 287 323 1650 1616">
    <p class='ocr_par' dir='ltr' id='par_1_9' title="bbox 287 323 1648 861">
     <span class='ocr_line' id='line_1_9' title="bbox 291 323 1645 379; baseline -0.001 -12"><span class='ocrx_word' id='word_1_15' title='bbox 291 328 438 367; x_wconf 89' lang='lat' dir='ltr'>modus</span> <span class='ocrx_word' id='word_1_16' title='bbox 464 327 616 374; x_wconf 87' lang='lat' dir='ltr'>finitus,</span> <span class='ocrx_word' id='word_1_17' title='bbox 643 325 877 379; x_wconf 67' lang='lat' dir='ltr'>vigiliarum</span> <span class='ocrx_word' id='word_1_18' title='bbox 903 323 1116 376; x_wconf 81' lang='lat' dir='ltr'>somnique</span> <span class='ocrx_word' id='word_1_19' title='bbox 1140 338 1217 364; x_wconf 90' lang='lat' dir='ltr'>nce</span> <span class='ocrx_word' id='word_1_20' title='bbox 1242 324 1306 364; x_wconf 87' lang='lat' dir='ltr'>die</span> <span class='ocrx_word' id='word_1_21' title='bbox 1331 338 1407 364; x_wconf 89' lang='lat' dir='ltr'>nee</span> <span class='ocrx_word' id='word_1_22' title='bbox 1426 331 1543 365; x_wconf 89' lang='lat' dir='ltr'>nocte</span> <span class='ocrx_word' id='word_1_23' title='bbox 1564 325 1645 365; x_wconf 88' lang='lat' dir='ltr'>dis-</span> 
     </span>
     <span class='ocr_line' id='line_1_10' title="bbox 291 386 1643 441; baseline -0.002 -11"><span class='ocrx_word' id='word_1_24' title='bbox 291 390 502 430; x_wconf 86' lang='lat' dir='ltr'>criminata</span> <span class='ocrx_word' id='word_1_25' title='bbox 538 395 740 441; x_wconf 87' lang='lat' dir='ltr'>tempora:</span> <span class='ocrx_word' id='word_1_26' title='bbox 784 387 826 427; x_wconf 88' lang='lat' dir='ltr'>id</span> <span class='ocrx_word' id='word_1_27' title='bbox 862 387 972 439; x_wconf 87' lang='lat' dir='ltr'>quod</span> <span class='ocrx_word' id='word_1_28' title='bbox 1009 386 1199 441; x_wconf 76' lang='lat' dir='ltr'><strong>gerendis</strong></span> <span class='ocrx_word' id='word_1_29' title='bbox 1236 386 1358 427; x_wconf 88' lang='lat' dir='ltr'>rebus</span> <span class='ocrx_word' id='word_1_30' title='bbox 1397 394 1643 440; x_wconf 72' lang='lat' dir='ltr'>superesset,</span> 
     </span>
     <span class='ocr_line' id='line_1_11' title="bbox 289 448 1646 503; baseline -0.001 -13"><span class='ocrx_word' id='word_1_31' title='bbox 289 451 415 503; x_wconf 86' lang='lat' dir='ltr'>quieti</span> <span class='ocrx_word' id='word_1_32' title='bbox 441 451 598 497; x_wconf 83' lang='lat' dir='ltr'>datum,</span> <span class='ocrx_word' id='word_1_33' title='bbox 632 464 679 489; x_wconf 91' lang='lat' dir='ltr'>ea</span> <span class='ocrx_word' id='word_1_34' title='bbox 704 463 837 501; x_wconf 86' lang='lat' dir='ltr'>neque</span> <span class='ocrx_word' id='word_1_35' title='bbox 864 448 977 488; x_wconf 91' lang='lat' dir='ltr'>molli</span> <span class='ocrx_word' id='word_1_36' title='bbox 1009 455 1134 488; x_wconf 88' lang='lat' dir='ltr'>strato</span> <span class='ocrx_word' id='word_1_37' title='bbox 1159 462 1292 501; x_wconf 88' lang='lat' dir='ltr'>neque</span> <span class='ocrx_word' id='word_1_38' title='bbox 1325 448 1484 489; x_wconf 85' lang='lat' dir='ltr'>silentio</span> <span class='ocrx_word' id='word_1_39' title='bbox 1510 463 1646 489; x_wconf 86' lang='lat' dir='ltr'>accer-</span> 
     </span>
     <span class='ocr_line' id='line_1_12' title="bbox 291 510 1646 564; baseline -0.001 -13"><span class='ocrx_word' id='word_1_40' title='bbox 291 513 385 561; x_wconf 84' lang='lat' dir='ltr'>sita3</span> <span class='ocrx_word' id='word_1_41' title='bbox 418 511 534 551; x_wconf 87' lang='lat' dir='ltr'>multi</span> <span class='ocrx_word' id='word_1_42' title='bbox 561 525 683 564; x_wconf 82' lang='lat' dir='ltr'>saepe</span> <span class='ocrx_word' id='word_1_43' title='bbox 714 510 879 550; x_wconf 85' lang='lat' dir='ltr'>militari</span> <span class='ocrx_word' id='word_1_44' title='bbox 911 510 1056 564; x_wconf 86' lang='lat' dir='ltr'>sagulo</span> <span class='ocrx_word' id='word_1_45' title='bbox 1088 519 1274 563; x_wconf 89' lang='lat' dir='ltr'>opertum</span> <span class='ocrx_word' id='word_1_46' title='bbox 1305 510 1420 549; x_wconf 87' lang='lat' dir='ltr'>humi</span> <span class='ocrx_word' id='word_1_47' title='bbox 1444 510 1646 550; x_wconf 89' lang='lat' dir='ltr'>iacentem</span> 
     </span>
     <span class='ocr_line' id='line_1_13' title="bbox 289 572 1647 625; baseline -0.001 -12"><span class='ocrx_word' id='word_1_48' title='bbox 289 574 393 613; x_wconf 88' lang='lat' dir='ltr'>inter</span> <span class='ocrx_word' id='word_1_49' title='bbox 418 572 624 612; x_wconf 72' lang='lat' dir='ltr'>custodias</span> <span class='ocrx_word' id='word_1_50' title='bbox 652 572 930 625; x_wconf 85' lang='lat' dir='ltr'>stationesque</span> <span class='ocrx_word' id='word_1_51' title='bbox 955 572 1130 611; x_wconf 84' lang='lat' dir='ltr'>militum</span> <span class='ocrx_word' id='word_1_52' title='bbox 1163 580 1475 625; x_wconf 88' lang='lat' dir='ltr'>conspexerunt.</span> <span class='ocrx_word' id='word_1_53' title='bbox 1524 572 1647 612; x_wconf 80' lang='lat' dir='ltr'>vesti-</span> 
     </span>
     <span class='ocr_line' id='line_1_14' title="bbox 290 633 1648 687; baseline -0.001 -13"><span class='ocrx_word' id='word_1_54' title='bbox 290 644 354 675; x_wconf 84' lang='lat' dir='ltr'>tus</span> <span class='ocrx_word' id='word_1_55' title='bbox 380 634 479 674; x_wconf 89' lang='lat' dir='ltr'>nihil</span> <span class='ocrx_word' id='word_1_56' title='bbox 505 634 609 674; x_wconf 90' lang='lat' dir='ltr'>inter</span> <span class='ocrx_word' id='word_1_57' title='bbox 633 634 826 686; x_wconf 82' lang='lat' dir='ltr'>aequales</span> <span class='ocrx_word' id='word_1_58' title='bbox 848 633 1065 682; x_wconf 86' lang='lat' dir='ltr'>excellens,</span> <span class='ocrx_word' id='word_1_59' title='bbox 1092 648 1205 673; x_wconf 89' lang='lat' dir='ltr'>arma</span> <span class='ocrx_word' id='word_1_60' title='bbox 1225 641 1346 686; x_wconf 89' lang='lat' dir='ltr'>atque</span> <span class='ocrx_word' id='word_1_61' title='bbox 1367 633 1460 686; x_wconf 91' lang='lat' dir='ltr'>equi</span> <span class='ocrx_word' id='word_1_62' title='bbox 1486 634 1648 687; x_wconf 87' lang='lat' dir='ltr'>conspi-</span> 
     </span>
     <span class='ocr_line' id='line_1_15' title="bbox 289 694 1646 749; baseline -0.001 -13"><span class='ocrx_word' id='word_1_63' title='bbox 289 696 513 736; x_wconf 77' lang='lat' dir='ltr'>ciebantur.</span> <span class='ocrx_word' id='word_1_64' title='bbox 564 696 748 748; x_wconf 90' lang='lat' dir='ltr'>equitum</span> <span class='ocrx_word' id='word_1_65' title='bbox 779 695 1046 749; x_wconf 79' lang='lat' dir='ltr'>peditumque</span> <span class='ocrx_word' id='word_1_66' title='bbox 1078 695 1186 734; x_wconf 87' lang='lat' dir='ltr'>idem</span> <span class='ocrx_word' id='word_1_67' title='bbox 1212 694 1334 749; x_wconf 85' lang='lat' dir='ltr'>longe</span> <span class='ocrx_word' id='word_1_68' title='bbox 1365 695 1521 748; x_wconf 87' lang='lat' dir='ltr'>primus</span> <span class='ocrx_word' id='word_1_69' title='bbox 1548 702 1646 743; x_wconf 85' lang='lat' dir='ltr'>erat,</span> 
     </span>
     <span class='ocr_line' id='line_1_16' title="bbox 287 757 1648 812; baseline 0 -15"><span class='ocrx_word' id='word_1_70' title='bbox 287 758 478 812; x_wconf 87' lang='lat' dir='ltr'>princeps</span> <span class='ocrx_word' id='word_1_71' title='bbox 510 758 550 797; x_wconf 92' lang='lat' dir='ltr'>in</span> <span class='ocrx_word' id='word_1_72' title='bbox 576 758 777 811; x_wconf 83' lang='lat' dir='ltr'>proelium</span> <span class='ocrx_word' id='word_1_73' title='bbox 801 757 904 806; x_wconf 88' lang='lat' dir='ltr'>ibat,</span> <span class='ocrx_word' id='word_1_74' title='bbox 936 757 1104 798; x_wconf 80' lang='lat' dir='ltr'>ultimus</span> <span class='ocrx_word' id='word_1_75' title='bbox 1131 764 1318 797; x_wconf 88' lang='lat' dir='ltr'>conserto</span> <span class='ocrx_word' id='word_1_76' title='bbox 1349 757 1504 811; x_wconf 89' lang='lat' dir='ltr'>proelio</span> <span class='ocrx_word' id='word_1_77' title='bbox 1530 771 1648 798; x_wconf 84' lang='lat' dir='ltr'>exce-</span> 
     </span>
     <span class='ocr_line' id='line_1_17' title="bbox 289 820 424 861; baseline 0 -1"><span class='ocrx_word' id='word_1_78' title='bbox 289 820 424 861; x_wconf 58' lang='lat' dir='ltr'>debah</span> 
     </span>
    </p>

    <p class='ocr_par' dir='ltr' id='par_1_10' title="bbox 288 879 1648 1245">
     <span class='ocr_line' id='line_1_18' title="bbox 372 879 1648 935; baseline -0.002 -13"><span class='ocrx_word' id='word_1_79' title='bbox 372 882 465 923; x_wconf 91' lang='lat' dir='ltr'>Has</span> <span class='ocrx_word' id='word_1_80' title='bbox 497 888 630 922; x_wconf 89' lang='lat' dir='ltr'>tantas</span> <span class='ocrx_word' id='word_1_81' title='bbox 662 882 738 921; x_wconf 77' lang='lat' dir='ltr'>viri</span> <span class='ocrx_word' id='word_1_82' title='bbox 763 882 932 922; x_wconf 63' lang='lat' dir='ltr'>virtutes</span> <span class='ocrx_word' id='word_1_83' title='bbox 963 881 1146 935; x_wconf 85' lang='lat' dir='ltr'>ingentia</span> <span class='ocrx_word' id='word_1_84' title='bbox 1178 881 1276 920; x_wconf 75' lang='lat' dir='ltr'>vitia</span> <span class='ocrx_word' id='word_1_85' title='bbox 1308 879 1557 933; x_wconf 77' lang='lat' dir='ltr'>aequabant:</span> <span class='ocrx_word' id='word_1_86' title='bbox 1589 880 1648 920; x_wconf 88' lang='lat' dir='ltr'>in-</span> 
     </span>
     <span class='ocr_line' id='line_1_19' title="bbox 288 942 1645 997; baseline -0.002 -13"><span class='ocrx_word' id='word_1_87' title='bbox 288 945 467 984; x_wconf 88' lang='lat' dir='ltr'>humana</span> <span class='ocrx_word' id='word_1_88' title='bbox 493 944 725 992; x_wconf 86' lang='lat' dir='ltr'>crudelitas,</span> <span class='ocrx_word' id='word_1_89' title='bbox 751 943 922 997; x_wconf 85' lang='lat' dir='ltr'>perfidia</span> <span class='ocrx_word' id='word_1_90' title='bbox 947 943 1040 997; x_wconf 90' lang='lat' dir='ltr'>plus</span> <span class='ocrx_word' id='word_1_91' title='bbox 1066 958 1190 996; x_wconf 87' lang='lat' dir='ltr'>quam</span> <span class='ocrx_word' id='word_1_92' title='bbox 1217 942 1393 991; x_wconf 86' lang='lat' dir='ltr'>Punica,</span> <span class='ocrx_word' id='word_1_93' title='bbox 1420 943 1523 982; x_wconf 86' lang='lat' dir='ltr'>nihil</span> <span class='ocrx_word' id='word_1_94' title='bbox 1547 942 1645 990; x_wconf 77' lang='lat' dir='ltr'>veri,</span> 
     </span>
     <span class='ocr_line' id='line_1_20' title="bbox 289 1004 1645 1054; baseline -0.003 -8"><span class='ocrx_word' id='word_1_95' title='bbox 289 1006 388 1046; x_wconf 88' lang='lat' dir='ltr'>nihil</span> <span class='ocrx_word' id='word_1_96' title='bbox 421 1006 569 1054; x_wconf 85' lang='lat' dir='ltr'>sancti,</span> <span class='ocrx_word' id='word_1_97' title='bbox 607 1005 743 1045; x_wconf 89' lang='lat' dir='ltr'>nullus</span> <span class='ocrx_word' id='word_1_98' title='bbox 776 1005 899 1045; x_wconf 74' lang='lat' dir='ltr'>desim</span> <span class='ocrx_word' id='word_1_99' title='bbox 930 1012 1082 1053; x_wconf 88' lang='lat' dir='ltr'>metus,</span> <span class='ocrx_word' id='word_1_100' title='bbox 1121 1005 1279 1044; x_wconf 90' lang='lat' dir='ltr'>nullum</span> <span class='ocrx_word' id='word_1_101' title='bbox 1314 1004 1378 1045; x_wconf 89' lang='lat' dir='ltr'>ius</span> <span class='ocrx_word' id='word_1_102' title='bbox 1416 1004 1645 1051; x_wconf 86' lang='lat' dir='ltr'>iurandum,</span> 
     </span>
     <span class='ocr_line' id='line_1_21' title="bbox 290 1066 1646 1122; baseline -0.003 -14"><span class='ocrx_word' id='word_1_103' title='bbox 290 1068 402 1108; x_wconf 83' lang='lat' dir='ltr'>nulla</span> <span class='ocrx_word' id='word_1_104' title='bbox 436 1068 591 1122; x_wconf 88' lang='lat' dir='ltr'>religio.</span> <span class='ocrx_word' id='word_1_105' title='bbox 654 1082 747 1107; x_wconf 89' lang='lat' dir='ltr'>eum</span> <span class='ocrx_word' id='word_1_106' title='bbox 784 1067 861 1107; x_wconf 90' lang='lat' dir='ltr'>hae</span> <span class='ocrx_word' id='word_1_107' title='bbox 897 1067 1033 1107; x_wconf 86' lang='lat' dir='ltr'>indole</span> <span class='ocrx_word' id='word_1_108' title='bbox 1065 1067 1261 1106; x_wconf 63' lang='lat' dir='ltr'>virtutum</span> <span class='ocrx_word' id='word_1_109' title='bbox 1298 1074 1419 1119; x_wconf 89' lang='lat' dir='ltr'>atque</span> <span class='ocrx_word' id='word_1_110' title='bbox 1457 1066 1646 1105; x_wconf 70' lang='lat' dir='ltr'>vitiorum</span> 
     </span>
     <span class='ocr_line' id='line_1_22' title="bbox 290 1128 1646 1182; baseline -0.002 -13"><span class='ocrx_word' id='word_1_111' title='bbox 290 1130 462 1170; x_wconf 86' lang='lat' dir='ltr'>triennio</span> <span class='ocrx_word' id='word_1_112' title='bbox 489 1129 565 1170; x_wconf 91' lang='lat' dir='ltr'>sub</span> <span class='ocrx_word' id='word_1_113' title='bbox 591 1129 855 1169; x_wconf 81' lang='lat' dir='ltr'>Hasdrubale</span> <span class='ocrx_word' id='word_1_114' title='bbox 881 1129 1124 1182; x_wconf 86' lang='lat' dir='ltr'>imperatore</span> <span class='ocrx_word' id='word_1_115' title='bbox 1150 1128 1297 1168; x_wconf 86' lang='lat' dir='ltr'>meruit</span> <span class='ocrx_word' id='word_1_116' title='bbox 1323 1128 1434 1168; x_wconf 86' lang='lat' dir='ltr'>nulla</span> <span class='ocrx_word' id='word_1_117' title='bbox 1458 1142 1514 1176; x_wconf 87' lang='lat' dir='ltr'>re,</span> <span class='ocrx_word' id='word_1_118' title='bbox 1541 1141 1646 1179; x_wconf 85' lang='lat' dir='ltr'>quae</span> 
     </span>
     <span class='ocr_line' id='line_1_23' title="bbox 290 1189 1647 1245; baseline -0.002 -14"><span class='ocrx_word' id='word_1_119' title='bbox 290 1192 450 1245; x_wconf 89' lang='lat' dir='ltr'>agenda</span> <span class='ocrx_word' id='word_1_120' title='bbox 475 1191 732 1244; x_wconf 58' lang='lat' dir='ltr'>videndaque</span> <span class='ocrx_word' id='word_1_121' title='bbox 758 1206 909 1245; x_wconf 89' lang='lat' dir='ltr'>magno</span> <span class='ocrx_word' id='word_1_122' title='bbox 930 1191 1067 1231; x_wconf 85' lang='lat' dir='ltr'>futuro</span> <span class='ocrx_word' id='word_1_123' title='bbox 1087 1191 1180 1230; x_wconf 91' lang='lat' dir='ltr'>duci</span> <span class='ocrx_word' id='word_1_124' title='bbox 1201 1197 1320 1238; x_wconf 87' lang='lat' dir='ltr'>esset,</span> <span class='ocrx_word' id='word_1_125' title='bbox 1347 1189 1647 1243; x_wconf 83' lang='lat' dir='ltr'>praetermissa.</span> 
     </span>
    </p>

    <p class='ocr_par' dir='ltr' id='par_1_11' title="bbox 288 1251 1650 1616">
     <span class='ocr_line' id='line_1_24' title="bbox 375 1251 1648 1305; baseline -0.002 -12"><span class='ocrx_word' id='word_1_126' title='bbox 375 1253 426 1293; x_wconf 68' lang='lat' dir='ltr'>V.</span> <span class='ocrx_word' id='word_1_127' title='bbox 467 1252 660 1293; x_wconf 83' lang='lat' dir='ltr'>Ceterum</span> <span class='ocrx_word' id='word_1_128' title='bbox 681 1268 731 1292; x_wconf 93' lang='lat' dir='ltr'>ex</span> <span class='ocrx_word' id='word_1_129' title='bbox 757 1267 837 1305; x_wconf 87' lang='lat' dir='ltr'>quo</span> <span class='ocrx_word' id='word_1_130' title='bbox 857 1253 921 1293; x_wconf 89' lang='lat' dir='ltr'>die</span> <span class='ocrx_word' id='word_1_131' title='bbox 943 1253 1026 1292; x_wconf 86' lang='lat' dir='ltr'>dux</span> <span class='ocrx_word' id='word_1_132' title='bbox 1046 1260 1106 1292; x_wconf 89' lang='lat' dir='ltr'>est</span> <span class='ocrx_word' id='word_1_133' title='bbox 1127 1252 1369 1299; x_wconf 84' lang='lat' dir='ltr'>declaratus,</span> <span class='ocrx_word' id='word_1_134' title='bbox 1397 1251 1508 1292; x_wconf 70' lang='lat' dir='ltr'>velut</span> <span class='ocrx_word' id='word_1_135' title='bbox 1531 1251 1648 1290; x_wconf 88' lang='lat' dir='ltr'>Italia</span> 
     </span>
     <span class='ocr_line' id='line_1_25' title="bbox 290 1307 1646 1367; baseline -0.001 -14"><span class='ocrx_word' id='word_1_136' title='bbox 290 1315 326 1354; x_wconf 89' lang='grc'>01</span> <span class='ocrx_word' id='word_1_137' title='bbox 346 1307 555 1367; x_wconf 69' lang='lat' dir='ltr'>provincia</span> <span class='ocrx_word' id='word_1_138' title='bbox 574 1315 737 1354; x_wconf 84' lang='lat' dir='ltr'>decreta</span> <span class='ocrx_word' id='word_1_139' title='bbox 760 1314 994 1367; x_wconf 84' lang='lat' dir='ltr'>bellumque</span> <span class='ocrx_word' id='word_1_140' title='bbox 1009 1314 1243 1354; x_wconf 83' lang='lat' dir='ltr'>Romanum</span> <span class='ocrx_word' id='word_1_141' title='bbox 1263 1314 1500 1353; x_wconf 88' lang='lat' dir='ltr'>mandatum</span> <span class='ocrx_word' id='word_1_142' title='bbox 1527 1319 1646 1359; x_wconf 83' lang='lat' dir='ltr'>essct,</span> 
     </span>
     <span class='ocr_line' id='line_1_26' title="bbox 291 1374 1649 1430; baseline -0.001 -15"><span class='ocrx_word' id='word_1_143' title='bbox 291 1376 390 1416; x_wconf 87' lang='lat' dir='ltr'>nihil</span> <span class='ocrx_word' id='word_1_144' title='bbox 415 1377 701 1430; x_wconf 82' lang='lat' dir='ltr'>prolatandum</span> <span class='ocrx_word' id='word_1_145' title='bbox 727 1383 851 1423; x_wconf 86' lang='lat' dir='ltr'>ratus,</span> <span class='ocrx_word' id='word_1_146' title='bbox 878 1391 929 1416; x_wconf 94' lang='lat' dir='ltr'>ne</span> <span class='ocrx_word' id='word_1_147' title='bbox 956 1391 998 1416; x_wconf 89' lang='lat' dir='ltr'>se</span> <span class='ocrx_word' id='word_1_148' title='bbox 1025 1390 1206 1428; x_wconf 84' lang='lat' dir='ltr'>quoque,</span> <span class='ocrx_word' id='word_1_149' title='bbox 1236 1382 1279 1414; x_wconf 88' lang='lat' dir='ltr'>ut</span> <span class='ocrx_word' id='word_1_150' title='bbox 1305 1383 1463 1428; x_wconf 87' lang='lat' dir='ltr'>patrem</span> <span class='ocrx_word' id='word_1_151' title='bbox 1488 1374 1649 1414; x_wconf 84' lang='lat' dir='ltr'>Hamil-</span> 
     </span>
     <span class='ocr_line' id='line_1_27' title="bbox 289 1436 1650 1489; baseline -0.001 -12"><span class='ocrx_word' id='word_1_152' title='bbox 289 1453 435 1486; x_wconf 86' lang='lat' dir='ltr'>carem,</span> <span class='ocrx_word' id='word_1_153' title='bbox 464 1438 610 1477; x_wconf 87' lang='lat' dir='ltr'>deinde</span> <span class='ocrx_word' id='word_1_154' title='bbox 629 1438 949 1486; x_wconf 81' lang='lat' dir='ltr'>Hasdrubalem,</span> <span class='ocrx_word' id='word_1_155' title='bbox 977 1444 1237 1477; x_wconf 85' lang='lat' dir='ltr'>cunctantem</span> <span class='ocrx_word' id='word_1_156' title='bbox 1263 1451 1382 1476; x_wconf 87' lang='lat' dir='ltr'>casus</span> <span class='ocrx_word' id='word_1_157' title='bbox 1409 1436 1556 1488; x_wconf 86' lang='lat' dir='ltr'>aliquis</span> <span class='ocrx_word' id='word_1_158' title='bbox 1578 1450 1650 1489; x_wconf 91' lang='lat' dir='ltr'>op-</span> 
     </span>
     <span class='ocr_line' id='line_1_28' title="bbox 289 1498 1648 1554; baseline -0.001 -15"><span class='ocrx_word' id='word_1_159' title='bbox 289 1500 498 1553; x_wconf 90' lang='lat' dir='ltr'>primeret,</span> <span class='ocrx_word' id='word_1_160' title='bbox 539 1498 779 1554; x_wconf 77' lang='lat' dir='ltr'>Saguntinis</span> <span class='ocrx_word' id='word_1_161' title='bbox 811 1500 960 1539; x_wconf 87' lang='lat' dir='ltr'>inferre</span> <span class='ocrx_word' id='word_1_162' title='bbox 991 1499 1145 1540; x_wconf 88' lang='lat' dir='ltr'>bellum</span> <span class='ocrx_word' id='word_1_163' title='bbox 1177 1499 1328 1539; x_wconf 85' lang='lat' dir='ltr'>statuit.</span> <span class='ocrx_word' id='word_1_164' title='bbox 1390 1498 1538 1551; x_wconf 89' lang='lat' dir='ltr'>quibus</span> <span class='ocrx_word' id='word_1_165' title='bbox 1576 1512 1648 1551; x_wconf 87' lang='lat' dir='ltr'>op-</span> 
     </span>
     <span class='ocr_line' id='line_1_29' title="bbox 288 1559 1650 1616; baseline -0.001 -16"><span class='ocrx_word' id='word_1_166' title='bbox 288 1562 522 1616; x_wconf 87' lang='lat' dir='ltr'>pugnandis</span> <span class='ocrx_word' id='word_1_167' title='bbox 549 1562 643 1614; x_wconf 85' lang='lat' dir='ltr'>quia</span> <span class='ocrx_word' id='word_1_168' title='bbox 671 1561 768 1601; x_wconf 89' lang='lat' dir='ltr'>haut</span> <span class='ocrx_word' id='word_1_169' title='bbox 793 1561 916 1602; x_wconf 87' lang='lat' dir='ltr'>dubie</span> <span class='ocrx_word' id='word_1_170' title='bbox 942 1561 1130 1602; x_wconf 81' lang='lat' dir='ltr'>Romana</span> <span class='ocrx_word' id='word_1_171' title='bbox 1163 1576 1276 1600; x_wconf 84' lang='lat' dir='ltr'>arma</span> <span class='ocrx_word' id='word_1_172' title='bbox 1301 1560 1583 1608; x_wconf 69' lang='lat' dir='ltr'>movebantur,</span> <span class='ocrx_word' id='word_1_173' title='bbox 1609 1559 1650 1598; x_wconf 89' lang='lat' dir='ltr'>in</span> 
     </span>
    </p>
   </div>
   <div class='ocr_carea' id='block_1_10' title="bbox 289 1621 1651 1739">
    <p class='ocr_par' dir='ltr' id='par_1_12' title="bbox 289 1621 1651 1739">
     <span class='ocr_line' id='line_1_30' title="bbox 291 1621 1649 1677; baseline -0.002 -14"><span class='ocrx_word' id='word_1_174' title='bbox 291 1622 497 1663; x_wconf 83' lang='lat' dir='ltr'>Olcadum</span> <span class='ocrx_word' id='word_1_175' title='bbox 529 1625 641 1677; x_wconf 89' lang='lat' dir='ltr'>prius</span> <span class='ocrx_word' id='word_1_176' title='bbox 674 1624 775 1663; x_wconf 84' lang='lat' dir='ltr'>fines</span> <span class='ocrx_word' id='word_1_177' title='bbox 802 1649 855 1652; x_wconf 82' lang='lat'>—</span> <span class='ocrx_word' id='word_1_178' title='bbox 880 1623 985 1663; x_wconf 82' lang='lat' dir='ltr'>ultra</span> <span class='ocrx_word' id='word_1_179' title='bbox 1018 1622 1221 1662; x_wconf 85' lang='lat' dir='ltr'>Hiberum</span> <span class='ocrx_word' id='word_1_180' title='bbox 1255 1637 1302 1662; x_wconf 84' lang='lat' dir='ltr'>ea</span> <span class='ocrx_word' id='word_1_181' title='bbox 1332 1636 1434 1676; x_wconf 87' lang='lat' dir='ltr'>gens</span> <span class='ocrx_word' id='word_1_182' title='bbox 1465 1621 1506 1660; x_wconf 90' lang='lat' dir='ltr'>in</span> <span class='ocrx_word' id='word_1_183' title='bbox 1536 1628 1649 1674; x_wconf 88' lang='lat' dir='ltr'>parte</span> 
     </span>
     <span class='ocr_line' id='line_1_31' title="bbox 289 1683 1651 1739; baseline -0.001 -15"><span class='ocrx_word' id='word_1_184' title='bbox 289 1685 421 1739; x_wconf 85' lang='lat' dir='ltr'>magis</span> <span class='ocrx_word' id='word_1_185' title='bbox 449 1700 571 1738; x_wconf 89' lang='lat' dir='ltr'>quam</span> <span class='ocrx_word' id='word_1_186' title='bbox 603 1686 644 1725; x_wconf 90' lang='lat' dir='ltr'>in</span> <span class='ocrx_word' id='word_1_187' title='bbox 676 1685 835 1726; x_wconf 86' lang='lat' dir='ltr'>dicione</span> <span class='ocrx_word' id='word_1_188' title='bbox 863 1684 1269 1739; x_wconf 77' lang='lat' dir='ltr'>Carthaginiensium</span> <span class='ocrx_word' id='word_1_189' title='bbox 1302 1691 1387 1724; x_wconf 88' lang='lat' dir='ltr'>erat</span> <span class='ocrx_word' id='word_1_190' title='bbox 1413 1709 1466 1712; x_wconf 77' lang='lat'>—</span> <span class='ocrx_word' id='word_1_191' title='bbox 1492 1683 1651 1723; x_wconf 83' lang='lat' dir='ltr'>induxit</span> 
     </span>
    </p>
   </div>
   <div class='ocr_carea' id='block_1_11' title="bbox 288 1745 1650 2714">
    <p class='ocr_par' dir='ltr' id='par_1_13' title="bbox 288 1745 1650 2714">
     <span class='ocr_line' id='line_1_32' title="bbox 291 1745 1650 1801; baseline -0.001 -15"><span class='ocrx_word' id='word_1_192' title='bbox 291 1747 534 1795; x_wconf 87' lang='lat' dir='ltr'>exercitum,</span> <span class='ocrx_word' id='word_1_193' title='bbox 573 1757 617 1787; x_wconf 87' lang='lat' dir='ltr'>ut</span> <span class='ocrx_word' id='word_1_194' title='bbox 653 1762 734 1787; x_wconf 94' lang='lat' dir='ltr'>non</span> <span class='ocrx_word' id='word_1_195' title='bbox 771 1747 924 1800; x_wconf 88' lang='lat' dir='ltr'>petisse</span> <span class='ocrx_word' id='word_1_196' title='bbox 958 1745 1230 1801; x_wconf 83' lang='lat' dir='ltr'>Saguntinos,</span> <span class='ocrx_word' id='word_1_197' title='bbox 1270 1746 1342 1786; x_wconf 88' lang='lat' dir='ltr'>sed</span> <span class='ocrx_word' id='word_1_198' title='bbox 1380 1760 1515 1785; x_wconf 90' lang='lat' dir='ltr'>rerum</span> <span class='ocrx_word' id='word_1_199' title='bbox 1548 1745 1650 1785; x_wconf 90' lang='lat' dir='ltr'>serie</span> 
     </span>
     <span class='ocr_line' id='line_1_33' title="bbox 289 1807 1650 1863; baseline -0.001 -15"><span class='ocrx_word' id='word_1_200' title='bbox 289 1808 471 1849; x_wconf 88' lang='lat' dir='ltr'>finitimis</span> <span class='ocrx_word' id='word_1_201' title='bbox 498 1809 661 1849; x_wconf 86' lang='lat' dir='ltr'>domitis</span> <span class='ocrx_word' id='word_1_202' title='bbox 693 1808 886 1863; x_wconf 87' lang='lat' dir='ltr'>gentibus</span> <span class='ocrx_word' id='word_1_203' title='bbox 912 1809 1204 1863; x_wconf 76' lang='lat' dir='ltr'>iungendoque</span> <span class='ocrx_word' id='word_1_204' title='bbox 1236 1815 1389 1848; x_wconf 88' lang='lat' dir='ltr'>tractus</span> <span class='ocrx_word' id='word_1_205' title='bbox 1423 1808 1474 1847; x_wconf 89' lang='lat' dir='ltr'>ad</span> <span class='ocrx_word' id='word_1_206' title='bbox 1499 1807 1542 1847; x_wconf 89' lang='lat' dir='ltr'>id</span> <span class='ocrx_word' id='word_1_207' title='bbox 1566 1807 1650 1847; x_wconf 90' lang='lat' dir='ltr'>bel-</span> 
     </span>
     <span class='ocr_line' id='line_1_34' title="bbox 289 1869 1647 1924; baseline -0.001 -15"><span class='ocrx_word' id='word_1_208' title='bbox 289 1870 374 1910; x_wconf 88' lang='lat' dir='ltr'>lum</span> <span class='ocrx_word' id='word_1_209' title='bbox 390 1870 517 1910; x_wconf 70' lang='lat' dir='ltr'>videri</span> <span class='ocrx_word' id='word_1_210' title='bbox 532 1877 683 1924; x_wconf 88' lang='lat' dir='ltr'>posset.</span> <span class='ocrx_word' id='word_1_211' title='bbox 719 1870 927 1910; x_wconf 75' lang='lat' dir='ltr'>Cartalam</span> <span class='ocrx_word' id='word_1_212' title='bbox 946 1870 1090 1910; x_wconf 89' lang='lat' dir='ltr'>urbem</span> <span class='ocrx_word' id='word_1_213' title='bbox 1110 1869 1358 1923; x_wconf 78' lang='lat' dir='ltr'>opulentam,</span> <span class='ocrx_word' id='word_1_214' title='bbox 1380 1876 1502 1922; x_wconf 86' lang='lat' dir='ltr'>caput</span> <span class='ocrx_word' id='word_1_215' title='bbox 1514 1869 1647 1923; x_wconf 80' lang='lat' dir='ltr'>gentis</span> 
     </span>
     <span class='ocr_line' id='line_1_35' title="bbox 290 1931 1650 1986; baseline -0.001 -15"><span class='ocrx_word' id='word_1_216' title='bbox 290 1932 390 1980; x_wconf 89' lang='lat' dir='ltr'>eius,</span> <span class='ocrx_word' id='word_1_217' title='bbox 419 1938 627 1986; x_wconf 78' lang='lat' dir='ltr'>expugnat</span> <span class='ocrx_word' id='word_1_218' title='bbox 653 1932 889 1985; x_wconf 82' lang='lat' dir='ltr'>diripitque3</span> <span class='ocrx_word' id='word_1_219' title='bbox 917 1947 998 1984; x_wconf 90' lang='lat' dir='ltr'>quo</span> <span class='ocrx_word' id='word_1_220' title='bbox 1024 1941 1135 1972; x_wconf 88' lang='lat' dir='ltr'>metu</span> <span class='ocrx_word' id='word_1_221' title='bbox 1155 1932 1368 1985; x_wconf 88' lang='lat' dir='ltr'>perculsae</span> <span class='ocrx_word' id='word_1_222' title='bbox 1389 1931 1567 1971; x_wconf 84' lang='lat' dir='ltr'>minores</span> <span class='ocrx_word' id='word_1_223' title='bbox 1594 1931 1650 1970; x_wconf 91' lang='lat' dir='ltr'>ci-</span> 
     </span>
     <span class='ocr_line' id='line_1_36' title="bbox 288 1993 1649 2047; baseline -0.001 -14"><span class='ocrx_word' id='word_1_224' title='bbox 288 1994 434 2033; x_wconf 68' lang='lat' dir='ltr'>vitates</span> <span class='ocrx_word' id='word_1_225' title='bbox 462 1994 664 2047; x_wconf 87' lang='lat' dir='ltr'>stipendio</span> <span class='ocrx_word' id='word_1_226' title='bbox 690 1994 866 2047; x_wconf 88' lang='lat' dir='ltr'>inposito</span> <span class='ocrx_word' id='word_1_227' title='bbox 892 1994 1110 2047; x_wconf 88' lang='lat' dir='ltr'>imperium</span> <span class='ocrx_word' id='word_1_228' title='bbox 1136 2008 1342 2047; x_wconf 87' lang='lat' dir='ltr'>accepere.</span> <span class='ocrx_word' id='word_1_229' title='bbox 1380 1993 1510 2032; x_wconf 69' lang='lat' dir='ltr'>victor</span> <span class='ocrx_word' id='word_1_230' title='bbox 1535 2006 1649 2032; x_wconf 89' lang='lat' dir='ltr'>exer-</span> 
     </span>
     <span class='ocr_line' id='line_1_37' title="bbox 290 2054 1650 2110; baseline -0.001 -15"><span class='ocrx_word' id='word_1_231' title='bbox 290 2056 393 2096; x_wconf 89' lang='lat' dir='ltr'>citus</span> <span class='ocrx_word' id='word_1_232' title='bbox 419 2056 720 2109; x_wconf 87' lang='lat' dir='ltr'>opulentusque</span> <span class='ocrx_word' id='word_1_233' title='bbox 746 2056 897 2109; x_wconf 86' lang='lat' dir='ltr'>praeda</span> <span class='ocrx_word' id='word_1_234' title='bbox 918 2055 1212 2110; x_wconf 82' lang='lat' dir='ltr'>Carthaginem</span> <span class='ocrx_word' id='word_1_235' title='bbox 1238 2070 1387 2095; x_wconf 74' lang='lat' dir='ltr'>novam</span> <span class='ocrx_word' id='word_1_236' title='bbox 1414 2055 1455 2094; x_wconf 93' lang='lat' dir='ltr'>in</span> <span class='ocrx_word' id='word_1_237' title='bbox 1480 2054 1650 2094; x_wconf 87' lang='lat' dir='ltr'>hiberna</span> 
     </span>
     <span class='ocr_line' id='line_1_38' title="bbox 290 2116 1648 2172; baseline -0.001 -16"><span class='ocrx_word' id='word_1_238' title='bbox 290 2125 349 2157; x_wconf 89' lang='lat' dir='ltr'>est</span> <span class='ocrx_word' id='word_1_239' title='bbox 382 2117 596 2157; x_wconf 88' lang='lat' dir='ltr'>deductus.</span> <span class='ocrx_word' id='word_1_240' title='bbox 652 2117 710 2157; x_wconf 85' lang='lat' dir='ltr'>ibi</span> <span class='ocrx_word' id='word_1_241' title='bbox 741 2117 853 2172; x_wconf 88' lang='lat' dir='ltr'>large</span> <span class='ocrx_word' id='word_1_242' title='bbox 884 2118 1098 2171; x_wconf 87' lang='lat' dir='ltr'>partiendo</span> <span class='ocrx_word' id='word_1_243' title='bbox 1129 2118 1325 2171; x_wconf 87' lang='lat' dir='ltr'>praedam</span> <span class='ocrx_word' id='word_1_244' title='bbox 1362 2116 1648 2170; x_wconf 86' lang='lat' dir='ltr'>stipendioque</span> 
     </span>
     <span class='ocr_line' id='line_1_39' title="bbox 289 2178 1649 2232; baseline -0.001 -14"><span class='ocrx_word' id='word_1_245' title='bbox 289 2179 507 2232; x_wconf 87' lang='lat' dir='ltr'>praeterito</span> <span class='ocrx_word' id='word_1_246' title='bbox 539 2193 632 2219; x_wconf 90' lang='grc'><strong>011111</strong></span> <span class='ocrx_word' id='word_1_247' title='bbox 664 2179 744 2219; x_wconf 82' lang='lat' dir='ltr'>fide</span> <span class='ocrx_word' id='word_1_248' title='bbox 776 2179 1027 2220; x_wconf 74' lang='lat' dir='ltr'>exsolvendo</span> <span class='ocrx_word' id='word_1_249' title='bbox 1059 2179 1216 2219; x_wconf 87' lang='lat' dir='ltr'>cunctis</span> <span class='ocrx_word' id='word_1_250' title='bbox 1243 2179 1393 2219; x_wconf 69' lang='lat' dir='ltr'>civium</span> <span class='ocrx_word' id='word_1_251' title='bbox 1426 2178 1649 2219; x_wconf 84' lang='lat' dir='ltr'>sociorum-</span> 
     </span>
     <span class='ocr_line' id='line_1_40' title="bbox 289 2240 1648 2295; baseline 0 -16"><span class='ocrx_word' id='word_1_252' title='bbox 289 2254 368 2292; x_wconf 90' lang='lat' dir='ltr'>que</span> <span class='ocrx_word' id='word_1_253' title='bbox 394 2240 540 2280; x_wconf 84' lang='lat' dir='ltr'>animis</span> <span class='ocrx_word' id='word_1_254' title='bbox 565 2241 607 2280; x_wconf 91' lang='lat' dir='ltr'>in</span> <span class='ocrx_word' id='word_1_255' title='bbox 633 2255 676 2281; x_wconf 91' lang='lat' dir='ltr'>se</span> <span class='ocrx_word' id='word_1_256' title='bbox 701 2240 871 2282; x_wconf 87' lang='lat' dir='ltr'>firmatis</span> <span class='ocrx_word' id='word_1_257' title='bbox 898 2256 992 2281; x_wconf 79' lang='lat' dir='ltr'>vere</span> <span class='ocrx_word' id='word_1_258' title='bbox 1018 2241 1149 2295; x_wconf 88' lang='lat' dir='ltr'>primo</span> <span class='ocrx_word' id='word_1_259' title='bbox 1180 2241 1222 2280; x_wconf 88' lang='lat' dir='ltr'>in</span> <span class='ocrx_word' id='word_1_260' title='bbox 1248 2240 1460 2281; x_wconf 72' lang='lat' dir='ltr'>Vaccaeos</span> <span class='ocrx_word' id='word_1_261' title='bbox 1485 2254 1648 2293; x_wconf 87' lang='lat' dir='ltr'>promo-</span> 
     </span>
     <span class='ocr_line' id='line_1_41' title="bbox 290 2301 1648 2356; baseline 0 -14"><span class='ocrx_word' id='word_1_262' title='bbox 290 2309 377 2342; x_wconf 83' lang='lat' dir='ltr'>tum</span> <span class='ocrx_word' id='word_1_263' title='bbox 406 2301 572 2356; x_wconf 86' lang='lat' dir='ltr'>bellum.</span> <span class='ocrx_word' id='word_1_264' title='bbox 634 2303 918 2344; x_wconf 86' lang='lat' dir='ltr'>Hermandica</span> <span class='ocrx_word' id='word_1_265' title='bbox 955 2310 993 2343; x_wconf 93' lang='lat' dir='ltr'>et</span> <span class='ocrx_word' id='word_1_266' title='bbox 1023 2303 1234 2343; x_wconf 86' lang='lat' dir='ltr'>Arbocala</span> <span class='ocrx_word' id='word_1_267' title='bbox 1271 2318 1412 2343; x_wconf 89' lang='lat' dir='ltr'>eorum</span> <span class='ocrx_word' id='word_1_268' title='bbox 1449 2302 1571 2343; x_wconf 89' lang='lat' dir='ltr'>urbes</span> <span class='ocrx_word' id='word_1_269' title='bbox 1608 2302 1648 2342; x_wconf 79' lang='lat' dir='ltr'>vi</span> 
     </span>
     <span class='ocr_line' id='line_1_42' title="bbox 291 2364 1648 2418; baseline -0.001 -14"><span class='ocrx_word' id='word_1_270' title='bbox 291 2370 445 2417; x_wconf 78' lang='lat' dir='ltr'>captae.</span> <span class='ocrx_word' id='word_1_271' title='bbox 499 2364 709 2405; x_wconf 85' lang='lat' dir='ltr'>Arbocala</span> <span class='ocrx_word' id='word_1_272' title='bbox 741 2374 779 2405; x_wconf 92' lang='lat' dir='ltr'>et</span> <span class='ocrx_word' id='word_1_273' title='bbox 809 2366 957 2405; x_wconf 66' lang='lat' dir='ltr'>virtute</span> <span class='ocrx_word' id='word_1_274' title='bbox 989 2372 1027 2405; x_wconf 84' lang='lat' dir='ltr'>et</span> <span class='ocrx_word' id='word_1_275' title='bbox 1058 2365 1318 2405; x_wconf 86' lang='lat' dir='ltr'>multitudine</span> <span class='ocrx_word' id='word_1_276' title='bbox 1350 2365 1648 2418; x_wconf 86' lang='lat' dir='ltr'>oppidanorum</span> 
     </span>
     <span class='ocr_line' id='line_1_43' title="bbox 292 2425 1647 2482; baseline -0.001 -16"><span class='ocrx_word' id='word_1_277' title='bbox 292 2427 362 2466; x_wconf 89' lang='lat' dir='ltr'>diu</span> <span class='ocrx_word' id='word_1_278' title='bbox 387 2427 568 2468; x_wconf 86' lang='lat' dir='ltr'>defensa.</span> <span class='ocrx_word' id='word_1_279' title='bbox 625 2427 676 2468; x_wconf 90' lang='lat' dir='ltr'>ab</span> <span class='ocrx_word' id='word_1_280' title='bbox 701 2427 983 2468; x_wconf 87' lang='lat' dir='ltr'>Hermandica</span> <span class='ocrx_word' id='word_1_281' title='bbox 1012 2428 1180 2482; x_wconf 86' lang='lat' dir='ltr'>profugi</span> <span class='ocrx_word' id='word_1_282' title='bbox 1211 2427 1400 2468; x_wconf 76' lang='lat' dir='ltr'>exulibus</span> <span class='ocrx_word' id='word_1_283' title='bbox 1429 2425 1647 2474; x_wconf 88' lang='lat' dir='ltr'>Olcadum,</span> 
     </span>
     <span class='ocr_line' id='line_1_44' title="bbox 291 2489 1648 2545; baseline -0.001 -17"><span class='ocrx_word' id='word_1_284' title='bbox 291 2489 422 2542; x_wconf 89' lang='lat' dir='ltr'>priore</span> <span class='ocrx_word' id='word_1_285' title='bbox 448 2496 602 2530; x_wconf 88' lang='lat' dir='ltr'>aestate</span> <span class='ocrx_word' id='word_1_286' title='bbox 627 2490 804 2531; x_wconf 85' lang='lat' dir='ltr'>domitae</span> <span class='ocrx_word' id='word_1_287' title='bbox 823 2491 971 2545; x_wconf 83' lang='lat' dir='ltr'>gentis,</span> <span class='ocrx_word' id='word_1_288' title='bbox 999 2505 1093 2530; x_wconf 89' lang='lat' dir='ltr'>eum</span> <span class='ocrx_word' id='word_1_289' title='bbox 1113 2505 1156 2530; x_wconf 90' lang='lat' dir='ltr'>se</span> <span class='ocrx_word' id='word_1_290' title='bbox 1176 2490 1417 2537; x_wconf 75' lang='lat' dir='ltr'>iunxissem,</span> <span class='ocrx_word' id='word_1_291' title='bbox 1445 2489 1648 2529; x_wconf 87' lang='lat' dir='ltr'>concitant</span> 
     </span>
     <span class='ocr_line' id='line_1_45' title="bbox 294 2549 1648 2606; baseline -0.001 -16"><span class='ocrx_word' id='word_1_292' title='bbox 294 2549 568 2604; x_wconf 86' lang='lat' dir='ltr'>Carpetanos,</span> <span class='ocrx_word' id='word_1_293' title='bbox 612 2552 825 2605; x_wconf 88' lang='lat' dir='ltr'>adortique</span> <span class='ocrx_word' id='word_1_294' title='bbox 860 2552 1140 2592; x_wconf 84' lang='lat' dir='ltr'>Hannibalem</span> <span class='ocrx_word' id='word_1_295' title='bbox 1176 2567 1411 2606; x_wconf 85' lang='lat' dir='ltr'>regressum</span> <span class='ocrx_word' id='word_1_296' title='bbox 1453 2565 1503 2591; x_wconf 89' lang='lat' dir='ltr'>ex</span> <span class='ocrx_word' id='word_1_297' title='bbox 1540 2549 1648 2590; x_wconf 81' lang='lat' dir='ltr'>Vae-</span> 
     </span>
     <span class='ocr_line' id='line_1_46' title="bbox 293 2612 1648 2669; baseline 0 -19"><span class='ocrx_word' id='word_1_298' title='bbox 293 2612 400 2652; x_wconf 86' lang='lat' dir='ltr'>caeis</span> <span class='ocrx_word' id='word_1_299' title='bbox 426 2612 525 2653; x_wconf 88' lang='lat' dir='ltr'>haut</span> <span class='ocrx_word' id='word_1_300' title='bbox 548 2614 690 2667; x_wconf 90' lang='lat' dir='ltr'>procul</span> <span class='ocrx_word' id='word_1_301' title='bbox 717 2613 835 2669; x_wconf 82' lang='lat' dir='ltr'>Tago</span> <span class='ocrx_word' id='word_1_302' title='bbox 860 2614 1027 2655; x_wconf 89' lang='lat' dir='ltr'>flumine</span> <span class='ocrx_word' id='word_1_303' title='bbox 1058 2629 1208 2669; x_wconf 86' lang='lat' dir='ltr'>agmen</span> <span class='ocrx_word' id='word_1_304' title='bbox 1233 2628 1358 2668; x_wconf 82' lang='lat' dir='ltr'>grave</span> <span class='ocrx_word' id='word_1_305' title='bbox 1388 2612 1540 2667; x_wconf 85' lang='lat' dir='ltr'>praeda</span> <span class='ocrx_word' id='word_1_306' title='bbox 1565 2618 1648 2650; x_wconf 87' lang='lat' dir='ltr'>tur-</span> 
     </span>
     <span class='ocr_line' id='line_1_47' title="bbox 293 2671 454 2714; baseline 0.006 -1"><span class='ocrx_word' id='word_1_307' title='bbox 293 2671 454 2714; x_wconf 76' lang='lat' dir='ltr'>bavere.</span> 
     </span>
    </p>
   </div>
  </div>
 </body>
</html>
