<?xml version="1.0" encoding="UTF-8"?>
<!DOCTYPE html PUBLIC "-//W3C//DTD XHTML 1.0 Transitional//EN"
    "http://www.w3.org/TR/xhtml1/DTD/xhtml1-transitional.dtd">
<html xmlns="http://www.w3.org/1999/xhtml" xml:lang="en" lang="en">
 <head>
  <title>
</title>
<meta http-equiv="Content-Type" content="text/html;charset=utf-8" />
  <meta name='ocr-system' content='tesseract 3.04.00' />
  <meta name='ocr-capabilities' content='ocr_page ocr_carea ocr_par ocr_line ocrx_word'/>
</head>
<body>
  <div class='ocr_page' id='page_1' title='image "./aburbeconditalib02livyuoft_0574.png"; bbox 0 0 1815 3184; ppageno 0'>
   <div class='ocr_carea' id='block_1_1' title="bbox 246 610 263 638">
    <p class='ocr_par' dir='ltr' id='par_1_1' title="bbox 246 610 263 638">
     <span class='ocr_line' id='line_1_1' title="bbox 246 610 263 638; textangle 90"><span class='ocrx_word' id='word_1_1' title='bbox 246 610 263 638; x_wconf 65' lang='lat'>10</span> 
     </span>
    </p>
   </div>
   <div class='ocr_carea' id='block_1_2' title="bbox 237 2033 253 2062">
    <p class='ocr_par' dir='ltr' id='par_1_2' title="bbox 237 2033 253 2062">
     <span class='ocr_line' id='line_1_2' title="bbox 237 2033 253 2062; baseline 0 0"><span class='ocrx_word' id='word_1_2' title='bbox 237 2033 253 2062; x_wconf 84' lang='lat'>9</span> 
     </span>
    </p>
   </div>
   <div class='ocr_carea' id='block_1_3' title="bbox 216 2220 255 2249">
    <p class='ocr_par' dir='ltr' id='par_1_3' title="bbox 216 2220 255 2249">
     <span class='ocr_line' id='line_1_3' title="bbox 216 2220 255 2249; baseline 0.026 -1"><span class='ocrx_word' id='word_1_3' title='bbox 216 2220 255 2249; x_wconf 83' lang='lat'>10</span> 
     </span>
    </p>
   </div>
   <div class='ocr_carea' id='block_1_4' title="bbox 216 2404 251 2432">
    <p class='ocr_par' dir='ltr' id='par_1_4' title="bbox 216 2404 251 2432">
     <span class='ocr_line' id='line_1_4' title="bbox 216 2404 251 2432; baseline 0 0"><span class='ocrx_word' id='word_1_4' title='bbox 216 2404 251 2432; x_wconf 91' lang='lat'>11</span> 
     </span>
    </p>
   </div>
   <div class='ocr_carea' id='block_1_5' title="bbox 217 2526 254 2554">
    <p class='ocr_par' dir='ltr' id='par_1_5' title="bbox 217 2526 254 2554">
     <span class='ocr_line' id='line_1_5' title="bbox 217 2526 254 2554; baseline 0 0"><span class='ocrx_word' id='word_1_5' title='bbox 217 2526 254 2554; x_wconf 75' lang='grc' dir='ltr'>Γ.)</span> 
     </span>
    </p>
   </div>
   <div class='ocr_carea' id='block_1_6' title="bbox 293 240 1370 292">
    <p class='ocr_par' dir='ltr' id='par_1_6' title="bbox 293 240 1370 292">
     <span class='ocr_line' id='line_1_6' title="bbox 293 240 1370 292; baseline 0.002 -11"><span class='ocrx_word' id='word_1_6' title='bbox 293 240 377 281; x_wconf 78' lang='grc'>470</span> <span class='ocrx_word' id='word_1_7' title='bbox 559 247 712 281; x_wconf 84' lang='lat' dir='ltr'><strong>LIBER</strong></span> <span class='ocrx_word' id='word_1_8' title='bbox 737 247 944 290; x_wconf 78' lang='lat' dir='ltr'>xxvnn,</span> <span class='ocrx_word' id='word_1_9' title='bbox 970 247 1023 280; x_wconf 74' lang='lat'>26.</span> <span class='ocrx_word' id='word_1_10' title='bbox 1042 247 1096 280; x_wconf 70' lang='lat'>27.</span> <span class='ocrx_word' id='word_1_11' title='bbox 1126 250 1173 290; x_wconf 80' lang='lat' dir='ltr'>[a.</span> <span class='ocrx_word' id='word_1_12' title='bbox 1191 259 1225 281; x_wconf 85' lang='lat' dir='ltr'>u.</span> <span class='ocrx_word' id='word_1_13' title='bbox 1242 259 1272 283; x_wconf 72' lang='grc' dir='ltr'>ο.</span> <span class='ocrx_word' id='word_1_14' title='bbox 1289 249 1370 292; x_wconf 85' lang='lat'>550]</span> 
     </span>
    </p>
   </div>
   <div class='ocr_carea' id='block_1_7' title="bbox 279 348 1644 2755">
    <p class='ocr_par' dir='ltr' id='par_1_7' title="bbox 291 348 1643 514">
     <span class='ocr_line' id='line_1_7' title="bbox 292 348 1643 404; baseline 0.002 -13"><span class='ocrx_word' id='word_1_15' title='bbox 292 351 436 391; x_wconf 86' lang='lat' dir='ltr'>classis</span> <span class='ocrx_word' id='word_1_16' title='bbox 467 350 590 390; x_wconf 91' lang='lat' dir='ltr'>modo</span> <span class='ocrx_word' id='word_1_17' title='bbox 621 348 981 404; x_wconf 78' lang='lat' dir='ltr'>prospectantibus</span> <span class='ocrx_word' id='word_1_18' title='bbox 1013 363 1035 388; x_wconf 90' lang='lat' dir='ltr'>e</span> <span class='ocrx_word' id='word_1_19' title='bbox 1061 357 1186 398; x_wconf 82' lang='lat' dir='ltr'>terra,</span> <span class='ocrx_word' id='word_1_20' title='bbox 1225 350 1299 390; x_wconf 89' lang='lat' dir='ltr'>sed</span> <span class='ocrx_word' id='word_1_21' title='bbox 1331 352 1504 404; x_wconf 86' lang='lat' dir='ltr'>(tamen)</span> <span class='ocrx_word' id='word_1_22' title='bbox 1536 360 1643 394; x_wconf 85' lang='lat' dir='ltr'>terra</span> 
     </span>
     <span class='ocr_line' id='line_1_8' title="bbox 291 410 1641 467; baseline 0.001 -14"><span class='ocrx_word' id='word_1_23' title='bbox 291 412 413 453; x_wconf 86' lang='lat' dir='ltr'>etiam</span> <span class='ocrx_word' id='word_1_24' title='bbox 444 411 576 452; x_wconf 86' lang='lat' dir='ltr'>omnis</span> <span class='ocrx_word' id='word_1_25' title='bbox 608 410 716 450; x_wconf 88' lang='lat' dir='ltr'>circa</span> <span class='ocrx_word' id='word_1_26' title='bbox 745 410 897 450; x_wconf 85' lang='lat' dir='ltr'>referta</span> <span class='ocrx_word' id='word_1_27' title='bbox 934 410 1054 450; x_wconf 81' lang='lat' dir='ltr'>turba</span> <span class='ocrx_word' id='word_1_28' title='bbox 1085 411 1320 465; x_wconf 87' lang='lat' dir='ltr'>spectaculo</span> <span class='ocrx_word' id='word_1_29' title='bbox 1351 413 1641 467; x_wconf 84' lang='lat' dir='ltr'>navigantibus</span> 
     </span>
     <span class='ocr_line' id='line_1_9' title="bbox 291 480 389 514; baseline -0.02 0"><span class='ocrx_word' id='word_1_30' title='bbox 291 480 389 514; x_wconf 83' lang='lat' dir='ltr'>crat.</span> 
     </span>
    </p>

    <p class='ocr_par' dir='ltr' id='par_1_8' title="bbox 279 533 1644 2755">
     <span class='ocr_line' id='line_1_10' title="bbox 374 533 1642 589; baseline 0.002 -15"><span class='ocrx_word' id='word_1_31' title='bbox 374 534 572 577; x_wconf 81' lang='lat' dir='ltr'>XXVII.</span> <span class='ocrx_word' id='word_1_32' title='bbox 615 534 702 576; x_wconf 87' lang='lat' dir='ltr'>Ubi</span> <span class='ocrx_word' id='word_1_33' title='bbox 727 534 887 583; x_wconf 81' lang='lat' dir='ltr'>inluxit,</span> <span class='ocrx_word' id='word_1_34' title='bbox 916 533 1056 589; x_wconf 82' lang='lat' dir='ltr'>Scipio</span> <span class='ocrx_word' id='word_1_35' title='bbox 1078 549 1099 575; x_wconf 89' lang='lat' dir='ltr'>c</span> <span class='ocrx_word' id='word_1_36' title='bbox 1119 536 1325 589; x_wconf 83' lang='lat' dir='ltr'>praetoria</span> <span class='ocrx_word' id='word_1_37' title='bbox 1349 551 1454 576; x_wconf 84' lang='lat' dir='ltr'>nave</span> <span class='ocrx_word' id='word_1_38' title='bbox 1481 537 1642 578; x_wconf 86' lang='lat' dir='ltr'>silentio</span> 
     </span>
     <span class='ocr_line' id='line_1_11' title="bbox 289 595 1643 651; baseline 0.001 -14"><span class='ocrx_word' id='word_1_39' title='bbox 289 612 362 651; x_wconf 90' lang='lat' dir='ltr'>per</span> <span class='ocrx_word' id='word_1_40' title='bbox 382 611 630 651; x_wconf 76' lang='lat' dir='ltr'>praeconem</span> <span class='ocrx_word' id='word_1_41' title='bbox 648 597 758 637; x_wconf 89' lang='lat' dir='ltr'>facto</span> <span class='ocrx_word' id='word_1_42' title='bbox 785 595 888 636; x_wconf 78' lang='lat' dir='ltr'>‘divi</span> <span class='ocrx_word' id='word_1_43' title='bbox 913 596 1141 649; x_wconf 83' lang='lat' dir='ltr'>divaeque,&#39;</span> <span class='ocrx_word' id='word_1_44' title='bbox 1168 597 1299 650; x_wconf 90' lang='lat' dir='ltr'>inquit</span> <span class='ocrx_word' id='word_1_45' title='bbox 1325 598 1472 638; x_wconf 86' lang='lat' dir='ltr'>‘maria</span> <span class='ocrx_word' id='word_1_46' title='bbox 1493 606 1643 639; x_wconf 86' lang='lat' dir='ltr'>terras-</span> 
     </span>
     <span class='ocr_line' id='line_1_12' title="bbox 289 657 1641 712; baseline 0.002 -14"><span class='ocrx_word' id='word_1_47' title='bbox 289 674 366 711; x_wconf 86' lang='lat' dir='ltr'>que</span> <span class='ocrx_word' id='word_1_48' title='bbox 399 658 467 711; x_wconf 89' lang='lat' dir='ltr'>qui</span> <span class='ocrx_word' id='word_1_49' title='bbox 499 657 650 707; x_wconf 88' lang='lat' dir='ltr'>colitis,</span> <span class='ocrx_word' id='word_1_50' title='bbox 689 673 762 698; x_wconf 74' lang='lat' dir='ltr'>vos</span> <span class='ocrx_word' id='word_1_51' title='bbox 794 672 939 712; x_wconf 84' lang='lat' dir='ltr'>precor</span> <span class='ocrx_word' id='word_1_52' title='bbox 971 672 1226 711; x_wconf 78' lang='lat' dir='ltr'>quaesoque,</span> <span class='ocrx_word' id='word_1_53' title='bbox 1264 659 1324 699; x_wconf 90' lang='lat' dir='ltr'>uti</span> <span class='ocrx_word' id='word_1_54' title='bbox 1355 674 1458 712; x_wconf 90' lang='lat' dir='ltr'>quae</span> <span class='ocrx_word' id='word_1_55' title='bbox 1483 659 1525 700; x_wconf 92' lang='lat' dir='ltr'>in</span> <span class='ocrx_word' id='word_1_56' title='bbox 1548 675 1641 702; x_wconf 91' lang='grc'>11100</span> 
     </span>
     <span class='ocr_line' id='line_1_13' title="bbox 287 720 1641 776; baseline 0.002 -17"><span class='ocrx_word' id='word_1_57' title='bbox 287 720 458 774; x_wconf 88' lang='lat' dir='ltr'>imperio</span> <span class='ocrx_word' id='word_1_58' title='bbox 496 727 616 774; x_wconf 71' lang='lat' dir='ltr'>gesta</span> <span class='ocrx_word' id='word_1_59' title='bbox 652 728 766 768; x_wconf 86' lang='lat' dir='ltr'>sunt,</span> <span class='ocrx_word' id='word_1_60' title='bbox 803 727 1020 774; x_wconf 76' lang='lat' dir='ltr'>geruntur,</span> <span class='ocrx_word' id='word_1_61' title='bbox 1059 735 1108 760; x_wconf 86' lang='lat' dir='ltr'>ea</span> <span class='ocrx_word' id='word_1_62' title='bbox 1138 721 1237 760; x_wconf 83' lang='lat' dir='ltr'>mihi</span> <span class='ocrx_word' id='word_1_63' title='bbox 1267 722 1419 775; x_wconf 84' lang='lat' dir='ltr'>populo</span> <span class='ocrx_word' id='word_1_64' title='bbox 1449 722 1641 776; x_wconf 84' lang='lat' dir='ltr'>plebique</span> 
     </span>
     <span class='ocr_line' id='line_1_14' title="bbox 286 782 1643 838; baseline 0.004 -17"><span class='ocrx_word' id='word_1_65' title='bbox 286 782 520 831; x_wconf 79' lang='lat' dir='ltr'>Romanae,</span> <span class='ocrx_word' id='word_1_66' title='bbox 559 782 680 822; x_wconf 88' lang='lat' dir='ltr'>sociis</span> <span class='ocrx_word' id='word_1_67' title='bbox 712 782 949 834; x_wconf 83' lang='lat' dir='ltr'>nominique</span> <span class='ocrx_word' id='word_1_68' title='bbox 982 782 1154 831; x_wconf 89' lang='lat' dir='ltr'>Latino,</span> <span class='ocrx_word' id='word_1_69' title='bbox 1193 783 1263 835; x_wconf 89' lang='lat' dir='ltr'>qui</span> <span class='ocrx_word' id='word_1_70' title='bbox 1292 783 1434 838; x_wconf 87' lang='lat' dir='ltr'>populi</span> <span class='ocrx_word' id='word_1_71' title='bbox 1463 784 1643 826; x_wconf 80' lang='lat' dir='ltr'>Romani</span> 
     </span>
     <span class='ocr_line' id='line_1_15' title="bbox 287 844 1641 899; baseline 0.002 -16"><span class='ocrx_word' id='word_1_72' title='bbox 287 844 437 896; x_wconf 90' lang='lat' dir='ltr'>quique</span> <span class='ocrx_word' id='word_1_73' title='bbox 475 859 609 885; x_wconf 88' lang='lat' dir='ltr'>meam</span> <span class='ocrx_word' id='word_1_74' title='bbox 648 851 828 893; x_wconf 88' lang='lat' dir='ltr'>sectam,</span> <span class='ocrx_word' id='word_1_75' title='bbox 876 844 1118 899; x_wconf 87' lang='lat' dir='ltr'>imperinm,</span> <span class='ocrx_word' id='word_1_76' title='bbox 1168 845 1478 899; x_wconf 76' lang='lat' dir='ltr'>auspiciumque</span> <span class='ocrx_word' id='word_1_77' title='bbox 1521 853 1641 895; x_wconf 88' lang='lat' dir='ltr'>terra,</span> 
     </span>
     <span class='ocr_line' id='line_1_16' title="bbox 286 906 1642 960; baseline 0.002 -15"><span class='ocrx_word' id='word_1_78' title='bbox 286 907 407 953; x_wconf 85' lang='lat' dir='ltr'>mari,</span> <span class='ocrx_word' id='word_1_79' title='bbox 447 906 718 959; x_wconf 87' lang='lat' dir='ltr'>amnibusque</span> <span class='ocrx_word' id='word_1_80' title='bbox 746 914 959 955; x_wconf 89' lang='lat' dir='ltr'>secuntur,</span> <span class='ocrx_word' id='word_1_81' title='bbox 1000 906 1103 947; x_wconf 91' lang='lat' dir='ltr'>bene</span> <span class='ocrx_word' id='word_1_82' title='bbox 1129 915 1376 948; x_wconf 70' lang='lat' dir='ltr'>verruncent</span> <span class='ocrx_word' id='word_1_83' title='bbox 1407 922 1536 960; x_wconf 89' lang='lat' dir='ltr'>eaque</span> <span class='ocrx_word' id='word_1_84' title='bbox 1568 923 1642 949; x_wconf 74' lang='lat' dir='ltr'>vos</span> 
     </span>
     <span class='ocr_line' id='line_1_17' title="bbox 289 968 1644 1018; baseline 0 -9"><span class='ocrx_word' id='word_1_85' title='bbox 289 969 426 1009; x_wconf 82' lang='lat' dir='ltr'>onmia</span> <span class='ocrx_word' id='word_1_86' title='bbox 462 969 566 1009; x_wconf 88' lang='lat' dir='ltr'>bene</span> <span class='ocrx_word' id='word_1_87' title='bbox 604 969 772 1017; x_wconf 77' lang='lat' dir='ltr'>iuvetis,</span> <span class='ocrx_word' id='word_1_88' title='bbox 811 969 930 1009; x_wconf 81' lang='lat' dir='ltr'>bonis</span> <span class='ocrx_word' id='word_1_89' title='bbox 969 968 1156 1009; x_wconf 77' lang='lat' dir='ltr'>auctibus</span> <span class='ocrx_word' id='word_1_90' title='bbox 1195 969 1364 1018; x_wconf 80' lang='lat' dir='ltr'>auxitis3</span> <span class='ocrx_word' id='word_1_91' title='bbox 1413 969 1551 1010; x_wconf 78' lang='lat' dir='ltr'>salvos</span> <span class='ocrx_word' id='word_1_92' title='bbox 1583 969 1644 1009; x_wconf 89' lang='lat' dir='ltr'>in-</span> 
     </span>
     <span class='ocr_line' id='line_1_18' title="bbox 288 1031 1641 1086; baseline 0.001 -16"><span class='ocrx_word' id='word_1_93' title='bbox 288 1031 552 1084; x_wconf 84' lang='lat' dir='ltr'>columesque</span> <span class='ocrx_word' id='word_1_94' title='bbox 580 1031 696 1071; x_wconf 73' lang='lat' dir='ltr'>victis</span> <span class='ocrx_word' id='word_1_95' title='bbox 722 1031 1003 1085; x_wconf 88' lang='lat' dir='ltr'>perduellibus</span> <span class='ocrx_word' id='word_1_96' title='bbox 1031 1031 1226 1079; x_wconf 73' lang='lat' dir='ltr'>victores,</span> <span class='ocrx_word' id='word_1_97' title='bbox 1259 1032 1386 1086; x_wconf 84' lang='lat' dir='ltr'>spolis</span> <span class='ocrx_word' id='word_1_98' title='bbox 1413 1031 1641 1080; x_wconf 88' lang='lat' dir='ltr'>decoratos,</span> 
     </span>
     <span class='ocr_line' id='line_1_19' title="bbox 286 1093 1641 1147; baseline 0 -14"><span class='ocrx_word' id='word_1_99' title='bbox 286 1093 441 1146; x_wconf 88' lang='lat' dir='ltr'>praeda</span> <span class='ocrx_word' id='word_1_100' title='bbox 471 1102 641 1134; x_wconf 89' lang='lat' dir='ltr'>onustos</span> <span class='ocrx_word' id='word_1_101' title='bbox 680 1093 1062 1147; x_wconf 82' lang='lat' dir='ltr'>triumphantesque</span> <span class='ocrx_word' id='word_1_102' title='bbox 1099 1107 1262 1133; x_wconf 89' lang='lat' dir='ltr'>meeum</span> <span class='ocrx_word' id='word_1_103' title='bbox 1293 1093 1437 1133; x_wconf 90' lang='lat' dir='ltr'>domos</span> <span class='ocrx_word' id='word_1_104' title='bbox 1468 1093 1641 1133; x_wconf 85' lang='lat' dir='ltr'>reduces</span> 
     </span>
     <span class='ocr_line' id='line_1_20' title="bbox 287 1154 1641 1208; baseline 0 -14"><span class='ocrx_word' id='word_1_105' title='bbox 287 1154 461 1203; x_wconf 81' lang='lat' dir='ltr'>sistatis3</span> <span class='ocrx_word' id='word_1_106' title='bbox 510 1154 768 1194; x_wconf 86' lang='lat' dir='ltr'>inimicorum</span> <span class='ocrx_word' id='word_1_107' title='bbox 805 1154 1067 1206; x_wconf 90' lang='lat' dir='ltr'>hostiumque</span> <span class='ocrx_word' id='word_1_108' title='bbox 1109 1154 1439 1195; x_wconf 83' lang='lat' dir='ltr'>ulciscendorum</span> <span class='ocrx_word' id='word_1_109' title='bbox 1481 1155 1641 1208; x_wconf 87' lang='lat' dir='ltr'>copiam</span> 
     </span>
     <span class='ocr_line' id='line_1_21' title="bbox 286 1214 1641 1269; baseline -0.001 -13"><span class='ocrx_word' id='word_1_110' title='bbox 286 1216 451 1264; x_wconf 78' lang='lat' dir='ltr'>faxitis3</span> <span class='ocrx_word' id='word_1_111' title='bbox 501 1230 687 1269; x_wconf 89' lang='lat' dir='ltr'>quaeque</span> <span class='ocrx_word' id='word_1_112' title='bbox 729 1215 908 1269; x_wconf 82' lang='lat' dir='ltr'>populus</span> <span class='ocrx_word' id='word_1_113' title='bbox 948 1214 1306 1269; x_wconf 77' lang='lat' dir='ltr'>Carthaginiensis</span> <span class='ocrx_word' id='word_1_114' title='bbox 1349 1216 1391 1255; x_wconf 91' lang='lat' dir='ltr'>in</span> <span class='ocrx_word' id='word_1_115' title='bbox 1433 1215 1641 1256; x_wconf 74' lang='lat' dir='ltr'>civitatem</span> 
     </span>
     <span class='ocr_line' id='line_1_22' title="bbox 285 1276 1640 1331; baseline 0.001 -14"><span class='ocrx_word' id='word_1_116' title='bbox 285 1286 470 1318; x_wconf 88' lang='lat' dir='ltr'>nostram</span> <span class='ocrx_word' id='word_1_117' title='bbox 495 1277 630 1317; x_wconf 86' lang='lat' dir='ltr'>facere</span> <span class='ocrx_word' id='word_1_118' title='bbox 651 1277 817 1318; x_wconf 84' lang='lat' dir='ltr'>molitus</span> <span class='ocrx_word' id='word_1_119' title='bbox 844 1284 924 1325; x_wconf 85' lang='lat' dir='ltr'>cst,</span> <span class='ocrx_word' id='word_1_120' title='bbox 952 1292 1001 1317; x_wconf 85' lang='lat' dir='ltr'>ea</span> <span class='ocrx_word' id='word_1_121' title='bbox 1019 1285 1064 1316; x_wconf 89' lang='lat' dir='ltr'>ut</span> <span class='ocrx_word' id='word_1_122' title='bbox 1083 1276 1182 1316; x_wconf 86' lang='lat' dir='ltr'>mihi</span> <span class='ocrx_word' id='word_1_123' title='bbox 1202 1277 1435 1331; x_wconf 87' lang='lat' dir='ltr'>populoque</span> <span class='ocrx_word' id='word_1_124' title='bbox 1449 1277 1640 1318; x_wconf 81' lang='lat' dir='ltr'>Romano</span> 
     </span>
     <span class='ocr_line' id='line_1_23' title="bbox 284 1337 1639 1392; baseline 0.001 -14"><span class='ocrx_word' id='word_1_125' title='bbox 284 1339 326 1379; x_wconf 90' lang='lat' dir='ltr'>in</span> <span class='ocrx_word' id='word_1_126' title='bbox 352 1339 561 1379; x_wconf 84' lang='lat' dir='ltr'>civitatem</span> <span class='ocrx_word' id='word_1_127' title='bbox 577 1337 985 1392; x_wconf 78' lang='lat' dir='ltr'>Carthaginiensium</span> <span class='ocrx_word' id='word_1_128' title='bbox 1012 1338 1201 1392; x_wconf 81' lang='lat' dir='ltr'>exempla</span> <span class='ocrx_word' id='word_1_129' title='bbox 1227 1339 1376 1379; x_wconf 87' lang='lat' dir='ltr'>edendi</span> <span class='ocrx_word' id='word_1_130' title='bbox 1401 1340 1639 1379; x_wconf 85' lang='lat' dir='ltr'>facultatem</span> 
     </span>
     <span class='ocr_line' id='line_1_24' title="bbox 285 1401 1641 1454; baseline 0 -13"><span class='ocrx_word' id='word_1_131' title='bbox 285 1401 417 1441; x_wconf 84' lang='lat' dir='ltr'>detis.’</span> <span class='ocrx_word' id='word_1_132' title='bbox 480 1401 707 1441; x_wconf 86' lang='lat' dir='ltr'>secundum</span> <span class='ocrx_word' id='word_1_133' title='bbox 744 1401 818 1440; x_wconf 88' lang='lat' dir='ltr'>has</span> <span class='ocrx_word' id='word_1_134' title='bbox 856 1414 998 1454; x_wconf 86' lang='lat' dir='ltr'>preces</span> <span class='ocrx_word' id='word_1_135' title='bbox 1037 1401 1164 1440; x_wconf 88' lang='lat' dir='ltr'>cruda</span> <span class='ocrx_word' id='word_1_136' title='bbox 1200 1408 1295 1440; x_wconf 77' lang='lat' dir='ltr'>exta</span> <span class='ocrx_word' id='word_1_137' title='bbox 1331 1401 1539 1450; x_wconf 78' lang='lat' dir='ltr'>victimae,</span> <span class='ocrx_word' id='word_1_138' title='bbox 1581 1402 1641 1441; x_wconf 92' lang='lat' dir='ltr'>uti</span> 
     </span>
     <span class='ocr_line' id='line_1_25' title="bbox 284 1461 1640 1516; baseline -0.001 -13"><span class='ocrx_word' id='word_1_139' title='bbox 284 1478 373 1503; x_wconf 86' lang='lat' dir='ltr'>mos</span> <span class='ocrx_word' id='word_1_140' title='bbox 400 1471 481 1511; x_wconf 85' lang='lat' dir='ltr'>est,</span> <span class='ocrx_word' id='word_1_141' title='bbox 518 1462 561 1502; x_wconf 91' lang='lat' dir='ltr'>in</span> <span class='ocrx_word' id='word_1_142' title='bbox 585 1477 697 1502; x_wconf 85' lang='lat' dir='ltr'>mare</span> <span class='ocrx_word' id='word_1_143' title='bbox 722 1462 889 1516; x_wconf 88' lang='lat' dir='ltr'>porricit</span> <span class='ocrx_word' id='word_1_144' title='bbox 916 1462 1096 1514; x_wconf 91' lang='lat' dir='ltr'>tubaque</span> <span class='ocrx_word' id='word_1_145' title='bbox 1123 1461 1288 1514; x_wconf 76' lang='lat' dir='ltr'>signum</span> <span class='ocrx_word' id='word_1_146' title='bbox 1319 1462 1431 1502; x_wconf 82' lang='lat' dir='ltr'>dedit</span> <span class='ocrx_word' id='word_1_147' title='bbox 1454 1462 1640 1516; x_wconf 88' lang='lat' dir='ltr'>proficis-</span> 
     </span>
     <span class='ocr_line' id='line_1_26' title="bbox 286 1522 1640 1576; baseline 0 -12"><span class='ocrx_word' id='word_1_148' title='bbox 286 1524 417 1564; x_wconf 90' lang='lat' dir='ltr'>cendi.</span> <span class='ocrx_word' id='word_1_149' title='bbox 477 1531 600 1564; x_wconf 78' lang='lat' dir='ltr'>vento</span> <span class='ocrx_word' id='word_1_150' title='bbox 633 1524 814 1563; x_wconf 84' lang='lat' dir='ltr'>secundo</span> <span class='ocrx_word' id='word_1_151' title='bbox 848 1522 1082 1563; x_wconf 77' lang='lat' dir='ltr'>vehementi</span> <span class='ocrx_word' id='word_1_152' title='bbox 1114 1522 1213 1562; x_wconf 87' lang='lat' dir='ltr'>satis</span> <span class='ocrx_word' id='word_1_153' title='bbox 1245 1523 1430 1576; x_wconf 80' lang='lat' dir='ltr'>provecti</span> <span class='ocrx_word' id='word_1_154' title='bbox 1455 1523 1640 1564; x_wconf 87' lang='lat' dir='ltr'>celeriter</span> 
     </span>
     <span class='ocr_line' id='line_1_27' title="bbox 284 1584 1640 1639; baseline 0 -14"><span class='ocrx_word' id='word_1_155' title='bbox 284 1600 305 1625; x_wconf 95' lang='lat' dir='ltr'>e</span> <span class='ocrx_word' id='word_1_156' title='bbox 337 1594 562 1639; x_wconf 86' lang='lat' dir='ltr'>conspectu</span> <span class='ocrx_word' id='word_1_157' title='bbox 594 1592 724 1625; x_wconf 88' lang='lat' dir='ltr'>terrae</span> <span class='ocrx_word' id='word_1_158' title='bbox 756 1584 882 1624; x_wconf 88' lang='lat' dir='ltr'>ablati</span> <span class='ocrx_word' id='word_1_159' title='bbox 913 1592 1026 1633; x_wconf 85' lang='lat' dir='ltr'>sunt3</span> <span class='ocrx_word' id='word_1_160' title='bbox 1071 1592 1111 1624; x_wconf 87' lang='lat' dir='ltr'>et</span> <span class='ocrx_word' id='word_1_161' title='bbox 1142 1600 1166 1624; x_wconf 86' lang='lat' dir='ltr'>a</span> <span class='ocrx_word' id='word_1_162' title='bbox 1189 1585 1359 1625; x_wconf 88' lang='lat' dir='ltr'>meridie</span> <span class='ocrx_word' id='word_1_163' title='bbox 1390 1585 1542 1626; x_wconf 84' lang='lat' dir='ltr'>nebula</span> <span class='ocrx_word' id='word_1_164' title='bbox 1572 1600 1640 1626; x_wconf 89' lang='lat' dir='ltr'>oe-</span> 
     </span>
     <span class='ocr_line' id='line_1_28' title="bbox 283 1646 1639 1701; baseline 0 -14"><span class='ocrx_word' id='word_1_165' title='bbox 283 1647 390 1701; x_wconf 84' lang='lat' dir='ltr'>cepit</span> <span class='ocrx_word' id='word_1_166' title='bbox 427 1646 507 1695; x_wconf 91' lang='lat' dir='ltr'>ita,</span> <span class='ocrx_word' id='word_1_167' title='bbox 557 1647 626 1686; x_wconf 64' lang='lat' dir='ltr'>vix</span> <span class='ocrx_word' id='word_1_168' title='bbox 662 1656 705 1687; x_wconf 91' lang='lat' dir='ltr'>ut</span> <span class='ocrx_word' id='word_1_169' title='bbox 743 1661 968 1687; x_wconf 84' lang='lat' dir='ltr'>concursus</span> <span class='ocrx_word' id='word_1_170' title='bbox 1012 1646 1180 1686; x_wconf 78' lang='lat' dir='ltr'>navium</span> <span class='ocrx_word' id='word_1_171' title='bbox 1216 1646 1322 1687; x_wconf 89' lang='lat' dir='ltr'>inter</span> <span class='ocrx_word' id='word_1_172' title='bbox 1364 1662 1407 1687; x_wconf 90' lang='lat' dir='ltr'>sc</span> <span class='ocrx_word' id='word_1_173' title='bbox 1445 1647 1639 1696; x_wconf 78' lang='lat' dir='ltr'>vitarent3</span> 
     </span>
     <span class='ocr_line' id='line_1_29' title="bbox 282 1708 1641 1762; baseline 0 -13"><span class='ocrx_word' id='word_1_174' title='bbox 282 1710 411 1749; x_wconf 87' lang='lat' dir='ltr'>lenior</span> <span class='ocrx_word' id='word_1_175' title='bbox 437 1716 585 1749; x_wconf 80' lang='lat' dir='ltr'>ventus</span> <span class='ocrx_word' id='word_1_176' title='bbox 610 1708 652 1748; x_wconf 90' lang='lat' dir='ltr'>in</span> <span class='ocrx_word' id='word_1_177' title='bbox 679 1709 760 1749; x_wconf 88' lang='lat' dir='ltr'>alto</span> <span class='ocrx_word' id='word_1_178' title='bbox 787 1709 934 1749; x_wconf 86' lang='lat' dir='ltr'>factus.</span> <span class='ocrx_word' id='word_1_179' title='bbox 989 1716 1153 1749; x_wconf 87' lang='lat' dir='ltr'>noctem</span> <span class='ocrx_word' id='word_1_180' title='bbox 1177 1708 1464 1762; x_wconf 87' lang='lat' dir='ltr'>insequentem</span> <span class='ocrx_word' id='word_1_181' title='bbox 1495 1710 1641 1749; x_wconf 88' lang='lat' dir='ltr'>eadem</span> 
     </span>
     <span class='ocr_line' id='line_1_30' title="bbox 282 1770 1638 1825; baseline 0.001 -14"><span class='ocrx_word' id='word_1_182' title='bbox 282 1771 416 1825; x_wconf 80' lang='lat' dir='ltr'>caligo</span> <span class='ocrx_word' id='word_1_183' title='bbox 443 1770 635 1819; x_wconf 80' lang='lat' dir='ltr'>obtinnit3</span> <span class='ocrx_word' id='word_1_184' title='bbox 669 1771 755 1811; x_wconf 89' lang='lat' dir='ltr'>sole</span> <span class='ocrx_word' id='word_1_185' title='bbox 781 1779 870 1811; x_wconf 87' lang='lat' dir='ltr'>orto</span> <span class='ocrx_word' id='word_1_186' title='bbox 897 1778 960 1811; x_wconf 87' lang='lat' dir='ltr'>est</span> <span class='ocrx_word' id='word_1_187' title='bbox 985 1770 1175 1811; x_wconf 88' lang='lat' dir='ltr'>discussa</span> <span class='ocrx_word' id='word_1_188' title='bbox 1195 1779 1235 1811; x_wconf 92' lang='lat' dir='ltr'>et.</span> <span class='ocrx_word' id='word_1_189' title='bbox 1255 1771 1394 1811; x_wconf 86' lang='lat' dir='ltr'>addita</span> <span class='ocrx_word' id='word_1_190' title='bbox 1414 1771 1475 1811; x_wconf 70' lang='lat' dir='ltr'>vis</span> <span class='ocrx_word' id='word_1_191' title='bbox 1502 1780 1638 1812; x_wconf 79' lang='lat' dir='ltr'>vento.</span> 
     </span>
     <span class='ocr_line' id='line_1_31' title="bbox 282 1832 1640 1887; baseline 0.001 -15"><span class='ocrx_word' id='word_1_192' title='bbox 282 1833 363 1873; x_wconf 85' lang='lat' dir='ltr'>iam</span> <span class='ocrx_word' id='word_1_193' title='bbox 394 1842 546 1873; x_wconf 88' lang='lat' dir='ltr'>terram</span> <span class='ocrx_word' id='word_1_194' title='bbox 578 1833 814 1873; x_wconf 86' lang='lat' dir='ltr'>cernebant.</span> <span class='ocrx_word' id='word_1_195' title='bbox 875 1832 987 1873; x_wconf 90' lang='lat' dir='ltr'>haud</span> <span class='ocrx_word' id='word_1_196' title='bbox 1016 1833 1072 1873; x_wconf 90' lang='lat' dir='ltr'>ita</span> <span class='ocrx_word' id='word_1_197' title='bbox 1103 1832 1232 1873; x_wconf 89' lang='lat' dir='ltr'>multo</span> <span class='ocrx_word' id='word_1_198' title='bbox 1263 1840 1358 1887; x_wconf 84' lang='lat' dir='ltr'>post</span> <span class='ocrx_word' id='word_1_199' title='bbox 1388 1833 1640 1887; x_wconf 83' lang='lat' dir='ltr'>gubernator</span> 
     </span>
     <span class='ocr_line' id='line_1_32' title="bbox 284 1894 1639 1949; baseline -0.001 -14"><span class='ocrx_word' id='word_1_200' title='bbox 284 1894 469 1949; x_wconf 74' lang='lat' dir='ltr'>Scipioni</span> <span class='ocrx_word' id='word_1_201' title='bbox 506 1895 578 1943; x_wconf 92' lang='lat' dir='ltr'>ait,</span> <span class='ocrx_word' id='word_1_202' title='bbox 616 1910 698 1934; x_wconf 90' lang='lat' dir='ltr'>non</span> <span class='ocrx_word' id='word_1_203' title='bbox 736 1894 828 1949; x_wconf 88' lang='lat' dir='ltr'>plus</span> <span class='ocrx_word' id='word_1_204' title='bbox 867 1895 1047 1947; x_wconf 89' lang='lat' dir='ltr'>quinque</span> <span class='ocrx_word' id='word_1_205' title='bbox 1078 1895 1191 1934; x_wconf 85' lang='lat' dir='ltr'>milia</span> <span class='ocrx_word' id='word_1_206' title='bbox 1220 1910 1419 1949; x_wconf 83' lang='lat' dir='ltr'>passuum</span> <span class='ocrx_word' id='word_1_207' title='bbox 1449 1894 1639 1934; x_wconf 84' lang='lat' dir='ltr'>Africam</span> 
     </span>
     <span class='ocr_line' id='line_1_33' title="bbox 282 1956 1638 2010; baseline -0.001 -13"><span class='ocrx_word' id='word_1_208' title='bbox 282 1958 447 2005; x_wconf 85' lang='lat' dir='ltr'>abesse,</span> <span class='ocrx_word' id='word_1_209' title='bbox 486 1956 671 1996; x_wconf 62' lang='lat' dir='ltr'>Blercuri</span> <span class='ocrx_word' id='word_1_210' title='bbox 702 1956 1030 2010; x_wconf 86' lang='lat' dir='ltr'>promunturium</span> <span class='ocrx_word' id='word_1_211' title='bbox 1063 1971 1106 1997; x_wconf 88' lang='lat' dir='ltr'>se</span> <span class='ocrx_word' id='word_1_212' title='bbox 1138 1971 1322 2005; x_wconf 79' lang='lat' dir='ltr'>cerncre3</span> <span class='ocrx_word' id='word_1_213' title='bbox 1363 1957 1396 1997; x_wconf 88' lang='lat' dir='ltr'>si</span> <span class='ocrx_word' id='word_1_214' title='bbox 1426 1957 1564 1997; x_wconf 87' lang='lat' dir='ltr'>iubeat</span> <span class='ocrx_word' id='word_1_215' title='bbox 1591 1972 1638 1996; x_wconf 88' lang='lat' dir='ltr'>eo</span> 
     </span>
     <span class='ocr_line' id='line_1_34' title="bbox 281 2018 1636 2073; baseline 0 -15"><span class='ocrx_word' id='word_1_216' title='bbox 281 2019 420 2073; x_wconf 78' lang='lat' dir='ltr'>dirigi,</span> <span class='ocrx_word' id='word_1_217' title='bbox 456 2019 537 2059; x_wconf 86' lang='lat' dir='ltr'>iam</span> <span class='ocrx_word' id='word_1_218' title='bbox 562 2019 604 2058; x_wconf 92' lang='lat' dir='ltr'>in</span> <span class='ocrx_word' id='word_1_219' title='bbox 628 2028 751 2073; x_wconf 89' lang='lat' dir='ltr'>portu</span> <span class='ocrx_word' id='word_1_220' title='bbox 777 2019 864 2059; x_wconf 81' lang='lat' dir='ltr'>fore</span> <span class='ocrx_word' id='word_1_221' title='bbox 891 2034 1056 2059; x_wconf 90' lang='lat' dir='ltr'>omnem</span> <span class='ocrx_word' id='word_1_222' title='bbox 1081 2019 1271 2060; x_wconf 83' lang='lat' dir='ltr'>classem.</span> <span class='ocrx_word' id='word_1_223' title='bbox 1333 2018 1493 2073; x_wconf 84' lang='lat' dir='ltr'>Scipio,</span> <span class='ocrx_word' id='word_1_224' title='bbox 1525 2026 1570 2058; x_wconf 89' lang='lat' dir='ltr'>ut</span> <span class='ocrx_word' id='word_1_225' title='bbox 1594 2018 1636 2058; x_wconf 88' lang='lat' dir='ltr'>in</span> 
     </span>
     <span class='ocr_line' id='line_1_35' title="bbox 281 2081 1638 2135; baseline -0.001 -14"><span class='ocrx_word' id='word_1_226' title='bbox 281 2090 505 2135; x_wconf 85' lang='lat' dir='ltr'>conspectu</span> <span class='ocrx_word' id='word_1_227' title='bbox 530 2089 639 2121; x_wconf 87' lang='lat' dir='ltr'>terra</span> <span class='ocrx_word' id='word_1_228' title='bbox 664 2081 759 2129; x_wconf 85' lang='lat' dir='ltr'>fnit,</span> <span class='ocrx_word' id='word_1_229' title='bbox 798 2090 988 2135; x_wconf 84' lang='lat' dir='ltr'>precatus</span> <span class='ocrx_word' id='word_1_230' title='bbox 1014 2081 1073 2121; x_wconf 90' lang='lat' dir='ltr'>uti</span> <span class='ocrx_word' id='word_1_231' title='bbox 1100 2081 1207 2122; x_wconf 89' lang='lat' dir='ltr'>bono</span> <span class='ocrx_word' id='word_1_232' title='bbox 1237 2081 1295 2121; x_wconf 89' lang='lat' dir='ltr'>rei</span> <span class='ocrx_word' id='word_1_233' title='bbox 1327 2081 1515 2135; x_wconf 87' lang='lat' dir='ltr'>publicae</span> <span class='ocrx_word' id='word_1_234' title='bbox 1543 2095 1638 2121; x_wconf 87' lang='lat' dir='ltr'>suo-</span> 
     </span>
     <span class='ocr_line' id='line_1_36' title="bbox 280 2142 1637 2196; baseline -0.001 -14"><span class='ocrx_word' id='word_1_235' title='bbox 280 2158 359 2196; x_wconf 89' lang='lat' dir='ltr'>que</span> <span class='ocrx_word' id='word_1_236' title='bbox 383 2143 574 2183; x_wconf 83' lang='lat' dir='ltr'>Africam</span> <span class='ocrx_word' id='word_1_237' title='bbox 612 2142 777 2191; x_wconf 74' lang='lat' dir='ltr'>viderit,</span> <span class='ocrx_word' id='word_1_238' title='bbox 823 2143 919 2183; x_wconf 88' lang='lat' dir='ltr'>dare</span> <span class='ocrx_word' id='word_1_239' title='bbox 958 2143 1050 2183; x_wconf 74' lang='lat' dir='ltr'>vela</span> <span class='ocrx_word' id='word_1_240' title='bbox 1087 2150 1127 2183; x_wconf 88' lang='lat' dir='ltr'>et</span> <span class='ocrx_word' id='word_1_241' title='bbox 1163 2143 1289 2183; x_wconf 90' lang='lat' dir='ltr'>alium</span> <span class='ocrx_word' id='word_1_242' title='bbox 1319 2143 1427 2182; x_wconf 86' lang='lat' dir='ltr'>infra</span> <span class='ocrx_word' id='word_1_243' title='bbox 1461 2142 1637 2182; x_wconf 76' lang='lat' dir='ltr'>navibus</span> 
     </span>
     <span class='ocr_line' id='line_1_37' title="bbox 281 2205 1636 2259; baseline 0 -15"><span class='ocrx_word' id='word_1_244' title='bbox 281 2219 494 2245; x_wconf 88' lang='lat' dir='ltr'>aceessum</span> <span class='ocrx_word' id='word_1_245' title='bbox 519 2213 659 2259; x_wconf 88' lang='lat' dir='ltr'>petere</span> <span class='ocrx_word' id='word_1_246' title='bbox 684 2205 809 2245; x_wconf 86' lang='lat' dir='ltr'>iubet.</span> <span class='ocrx_word' id='word_1_247' title='bbox 850 2212 972 2246; x_wconf 78' lang='lat' dir='ltr'>vento</span> <span class='ocrx_word' id='word_1_248' title='bbox 999 2205 1145 2246; x_wconf 87' lang='lat' dir='ltr'>eodem</span> <span class='ocrx_word' id='word_1_249' title='bbox 1170 2205 1427 2253; x_wconf 81' lang='lat' dir='ltr'>ferebantur3</span> <span class='ocrx_word' id='word_1_250' title='bbox 1456 2212 1636 2244; x_wconf 89' lang='lat' dir='ltr'>ceterum</span> 
     </span>
     <span class='ocr_line' id='line_1_38' title="bbox 279 2267 1637 2321; baseline 0.001 -15"><span class='ocrx_word' id='word_1_251' title='bbox 279 2267 431 2307; x_wconf 86' lang='lat' dir='ltr'>nebula</span> <span class='ocrx_word' id='word_1_252' title='bbox 463 2267 538 2307; x_wconf 90' lang='lat' dir='ltr'>snb</span> <span class='ocrx_word' id='word_1_253' title='bbox 576 2267 687 2307; x_wconf 91' lang='lat' dir='ltr'>idem</span> <span class='ocrx_word' id='word_1_254' title='bbox 723 2267 852 2307; x_wconf 83' lang='lat' dir='ltr'>ferme</span> <span class='ocrx_word' id='word_1_255' title='bbox 884 2275 1047 2321; x_wconf 88' lang='lat' dir='ltr'>tempus</span> <span class='ocrx_word' id='word_1_256' title='bbox 1086 2282 1166 2320; x_wconf 89' lang='lat' dir='ltr'>quo</span> <span class='ocrx_word' id='word_1_257' title='bbox 1204 2267 1334 2321; x_wconf 83' lang='lat' dir='ltr'>pridie</span> <span class='ocrx_word' id='word_1_258' title='bbox 1365 2274 1508 2307; x_wconf 83' lang='lat' dir='ltr'>exorta</span> <span class='ocrx_word' id='word_1_259' title='bbox 1541 2281 1637 2307; x_wconf 92' lang='lat' dir='ltr'>con-</span> 
     </span>
     <span class='ocr_line' id='line_1_39' title="bbox 281 2328 1634 2383; baseline 0.001 -16"><span class='ocrx_word' id='word_1_260' title='bbox 281 2336 467 2381; x_wconf 87' lang='lat' dir='ltr'>spectum</span> <span class='ocrx_word' id='word_1_261' title='bbox 493 2338 624 2369; x_wconf 88' lang='lat' dir='ltr'>terrae</span> <span class='ocrx_word' id='word_1_262' title='bbox 651 2329 804 2369; x_wconf 86' lang='lat' dir='ltr'>ademit</span> <span class='ocrx_word' id='word_1_263' title='bbox 830 2336 870 2369; x_wconf 86' lang='lat' dir='ltr'>et</span> <span class='ocrx_word' id='word_1_264' title='bbox 895 2338 1041 2369; x_wconf 81' lang='lat' dir='ltr'>ventus</span> <span class='ocrx_word' id='word_1_265' title='bbox 1062 2338 1273 2383; x_wconf 87' lang='lat' dir='ltr'>premente</span> <span class='ocrx_word' id='word_1_266' title='bbox 1299 2329 1451 2369; x_wconf 89' lang='lat' dir='ltr'>nebula</span> <span class='ocrx_word' id='word_1_267' title='bbox 1475 2328 1634 2368; x_wconf 88' lang='lat' dir='ltr'>cecidit.</span> 
     </span>
     <span class='ocr_line' id='line_1_40' title="bbox 279 2391 1636 2443; baseline 0.001 -14"><span class='ocrx_word' id='word_1_268' title='bbox 279 2405 362 2430; x_wconf 82' lang='lat' dir='ltr'>nox</span> <span class='ocrx_word' id='word_1_269' title='bbox 395 2391 542 2431; x_wconf 86' lang='lat' dir='ltr'>deinde</span> <span class='ocrx_word' id='word_1_270' title='bbox 574 2391 795 2431; x_wconf 88' lang='lat' dir='ltr'>incertiora</span> <span class='ocrx_word' id='word_1_271' title='bbox 825 2391 964 2431; x_wconf 86' lang='lat' dir='ltr'>omnia</span> <span class='ocrx_word' id='word_1_272' title='bbox 994 2391 1104 2431; x_wconf 84' lang='lat' dir='ltr'>fecit.</span> <span class='ocrx_word' id='word_1_273' title='bbox 1175 2391 1313 2443; x_wconf 89' lang='lat' dir='ltr'>itaque</span> <span class='ocrx_word' id='word_1_274' title='bbox 1345 2405 1542 2439; x_wconf 86' lang='lat' dir='ltr'>ancoras,</span> <span class='ocrx_word' id='word_1_275' title='bbox 1585 2405 1636 2430; x_wconf 90' lang='lat' dir='ltr'>ne</span> 
     </span>
     <span class='ocr_line' id='line_1_41' title="bbox 281 2452 1635 2499; baseline 0.001 -9"><span class='ocrx_word' id='word_1_276' title='bbox 281 2460 348 2491; x_wconf 85' lang='lat' dir='ltr'>aut</span> <span class='ocrx_word' id='word_1_277' title='bbox 385 2452 491 2492; x_wconf 88' lang='lat' dir='ltr'>inter</span> <span class='ocrx_word' id='word_1_278' title='bbox 528 2468 571 2493; x_wconf 87' lang='lat' dir='ltr'>se</span> <span class='ocrx_word' id='word_1_279' title='bbox 609 2461 899 2494; x_wconf 87' lang='lat' dir='ltr'>concurrerent</span> <span class='ocrx_word' id='word_1_280' title='bbox 933 2468 1061 2493; x_wconf 77' lang='lat' dir='ltr'>naves</span> <span class='ocrx_word' id='word_1_281' title='bbox 1100 2460 1169 2492; x_wconf 86' lang='lat' dir='ltr'>aut</span> <span class='ocrx_word' id='word_1_282' title='bbox 1206 2461 1337 2492; x_wconf 89' lang='lat' dir='ltr'>terrac</span> <span class='ocrx_word' id='word_1_283' title='bbox 1374 2452 1635 2499; x_wconf 84' lang='lat' dir='ltr'>inferrentur,</span> 
     </span>
     <span class='ocr_line' id='line_1_42' title="bbox 280 2513 1637 2563; baseline -0.001 -10"><span class='ocrx_word' id='word_1_284' title='bbox 280 2514 424 2554; x_wconf 88' lang='lat' dir='ltr'>iecere.</span> <span class='ocrx_word' id='word_1_285' title='bbox 479 2514 550 2554; x_wconf 87' lang='lat' dir='ltr'>ubi</span> <span class='ocrx_word' id='word_1_286' title='bbox 575 2514 741 2563; x_wconf 82' lang='lat' dir='ltr'>inluxit,</span> <span class='ocrx_word' id='word_1_287' title='bbox 772 2523 916 2556; x_wconf 81' lang='lat' dir='ltr'>ventus</span> <span class='ocrx_word' id='word_1_288' title='bbox 942 2515 1053 2555; x_wconf 84' lang='lat' dir='ltr'>idem</span> <span class='ocrx_word' id='word_1_289' title='bbox 1079 2522 1262 2563; x_wconf 87' lang='lat' dir='ltr'>coortus,</span> <span class='ocrx_word' id='word_1_290' title='bbox 1288 2514 1440 2554; x_wconf 86' lang='lat' dir='ltr'>nebula</span> <span class='ocrx_word' id='word_1_291' title='bbox 1465 2513 1637 2554; x_wconf 86' lang='lat' dir='ltr'>disiecta</span> 
     </span>
     <span class='ocr_line' id='line_1_43' title="bbox 282 2576 1636 2632; baseline 0.001 -18"><span class='ocrx_word' id='word_1_292' title='bbox 282 2576 440 2629; x_wconf 88' lang='lat' dir='ltr'>aperuit</span> <span class='ocrx_word' id='word_1_293' title='bbox 476 2577 613 2617; x_wconf 86' lang='lat' dir='ltr'>omnia</span> <span class='ocrx_word' id='word_1_294' title='bbox 650 2577 819 2617; x_wconf 83' lang='lat' dir='ltr'>Africae</span> <span class='ocrx_word' id='word_1_295' title='bbox 856 2578 988 2618; x_wconf 81' lang='lat' dir='ltr'>litora.</span> <span class='ocrx_word' id='word_1_296' title='bbox 1051 2577 1211 2632; x_wconf 78' lang='lat' dir='ltr'>Scipio,</span> <span class='ocrx_word' id='word_1_297' title='bbox 1249 2576 1359 2629; x_wconf 89' lang='lat' dir='ltr'>quod</span> <span class='ocrx_word' id='word_1_298' title='bbox 1396 2583 1507 2616; x_wconf 87' lang='lat' dir='ltr'>esset</span> <span class='ocrx_word' id='word_1_299' title='bbox 1542 2590 1636 2630; x_wconf 90' lang='lat' dir='ltr'>pro-</span> 
     </span>
     <span class='ocr_line' id='line_1_44' title="bbox 281 2637 1635 2694; baseline 0 -18"><span class='ocrx_word' id='word_1_300' title='bbox 281 2637 436 2677; x_wconf 76' lang='lat' dir='ltr'>ximum</span> <span class='ocrx_word' id='word_1_301' title='bbox 471 2639 803 2691; x_wconf 87' lang='lat' dir='ltr'>promunturium</span> <span class='ocrx_word' id='word_1_302' title='bbox 838 2647 1155 2694; x_wconf 89' lang='lat' dir='ltr'>percunctatus,</span> <span class='ocrx_word' id='word_1_303' title='bbox 1205 2654 1298 2679; x_wconf 89' lang='lat' dir='ltr'>cum</span> <span class='ocrx_word' id='word_1_304' title='bbox 1334 2637 1505 2678; x_wconf 87' lang='lat' dir='ltr'>Pulchri</span> <span class='ocrx_word' id='word_1_305' title='bbox 1540 2652 1635 2690; x_wconf 91' lang='lat' dir='ltr'>pro-</span> 
     </span>
     <span class='ocr_line' id='line_1_45' title="bbox 281 2697 1634 2755; baseline -0.001 -18"><span class='ocrx_word' id='word_1_306' title='bbox 281 2699 533 2739; x_wconf 89' lang='lat' dir='ltr'>munturium</span> <span class='ocrx_word' id='word_1_307' title='bbox 573 2700 615 2739; x_wconf 87' lang='lat' dir='ltr'>id</span> <span class='ocrx_word' id='word_1_308' title='bbox 658 2701 796 2741; x_wconf 84' lang='lat' dir='ltr'>vocari</span> <span class='ocrx_word' id='word_1_309' title='bbox 844 2701 1052 2749; x_wconf 88' lang='lat' dir='ltr'>audisset,</span> <span class='ocrx_word' id='word_1_310' title='bbox 1104 2701 1259 2755; x_wconf 81' lang='lat' dir='ltr'>‘placet</span> <span class='ocrx_word' id='word_1_311' title='bbox 1295 2699 1454 2747; x_wconf 86' lang='lat' dir='ltr'>omen,’</span> <span class='ocrx_word' id='word_1_312' title='bbox 1503 2697 1634 2750; x_wconf 84' lang='lat' dir='ltr'>inquit</span> 
     </span>
    </p>
   </div>
  </div>
 </body>
</html>
