1815 3184
249 690 266 717 6

251 875 266 903 —1

232 1492 271 1522 10

251 1923 268 1953 ΚΟ

250 2418 270 2446 4

251 2542 269 2570 5

253 2726 271 2755 6

294 256 376 297 298
598 261 753 295 LIBER
778 260 925 304 XXVI,
951 261 1007 295 29.
1026 261 1080 295 30.
1110 263 1206 304 [a.u.
1222 262 1348 306 e.544]

295 364 517 407 facturuml
567 362 685 404 obrui
715 362 877 404 Aetnae
912 363 1078 418 ignibus
1115 370 1184 404 aut
1221 364 1352 418 mergi
1387 364 1492 406 freto
1523 367 1649 408 satius

295 428 352 467 illi
388 426 546 467 insulae
583 440 674 466 esse
711 439 835 478 quam
871 425 983 465 velut
1018 425 1113 466 dedi
1153 440 1285 466 noxae
1320 426 1500 468 inimico.
1572 428 1650 469 hae

297 488 531 530 Siculorum
557 486 761 540 querellae
787 487 932 528 domos
957 487 1136 541 primum
1164 486 1364 528 nobilium
1389 488 1650 530 circumlatae

295 549 603 603 celebrataeque
631 548 907 598 sermonibus,
934 563 1037 602 quos
1062 549 1211 603 partim
1235 550 1513 592 misericordia
1534 549 1652 592 Sicu-

292 612 448 661 lorum,
497 611 646 666 partim
683 611 838 651 invidia
873 610 1063 651 Marcelli
1104 611 1331 661 excitabat,
1380 612 1422 652 in
1465 620 1651 654 senatum

295 674 416 715 etiam
446 680 731 728 pervenerunt.
791 673 1043 727 postulatum
1074 688 1098 714 a
1129 673 1365 714 consulibus
1403 681 1482 724 est,
1519 681 1565 715 ut
1601 674 1651 714 de

293 735 573 791 permutandis
598 735 820 790 provinciis
853 742 1041 776 senatum
1072 735 1341 776 consulerent.
1413 735 1650 785 Marcellus,

295 798 329 837 si
353 797 434 838 iam
461 797 589 837 auditi
619 796 670 838 ab
704 803 848 837 senatu
875 795 1005 838 Siculi
1035 803 1191 847 essent,
1229 797 1352 838 aliam
1383 797 1557 838 forsitan
1586 797 1652 837 fu-

295 868 426 900 turam
448 859 578 900 fuisse
599 859 844 900 sententiam
865 874 983 900 suam
1003 859 1155 900 dicere:
1181 874 1304 908 nunc,
1323 873 1375 899 ne
1395 859 1486 912 quis
1507 859 1651 900 timore

294 921 446 962 frenari
479 936 548 962 eos
579 921 714 962 dicere
745 928 904 976 posset,
954 936 1034 975 quo
1069 921 1204 962 minus
1236 922 1286 962 dc
1319 936 1367 962 eo
1398 921 1523 962 libere
1554 936 1653 975 que-

294 990 451 1032 rantur,
489 984 530 1024 in
567 984 682 1024 cuius
718 990 919 1038 potestate
956 998 1053 1024 mox
1089 983 1217 1024 futuri
1249 983 1347 1033 sint,
1386 983 1421 1024 si
1457 983 1652 1038 conlegae

296 1046 395 1087 nihil
419 1046 594 1095 intersit,
621 1053 779 1086 mutare
807 1060 849 1086 sc
874 1046 1127 1100 provinciam
1146 1052 1334 1100 paratum
1356 1060 1459 1087 esse.
1509 1045 1652 1099 depre-

296 1108 379 1148 cari
416 1114 580 1148 senatus
616 1107 930 1162 praeiudicium:
968 1123 1064 1148 nam
1095 1122 1188 1148 cum
1219 1114 1332 1148 extra
1369 1113 1520 1148 sortem
1556 1121 1653 1148 con-

293 1170 411 1224 legae
454 1169 661 1223 optionem
703 1170 790 1210 dari
831 1170 1065 1223 provinciae
1107 1169 1261 1210 inicum
1303 1169 1449 1218 fuerit,
1499 1176 1651 1222 quanto

294 1233 490 1272 maiorem
515 1231 721 1279 iniuriam,
748 1232 873 1272 immo
899 1231 1188 1272 contumeliam
1214 1246 1324 1281 esse,
1357 1239 1508 1272 sortem
1535 1246 1651 1272 suam

296 1295 349 1335 ad
373 1309 466 1335 eum
492 1293 727 1334 transferri?
772 1294 828 1334 ita
854 1300 1039 1342 senatus,
1073 1308 1166 1334 cum
1191 1294 1290 1347 quid
1314 1294 1493 1348 placeret
1517 1294 1650 1348 magis

297 1356 546 1397 ostendisset
576 1370 701 1408 quam
732 1355 956 1404 decresset,
995 1355 1223 1395 dimittitur.
1283 1355 1388 1396 inter
1417 1356 1530 1409 ipsos
1557 1370 1652 1396 con-

297 1417 405 1458 sules
437 1418 681 1471 permutatio
712 1417 1038 1471 provinciarum,
1075 1417 1258 1470 rapiente
1289 1416 1375 1457 fato
1407 1416 1651 1457 Marcellum

297 1479 349 1520 ad
390 1478 693 1527 Hannibalem,
743 1478 853 1518 facta
900 1485 985 1526 est,
1039 1485 1081 1518 ut
1129 1492 1180 1518 ex
1227 1493 1308 1531 quo
1355 1479 1511 1532 primus
1559 1486 1653 1532 post

295 1541 468 1582 adversa
487 1539 732 1594 [secunda]e
748 1554 912 1594 pugnae
942 1539 1116 1594 gloriam
1147 1546 1327 1594 ceperat,
1377 1541 1419 1581 in
1449 1540 1535 1580 eius
1565 1540 1652 1580 lau-

296 1603 390 1642 dem
420 1608 652 1655 postremus
678 1601 959 1642 Romanorum
984 1601 1294 1655 imperatorum,
1332 1602 1539 1657 prosperis
1564 1609 1651 1643 tum

295 1663 472 1704 maxime
497 1662 654 1703 bellicis
679 1662 822 1711 rebus,
850 1663 1027 1704 caderet.

378 1724 534 1764 XXX.
596 1724 845 1765 Permutatis
881 1725 1102 1779 provinciis
1136 1723 1265 1766 Siculi
1296 1726 1337 1766 in
1369 1731 1556 1766 senatum
1592 1726 1652 1765 in-

296 1787 470 1828 troducti
501 1786 630 1827 multa
661 1787 710 1827 de
742 1786 938 1828 Hieronis
974 1787 1084 1842 regis
1116 1787 1196 1829 fide
1225 1795 1422 1842 perpetua
1453 1803 1550 1843 erga
1580 1802 1652 1841 po-

294 1848 437 1903 pulum
478 1848 714 1889 Romanum
756 1848 881 1889 verba
921 1848 1107 1889 fecerunt
1147 1849 1190 1889 in
1230 1850 1404 1904 gratiam
1444 1849 1651 1904 publicam

295 1916 549 1951 avertentes:
598 1910 901 1964 Hieronymum
938 1925 985 1951 ac
1026 1918 1170 1965 postea
1204 1911 1488 1965 Hippocraten
1529 1917 1650 1963 atque

294 1971 511 2026 Epicyden
536 1979 730 2026 tyrannos
757 1987 849 2012 cum
875 1971 927 2013 ob
954 1972 1049 2021 alia,
1077 1983 1163 2013 tum
1188 1981 1352 2027 propter
1378 1973 1649 2014 defectionem

295 2033 346 2074 ab
371 2033 570 2074 Romanis
597 2034 649 2074 ad
673 2033 952 2075 Hannibalem
983 2035 1137 2075 invisos
1170 2035 1299 2076 fuisse
1326 2034 1415 2075 sibi.
1476 2033 1528 2075 ob
1560 2048 1649 2074 eam

295 2110 461 2137 causam
498 2103 538 2136 et
572 2096 876 2150 Hieronymum
913 2112 937 2137 a
971 2096 1224 2151 principibus
1261 2096 1485 2137 iuventutis
1522 2110 1649 2150 prope

294 2157 458 2212 publico
485 2158 654 2198 consilio
680 2158 940 2199 interfectum
965 2166 1005 2199 et
1023 2159 1064 2199 in
1082 2158 1282 2213 Epicydis
1301 2158 1651 2213 Hippocratisque

295 2220 461 2260 caedem
495 2220 755 2275 septuaginta
790 2220 1140 2262 nobilissimorum
1175 2221 1371 2262 iuvenum
1407 2219 1651 2261 coniuratio-

294 2296 388 2322 nem
413 2281 584 2331 factam3
611 2296 713 2335 quos
727 2282 917 2323 Marcelli
940 2298 1055 2324 mora
1080 2283 1310 2333 destitutos,
1337 2283 1433 2336 quia
1458 2282 1510 2323 ad
1533 2295 1650 2336 prae—

294 2344 447 2384 dictum
478 2351 639 2399 tempus
671 2345 896 2385 exercitum
927 2345 978 2386 ad
1012 2344 1242 2400 Syracusas
1273 2360 1355 2386 non
1386 2344 1649 2393 admovisset,

295 2406 444 2446 indicio
469 2406 579 2447 facto
605 2407 736 2447 omnis
763 2406 814 2447 ab
841 2407 1022 2461 tyrannis
1054 2408 1304 2448 interfectos.
1366 2421 1455 2448 eam
1487 2419 1649 2459 quoque

294 2467 561 2521 Hippocratis
588 2475 627 2509 et
656 2468 856 2523 Epicydis
889 2469 1147 2523 tyrannidem
1171 2469 1418 2510 Marcellum
1448 2468 1650 2509 excitasse

294 2528 508 2570 Leontinis
524 2530 740 2571 crudeliter
753 2531 934 2585 direptis.
956 2546 1181 2585 numquam
1196 2531 1342 2572 deinde
1355 2530 1559 2585 principes
1571 2528 1650 2583 Sy-

295 2605 585 2632 racusanorum
601 2593 758 2633 desisse
773 2593 825 2633 ad
838 2593 1083 2634 Marcellum
1104 2593 1275 2634 transire
1294 2591 1579 2647 pollicerique,
1606 2604 1648 2630 se

296 2651 457 2702 urbem,
484 2668 578 2693 cum
596 2654 734 2703 vellet,
762 2655 799 2695 ei
820 2655 1057 2696 tradituros:
1091 2657 1163 2696 sed
1183 2670 1276 2696 eum
1294 2655 1426 2709 primo
1445 2653 1486 2693 vi
1505 2665 1648 2706 capere

297 2713 508 2764 maluisse3
536 2715 648 2764 dein,
675 2730 769 2756 cum
794 2717 835 2757 id
860 2731 993 2769 neque
1015 2723 1121 2757 terra
1139 2731 1272 2769 neque
1297 2716 1399 2756 mari
1418 2713 1554 2755 omnia
1579 2727 1649 2753 ex-
