1815 3184
304 239 384 281 198
628 245 781 278 LIBER
804 243 974 288 XXIIII,
999 245 1053 278 34.
1082 247 1179 289 [a.u.
1194 245 1319 290 c.540]

257 364 275 393 2
300 347 572 390 Archimedes
608 347 644 388 is
682 354 784 396 erat,
822 348 966 389 unicus
1000 353 1203 402 spectator
1239 347 1340 388 caeli
1377 348 1647 402 siderumque,

300 409 521 451 mirabilior
550 415 688 449 tamen
718 409 905 450 inventor
941 423 988 450 ac
1019 409 1273 450 machinator
1302 408 1540 449 bellicorum
1570 418 1648 451 tor-

299 478 528 511 mentorum
566 484 835 524 operumque,
873 470 1041 523 quibus,
1082 469 1143 524 [si
1173 468 1295 524 quid]
1327 469 1466 511 hostes
1496 471 1651 525 ingenti

255 547 272 574 3
299 531 403 572 mole
429 538 613 585 agerent,
640 531 728 584 ipse
752 531 906 585 perlevi
931 538 1138 572 momento
1162 531 1450 572 ludificaretur.
1509 547 1649 573 murus

297 607 370 647 per
405 592 630 644 inaequalis
667 592 812 632 ductus
851 592 998 640 eolles,
1047 592 1240 646 pleraque
1278 592 1359 633 alta
1395 598 1433 633 et
1470 592 1652 634 difficilia

299 653 428 701 aditu,
467 653 673 694 submissa
708 654 911 706 quaedam
949 660 989 694 et
1024 668 1128 707 quae
1164 654 1297 708 planis
1328 653 1504 694 vallibus
1540 654 1651 695 adire

297 722 466 769 possent
491 740 543 743 —
569 722 613 755 ut
644 715 790 768 cuique
821 722 962 769 aptum
992 716 1126 756 visum
1163 723 1225 756 est
1254 716 1363 764 loco,
1411 716 1468 756 ita
1503 730 1652 771 genere

254 792 273 820 4
299 776 410 817 omni
447 784 739 817 tormentorum
775 777 979 818 instruxit.
1051 777 1313 818 Achradinae
1349 793 1530 827 murum,
1568 778 1650 831 qui,

298 844 340 877 ut
377 844 470 878 ante
507 838 661 878 dietum
698 845 777 888 est,
821 839 923 879 mari
960 839 1155 889 adluitur,
1205 839 1419 894 sexaginta
1454 840 1653 893 quinque-

254 916 271 944 5
297 899 476 940 remibus
508 899 731 940 Marcellus
768 900 1046 955 oppugnabat.
1108 915 1159 941 ex
1195 901 1340 941 ceteris
1376 901 1551 942 navibus
1588 916 1653 942 sa-

297 961 435 1015 gittari
470 961 779 1015 funditoresque
816 970 855 1002 et
885 962 1028 1003 velites
1061 963 1201 1011 etiam,
1240 977 1413 1015 quorum
1444 962 1571 1003 telum
1601 962 1654 1002 ad

296 1023 586 1064 remittendum
621 1023 801 1065 inhabile
836 1024 1035 1079 imperitis
1067 1031 1148 1074 est,
1185 1024 1255 1065 vix
1286 1038 1534 1077 quemquam
1566 1024 1653 1065 sine

254 1099 271 1128 6
298 1084 462 1124 volnere
499 1085 721 1126 consistere
751 1085 792 1126 in
822 1100 939 1126 muro
969 1085 1240 1140 patiebantur.
1302 1085 1363 1134 hi,
1400 1086 1496 1138 quia
1521 1085 1652 1139 spatio

297 1145 522 1186 missilibus
547 1161 650 1200 opus
677 1154 752 1195 est,
778 1147 919 1200 procul
943 1162 1060 1187 muro
1086 1146 1278 1187 tenebant
1302 1161 1442 1187 naves.
1491 1146 1652 1187 iunctae

298 1205 400 1247 aliae
431 1205 551 1247 binae
582 1208 896 1260 quinqueremes
927 1208 1102 1262 demptis
1139 1207 1398 1249 interioribus
1428 1208 1570 1257 remis,
1608 1214 1652 1248 ut

297 1267 403 1308 latus
434 1268 549 1308 lateri
580 1268 868 1322 adplicaretur,
913 1283 1005 1309 eum
1037 1269 1233 1309 exteriore
1270 1269 1410 1309 ordine
1445 1283 1651 1310 remorum

256 1346 270 1374 7
298 1329 407 1369 velut
439 1344 521 1370 una
552 1331 668 1371 navis
700 1338 936 1385 agerentur,
974 1337 1104 1371 turres
1136 1330 1419 1371 contabulatas
1444 1330 1653 1371 machina-

254 1407 273 1435 8
301 1398 519 1444 mentaque
544 1392 623 1432 alia
647 1392 877 1445 quatiendis
902 1392 1028 1432 muris
1054 1392 1282 1446 portabant.
1321 1392 1518 1432 adversus
1543 1392 1653 1432 hunc

297 1451 484 1493 navalem
510 1460 751 1507 apparatum
775 1453 1047 1493 Archimedes
1079 1453 1214 1493 variae
1246 1452 1540 1506 magnitudinis
1572 1459 1652 1493 tor—

298 1521 435 1554 menta
459 1514 500 1554 in
525 1515 651 1555 muris
678 1514 891 1568 disposuit.
940 1514 981 1553 in
1006 1528 1075 1554 eas
1101 1528 1206 1567 quae
1230 1513 1373 1568 procul
1397 1520 1512 1554 erant
1536 1514 1652 1555 navis

300 1591 398 1616 saxa
428 1576 584 1630 ingenti
614 1576 793 1630 pondere
825 1574 1052 1624 emittebat,
1089 1575 1300 1630 propiores
1331 1574 1554 1616 levioribus
1586 1590 1653 1616 eo-

255 1654 272 1682 9
300 1652 377 1690 que
405 1638 536 1692 magis
562 1637 714 1679 crebris
740 1637 905 1692 petebat
931 1637 1041 1687 telis3
1071 1644 1298 1692 postremo,
1330 1645 1374 1678 ut
1401 1638 1464 1678 sui
1487 1637 1652 1679 volnere

297 1699 437 1738 intacti
462 1699 540 1738 tela
566 1699 607 1739 in
632 1699 792 1740 hostem
817 1699 1067 1754 ingererent,
1093 1714 1255 1740 murum
1281 1699 1332 1740 ab
1357 1699 1439 1740 imo
1465 1699 1516 1740 ad
1543 1714 1654 1740 sum-

296 1774 407 1799 mum
434 1759 586 1801 crebris
613 1760 858 1801 cubitalibus
886 1761 970 1802 fere
995 1761 1106 1802 cavis
1132 1761 1300 1816 aperuit,
1327 1775 1400 1815 per
1423 1775 1528 1814 quae
1553 1775 1654 1802 cava

296 1836 390 1874 pars
416 1821 594 1876 sagittis,
631 1836 726 1877 pars
761 1822 1043 1877 scorpionibus
1075 1823 1245 1863 modieis
1280 1837 1331 1863 ex
1357 1822 1516 1863 occulto
1539 1829 1653 1876 pete-

232 1900 270 1929 10
296 1882 394 1923 bant
418 1883 591 1923 hostem.
634 1884 739 1936 qu‘ae
765 1884 933 1938 propius
959 1884 1162 1937 quaedam
1188 1883 1381 1925 subibant
1405 1898 1545 1933 naves,
1571 1898 1652 1936 quo

295 1944 505 1985 interiores
536 1944 690 1986 ictibus
728 1952 1023 1987 tormentorum
1061 1955 1216 1995 essent,
1261 1945 1304 1985 in
1340 1960 1410 1986 eas
1447 1945 1651 1986 tollenone

296 2020 418 2059 super
443 2021 605 2048 murum
632 2007 836 2048 eminente
867 2007 999 2049 ferrea
1028 2023 1194 2056 manus,
1231 2006 1372 2047 firmae
1398 2015 1566 2048 catenae
1590 2006 1652 2046 in·-

294 2066 444 2121 ligata,
494 2083 587 2109 cum
634 2069 782 2109 iniecta
823 2083 968 2123 prorae
1010 2075 1118 2110 esset
1164 2068 1362 2123 gravique
1408 2068 1652 2109 libramento

294 2128 509 2182 plumbum
538 2130 747 2171 recelleret
777 2131 829 2171 ad
861 2131 1013 2180 solum,
1052 2145 1254 2185 suspensa
1282 2145 1404 2185 prora
1433 2144 1582 2170 navem
1611 2130 1653 2170 in

232 2209 266 2236 11
294 2191 466 2244 puppim
492 2192 715 2241 statuebat,
753 2193 847 2233 dein
871 2193 1044 2233 remissa
1071 2192 1205 2233 subito
1231 2192 1342 2232 velut
1368 2206 1419 2231 ex
1443 2206 1560 2232 muro
1586 2206 1653 2232 ca-

295 2251 457 2292 dentem
499 2268 647 2294 navem
690 2268 783 2295 cum
824 2254 981 2308 ingenti
1027 2253 1296 2309 trepidatione
1338 2259 1555 2294 nautarum
1597 2253 1653 2293 ita

295 2314 427 2354 undae
453 2314 693 2369 adfligebat,
730 2323 775 2356 ut
801 2316 961 2357 etiamsi
985 2322 1096 2357 recta
1119 2316 1360 2365 receiderat,
1399 2315 1652 2368 aliquantum

296 2390 425 2428 aquae
451 2376 666 2430 acciperet.

233 2451 269 2479 12
379 2436 444 2477 Ita
472 2438 676 2479 maritima
707 2439 958 2493 oppugnatio
989 2446 1050 2480 est
1082 2439 1197 2481 elusa
1227 2439 1442 2492 omnisque
1479 2452 1572 2492 spes
1605 2452 1652 2478 co

233 2513 270 2541 13
296 2512 432 2547 versa,
470 2506 515 2539 ut
540 2500 634 2541 totis
661 2500 816 2541 viribus
843 2507 949 2542 terra
973 2502 1306 2556 adgrederentur.
1381 2500 1454 2541 sed
1479 2514 1526 2540 ea
1552 2514 1652 2552 quo-

295 2573 373 2611 que
410 2575 504 2613 pars
543 2562 687 2602 eodem
729 2562 840 2602 omni
881 2570 1080 2617 apparatu
1122 2569 1417 2604 tormentorum
1452 2562 1651 2602 instructa

297 2628 399 2669 erat,
442 2621 638 2664 Hieronis
670 2624 853 2677 inpensis
887 2638 1065 2677 curaque
1095 2639 1168 2679 per
1197 2624 1348 2664 multos
1380 2638 1528 2671 annos,
1570 2621 1651 2661 Ar-

233 2689 271 2718 14
298 2681 495 2723 ehimedis
527 2684 647 2724 unica
679 2692 776 2725 arte.
836 2692 982 2726 natura
1012 2686 1133 2726 etiam
1165 2685 1385 2726 adiuvabat
1408 2684 1504 2732 loci,
1541 2681 1650 2735 quod
