1815 3184
483 236 635 270 LlssER
660 237 789 280 XXII,
815 236 868 270 50.
888 235 942 270 51.
971 238 1017 279 [a.
1034 234 1070 269 e.
1087 236 1168 280 216]
1423 227 1500 267 101

151 347 289 381 essent
320 347 359 380 et
391 340 562 381 aliorum
592 354 714 392 quam
748 354 821 380 sua
853 353 1022 393 corpora
1053 345 1166 379 tanto
1195 338 1377 392 periculo
1403 338 1503 378 mal-

150 402 234 442 lent
260 401 433 442 obicere.
472 402 560 442 aliis
586 417 668 441 non
693 409 776 441 tam
803 401 1003 441 sententia
1028 400 1241 454 displicere
1267 414 1391 453 quam
1417 400 1502 440 ani·
1531 414 1548 443 6

151 478 244 504 mus
271 463 428 504 deesse.

234 525 282 565 P.
307 524 576 578 Sempronius
598 524 828 565 Tuditanus
855 524 1042 565 tribunus
1069 523 1242 563 militum
1271 523 1380 577 ‘capi
1405 538 1503 577 ergo

151 586 359 627 mavultis'
401 587 531 640 inquit
575 586 644 627 ‘ab
688 587 928 627 avarissimo
971 592 1009 626 et
1053 585 1335 626 crudelissimo
1372 585 1502 633 hoste,

150 647 436 700 aestimarique
463 648 596 702 capita
620 655 756 688 vestra
782 655 820 688 et
847 647 1004 700 exquiri
1030 647 1157 701 pretia
1183 646 1233 687 ab
1253 646 1529 701 interrogan-'

150 708 276 758 tibus,
314 709 528 750 Romanus
567 710 666 750 civis
704 710 760 750 sis
792 725 844 750 an
874 709 1052 749 Latinus
1086 708 1240 756 socius,
1279 715 1323 748 ut
1355 722 1406 748 ex
1437 716 1507 748 tua

151 771 397 811 contumelia
422 778 460 811 et
485 771 649 812 miseria
674 771 789 812 alteri
818 771 948 811 honos
980 770 1222 823 quaeratur?
1257 784 1338 810 non
1369 779 1431 818 tu,
1471 769 1505 810 si

151 832 315 884 quidem
341 833 394 872 L.
420 832 575 872 Aemili
606 833 804 880 consulis,
843 833 912 884 qui
945 846 987 872 se
1018 831 1122 872 bene
1148 831 1249 872 mori
1275 845 1397 884 quam
1423 838 1507 871 tur-

150 894 254 947 piter
273 894 410 934 vivere
431 894 590 943 maluit,
618 902 657 934 et
677 901 735 933 tot
754 893 1071 934 fortissimorum
1092 893 1284 941 virorum,
1311 893 1381 945 qui
1401 893 1507 932 circa

148 970 243 995 eum
269 955 463 996 cumulati
489 956 640 1003 iacent,
668 955 778 995 cives
805 955 915 995 estis.
971 954 1043 994 sed
1069 961 1287 1006 antequam
1315 955 1505 1007 opprimit

149 1016 220 1055 lux
245 1017 482 1069 maioraque
507 1016 687 1057 hostium
719 1016 885 1070 agmina
916 1015 1161 1068 obsaepiunt
1190 1015 1276 1063 iter,
1314 1030 1387 1068 per
1417 1015 1506 1063 hos,

148 1077 217 1129 qui
242 1078 460 1117 inordinati
485 1085 606 1130 atquc
637 1077 882 1130 inconpositi
917 1076 1157 1129 obstrepunt
1188 1076 1334 1129 portis,
1374 1090 1508 1116 erum-

149 1153 306 1191 pamus.
356 1139 463 1179 ferro
489 1147 610 1191 atque
636 1139 808 1179 audacia
832 1139 900 1178 via
923 1138 968 1177 fit
993 1137 1181 1190 quamvis
1207 1152 1280 1191 per
1299 1138 1504 1178 confertos

147 1200 289 1240 hostis.
351 1215 481 1241 cuneo
513 1201 678 1253 quidem
710 1200 788 1241 hoe
818 1200 959 1240 laxum
990 1207 1112 1252 atque
1138 1199 1317 1239 solutum
1344 1214 1506 1253 agmen,

147 1268 191 1301 ut
228 1262 261 1302 si
298 1262 395 1302 nihil
435 1262 586 1311 obstet,
629 1262 807 1302 disicias.
867 1262 1004 1314 itaque
1046 1262 1101 1301 ite
1137 1275 1317 1310 mecum,
1362 1261 1431 1313 qui
1468 1269 1508 1301 et

150 1332 311 1364 vosmet
336 1324 448 1378 ipsos
475 1332 514 1364 et
539 1339 624 1364 rem
649 1323 856 1378 publicam
884 1323 1040 1363 salvam
1068 1322 1215 1363 vultis?

233 1385 351 1426 Haec
377 1385 448 1426 ubi
472 1386 580 1426 dieta
605 1385 733 1434 dedit,
767 1385 927 1439 stringit
952 1384 1136 1439 gladium
1162 1398 1373 1437 cuneoque
1399 1384 1507 1425 sacto

148 1461 221 1500 per
246 1448 403 1488 medios
430 1448 543 1488 vadit
568 1447 711 1488 hostis.
773 1454 811 1487 et
837 1462 930 1487 eum
956 1447 998 1486 in
1022 1446 1128 1487 latus
1156 1447 1363 1495 dextrum,
1396 1447 1507 1499 quod

148 1508 332 1562 patebat,
359 1509 564 1550 Numidae
588 1510 873 1558 iacularentur,
902 1509 1107 1549 translatis
1134 1509 1175 1549 in
1200 1509 1389 1549 dextrum
1416 1523 1508 1549 scu-

149 1571 199 1611 tis
236 1571 279 1610 in
315 1571 469 1612 maiora
505 1578 640 1612 castra
675 1572 727 1612 ad
763 1571 946 1612 sexcenti
982 1578 1220 1619 evaserunt,
1261 1578 1382 1623 atque
1413 1570 1508 1610 inde

148 1633 333 1686 protinus
360 1633 438 1674 alio
464 1649 615 1688 magno
635 1634 798 1688 agmine
819 1634 1010 1674 adiuncto
1032 1632 1262 1674 Canusium
1282 1633 1508 1673 incolumes

148 1695 404 1748 perveniunt.
464 1695 566 1736 haee
602 1697 712 1749 apud
748 1696 877 1735 victos
914 1695 1046 1749 magis
1078 1695 1234 1748 impetu
1265 1695 1507 1743 animorum,

150 1771 254 1809 quos
292 1757 503 1811 ingenium
541 1773 662 1798 suum
699 1758 845 1810 cuique
883 1764 953 1797 aut
990 1757 1073 1797 fors
1111 1756 1254 1805 (labat,
1298 1772 1421 1810 quam
1460 1772 1510 1797 ex

152 1818 322 1859 consilio
347 1819 531 1872 ipsorum
558 1827 628 1859 aut
652 1820 824 1873 imperio
850 1819 1093 1872 cuiusquam
1120 1818 1360 1873 agebantur.

236 1880 313 1921 LI.
374 1881 603 1922 Hannibali
627 1882 771 1922 victori
796 1897 890 1922 eum
916 1882 1039 1922 ceteri
1065 1881 1303 1921 circumfusi
1327 1881 1508 1935 gratula-

149 1950 287 1982 rentur
319 1943 637 1996 suaderentque,
675 1952 719 1984 ut
750 1951 860 1984 tanto
893 1943 1134 1997 perfunctus
1160 1943 1266 1984 bello
1293 1943 1373 1982 diei
1399 1943 1510 1995 quod

150 2004 318 2044 relicum
349 2012 459 2046 esset
489 2006 703 2058 noctisque
735 2005 987 2057 insequentis
1020 2005 1199 2057 quietem
1237 2012 1275 2044 et
1306 2005 1393 2058 ipse
1431 2004 1509 2044 sibi

152 2072 329 2105 sumeret
366 2074 405 2106 et
441 2067 562 2108 sessis
601 2067 715 2109 daret
744 2067 961 2115 militibus,
1000 2066 1237 2114 Maharbal,
1276 2065 1508 2119 praefectus

151 2126 352 2178 equitum,
390 2129 556 2168 minime
594 2129 841 2169 cessandum
876 2136 988 2168 ratus
1028 2128 1172 2168 ‘immo
1204 2135 1265 2176 ut,
1305 2127 1403 2180 quid
1434 2127 1511 2167 hae

151 2202 291 2242 pugna
317 2189 368 2228 sit
393 2197 548 2239 actum,
577 2191 701 2238 scias,
729 2190 794 2230 die
820 2189 978 2242 quinto'
1003 2189 1137 2241 inquit
1163 2190 1310 2229 ‘victor
1328 2189 1371 2229 in
1386 2188 1511 2243 Capi-

152 2250 248 2289 tolio
275 2250 517 2304 epulaberis.
568 2266 755 2305 sequere,
782 2277 815 2280 —
841 2266 933 2291 eum
959 2251 1113 2303 equite,
1140 2258 1183 2291 ut
1209 2251 1321 2304 prius
1348 2251 1510 2291 venisse

152 2326 276 2364 quam
302 2320 518 2352 venturum
538 2314 685 2362 sciant,
713 2313 981 2367 pracce‹hun.’
1019 2312 1245 2352 Hannibali
1264 2313 1385 2353 nimis
1405 2313 1511 2353 laeta

152 2388 216 2413 res
249 2380 310 2413 est
339 2374 429 2414 visa
459 2375 669 2428 maiorque
701 2390 823 2428 quam
855 2384 899 2415 ut
925 2390 1014 2415 cam
1042 2375 1178 2415 statim
1204 2389 1348 2428 capere
1375 2375 1510 2415 animo

153 2442 306 2488 posset.
366 2435 503 2489 itaque
534 2437 785 2477 voluntatem
812 2452 854 2477 se
880 2437 1047 2477 laudare
1072 2436 1326 2477 Maharbalis
1353 2438 1426 2485 ait,
1460 2438 1511 2477 ad

153 2497 368 2537 consilium
393 2499 650 2551 pensandum
677 2499 870 2553 temporis
897 2514 999 2553 opus
1027 2513 1130 2539 esse.
1169 2506 1254 2538 tum
1272 2498 1509 2539 Maharbal:

155 2564 255 2598 ‘non
280 2560 415 2599 omnia
441 2560 632 2600 nimirum
657 2561 789 2601 eidem
815 2561 871 2600 dii
890 2561 1056 2600 dedere:
1083 2560 1246 2600 vincere
1268 2561 1377 2609 scis,
1394 2560 1512 2600 Han-

154 2620 283 2669 nibal,
323 2621 491 2662 victoria
522 2622 582 2662 uti
611 2622 772 2663 nescis.'
832 2638 946 2663 mora
977 2623 1064 2663 eius
1098 2622 1178 2663 (lici
1209 2622 1308 2663 satis
1335 2623 1511 2663 creditur

155 2683 276 2723 saluti
301 2683 430 2724 fuisse
457 2684 545 2725 urbi
571 2692 694 2738 atque
718 2685 901 2740 imperio.

1536 1400 1571 1429 10

1537 1463 1572 1491 11

1536 2081 1554 2110 10
