1815 3184
458 233 612 268 LissER
636 233 786 278 xxm,
810 233 865 267 42.
884 233 939 267 43.
968 235 1016 276 [a.
1033 231 1167 276 e.215]
1419 221 1496 263 157

139 338 242 379 citus
269 337 320 379 ab
345 337 463 379 nobis
491 337 567 378 sub
592 337 737 392 iugum
762 337 931 386 missos,
964 342 1002 377 et
1029 336 1063 377 si
1088 350 1169 389 qua
1194 335 1273 376 alia
1298 341 1368 376 aut
1391 334 1498 375 laeta

139 406 208 440 aut
244 400 423 455 gloriosa
457 399 576 440 nobis
614 406 850 439 evenerunt.
922 413 1027 452 quae
1064 413 1209 452 aspera
1244 398 1498 450 adversaque
1523 409 1542 440 8

139 468 235 502 tunc
255 462 490 502 acciderunt
508 461 663 501 minore
677 461 957 515 indignatione
976 460 1127 500 referre
1141 475 1360 514 possumus
1374 473 1499 512 quam

138 538 243 577 quae
281 524 400 564 hodie
438 523 642 564 eveniunt.
715 523 854 577 magni
892 523 1111 563 dictatores
1155 536 1247 562 cum
1289 520 1497 576 magistris

138 585 340 638 equitum,
367 585 452 625 bini
478 584 667 625 eonsules
693 598 787 624 cum
815 584 920 625 binis
948 583 1231 625 consularibus
1252 582 1498 624 exercitibus

137 647 472 701 ingrediebantur
502 646 595 686 finis
627 652 808 695 nostros3
859 653 953 686 ante
985 645 1195 699 explorato
1234 652 1273 686 et
1304 644 1498 686 subsidiis

136 709 281 762 positis
308 716 347 749 ct
373 708 448 749 sub
476 708 604 762 signis
631 707 682 747 ad
707 707 988 761 populandum
1013 706 1236 747 ducebant:
1273 721 1382 747 nunc
1406 721 1499 761 pro-

136 770 335 824 praetoris
361 770 482 810 unius
503 776 541 810 et
560 769 675 823 parvi
695 769 747 809 ad
772 769 966 809 tuendam
979 768 1126 809 Nolam
1151 768 1329 823 praesidi
1347 768 1499 822 praeda

138 847 300 880 sumus3
337 832 419 872 iam
444 846 494 871 nc
521 830 804 884 manipulatim
830 830 1013 883 quidem,
1049 830 1122 870 scd
1146 830 1350 870 latronum
1376 830 1499 870 modo

136 899 376 947 percursant
413 893 507 933 totis
544 892 695 932 finibus
732 892 883 932 nostris
920 892 1204 946 neglegentius
1237 906 1360 944 quam
1393 892 1427 932 si
1457 891 1499 931 in

136 955 326 995 Romano
359 962 605 1009 vagarentur
635 967 748 1007 agro.
811 967 937 993 eausa
968 959 1105 993 autem
1136 953 1238 993 haec
1270 960 1349 1001 est,
1388 953 1498 1005 quod

135 1030 269 1069 neque
294 1023 337 1056 tu
362 1015 548 1056 defendis
575 1022 613 1055 et
632 1021 772 1055 nostra
790 1014 1002 1062 iuventus,
1030 1029 1153 1067 quae,
1181 1015 1215 1055 si
1240 1015 1351 1055 domi
1376 1021 1497 1063 essct,

136 1085 352 1127 tutaretur,
379 1078 511 1118 omnis
538 1077 614 1118 sub
641 1077 770 1131 signis
796 1077 943 1117 militat
968 1077 1062 1117 tuis.
1117 1091 1193 1117 nec
1218 1084 1257 1117 te
1283 1091 1358 1117 nec
1383 1091 1498 1117 exer-

135 1139 261 1180 citum
286 1146 402 1179 tuum
427 1139 578 1188 norim,
615 1139 713 1188 nisi,
752 1153 776 1179 a
805 1152 887 1191 quo
913 1145 973 1178 tot
1005 1139 1113 1179 acies
1139 1139 1350 1179 Romanas
1382 1138 1497 1179 fusas

135 1207 362 1254 stratasque
389 1216 480 1242 esse
507 1201 651 1250 sciam,
686 1201 722 1241 ei
747 1200 868 1241 facile
895 1215 986 1241 esse
1012 1201 1146 1241 dicam
1172 1200 1402 1255 opprimere
1427 1215 1500 1255 po-

134 1263 340 1317 pulatores
366 1270 526 1304 nostros
553 1277 682 1318 vagos
710 1263 796 1303 sinc
824 1262 953 1317 signis
980 1262 1158 1316 palatos,
1186 1277 1267 1315 quo
1293 1276 1498 1315 quemque

135 1325 256 1365 trahit
280 1325 468 1378 quamvis
495 1340 600 1365 vana
624 1325 801 1379 praedae
828 1339 935 1378 spes.
974 1324 1246 1365 Numidarum
1272 1339 1498 1378 paucorum

134 1387 192 1427 illi
228 1387 393 1439 quidem
423 1386 576 1440 praeda
612 1393 729 1426 erunt
766 1386 1098 1441 praesidiumque
1138 1386 1260 1427 simul
1302 1385 1420 1426 nobis
1459 1391 1498 1426 ct

134 1448 263 1489 Nolae
290 1448 510 1497 ademeris,
550 1448 584 1488 si
608 1448 751 1497 modo,
789 1462 892 1501 quos
918 1455 963 1489 ut
988 1449 1121 1489 socios
1148 1448 1321 1489 haberes
1348 1448 1496 1502 dignos

136 1510 306 1558 duxisti,
362 1509 460 1550 haut
500 1510 691 1564 indignos
728 1510 885 1551 iudicas
928 1525 1031 1564 quos
1069 1511 1110 1551 in
1151 1510 1275 1551 fidem
1311 1516 1497 1564 receptos

136 1572 287 1612 tuearis
297 1572 320 1612 '.

220 1632 496 1673 XXXXIH.
548 1632 616 1673 Ad
642 1648 690 1674 ea
714 1633 927 1675 Hannibal
951 1634 1180 1688 respondit,
1214 1633 1350 1675 omnia
1377 1632 1498 1673 simul

136 1696 271 1736 facere
301 1695 501 1749 Hirpinos
537 1694 847 1749 Samnitesque:
886 1704 926 1737 et
955 1696 1134 1736 indicare
1167 1696 1303 1736 clades
1337 1710 1432 1735 suas
1459 1701 1498 1734 et

136 1764 273 1811 petere
310 1757 561 1810 praesidium
599 1764 639 1797 et
675 1757 790 1810 queri
825 1757 1063 1798 indefensos
1106 1772 1149 1798 se
1191 1756 1495 1812 neglectosquc.

134 1819 399 1859 indicandum
425 1827 562 1859 autem
587 1819 764 1873 primum
790 1819 938 1869 fuisse,
976 1819 1070 1860 dein
1094 1820 1318 1873 petendum
1343 1818 1498 1873 praesi-

135 1882 266 1930 dium,
294 1889 519 1935 postremo,
546 1881 587 1920 ni
609 1881 898 1935 impetraretur,
926 1890 1014 1922 tum
1033 1882 1208 1935 denique
1229 1881 1496 1935 querendum,

136 1943 288 1983 frustra
318 1957 437 1997 opem
469 1943 726 1996 inploratam.
790 1944 1014 1984 exercitum
1046 1958 1250 1985 sesenon
1278 1943 1320 1983 in
1351 1958 1496 1997 agrum

136 2005 360 2058 Hirpinum
383 2003 683 2054 Samuitemvc,
710 2020 761 2045 ne
787 2012 826 2045 ct
850 2006 938 2059 ipse
964 2006 1076 2046 oneri
1101 2012 1227 2055 esset,
1255 2011 1316 2046 set
1340 2005 1381 2045 in
1406 2020 1498 2059 pro-

136 2066 248 2106 xima
277 2066 367 2107 loca
398 2067 602 2107 sociorum
627 2068 768 2121 populi
817 2068 978 2108 {omani
1009 2068 1294 2108 adducturum.
1350 2067 1398 2107 iis
1425 2081 1498 2120 po-

137 2128 327 2181 pulandis
365 2134 404 2168 ct
434 2129 604 2168 militem
643 2144 763 2169 suum
794 2129 1044 2183 repleturum
1071 2144 1114 2170 se
1145 2136 1184 2169 et
1215 2135 1325 2169 metu
1355 2128 1497 2182 procul

138 2189 189 2229 ab
215 2189 263 2228 iis
291 2189 576 2229 submoturum
603 2191 745 2231 hostis.
796 2191 906 2244 quod
931 2192 982 2231 ad
1000 2191 1153 2232 bellum
1173 2191 1407 2231 Romanum
1427 2190 1498 2230 ad-

139 2251 301 2299 tineret,
329 2251 363 2291 si
389 2251 649 2292 Trasimenni
675 2267 797 2305 quam
825 2253 1017 2301 Trebiae,
1051 2253 1085 2294 si
1112 2252 1348 2294 Cannarum
1374 2267 1497 2305 quam

139 2313 399 2353 Trasimenni
435 2329 573 2368 pugna
609 2314 783 2355 nobilior
814 2322 941 2364 esset,
987 2315 1225 2356 Cannarum
1256 2330 1299 2356 se
1332 2329 1495 2368 quoque

139 2375 378 2415 memoriam
404 2375 622 2416 obscuram
647 2377 798 2417 maiore
826 2384 865 2417 et
890 2377 1058 2418 clariore
1085 2377 1252 2417 victoria
1277 2377 1494 2417 facturum.

225 2436 333 2477 (jum
364 2437 441 2477 hoc
472 2452 671 2492 responso
702 2439 1021 2492 muneribusque
1059 2439 1205 2493 amplis
1248 2439 1405 2493 legatos
1437 2438 1497 2478 di—

139 2498 267 2547 misit,
305 2498 394 2552 ipse
430 2500 635 2552 praesidio
667 2501 827 2541 modico
859 2501 998 2541 relicto
1029 2501 1071 2541 in
1103 2501 1252 2541 Tifatis
1288 2500 1495 2555 profectus

139 2567 271 2601 cetero
297 2561 478 2601 exercitu
502 2562 560 2602 ire
584 2562 733 2602 Nolam
758 2563 902 2618 pergit.
941 2563 1085 2604 codem
1099 2563 1252 2604 Hanno
1267 2578 1317 2603 ex
1337 2563 1494 2603 Bruttis

136 2637 228 2663 cum
273 2623 557 2677 supplemento
596 2623 848 2679 Carthagine
890 2625 1061 2666 advecto
1103 2633 1224 2678 atque
1267 2625 1494 2679 elephantis

136 2685 258 2726 venit.
319 2685 463 2727 castris
488 2685 588 2727 haut
613 2687 755 2741 procul
780 2687 924 2742 positis
950 2687 1072 2743 longe
1098 2688 1177 2729 alia
1202 2688 1338 2729 omnia
1362 2687 1495 2741 inqui-

1524 532 1542 562 9

1526 718 1566 748 10

1524 1831 1541 1860 10
