1815 3184
266 245 320 285 94
575 251 725 285 LIBER
750 251 878 294 xxn,
903 250 957 284 41.
978 251 1034 284 4-2.
1063 254 1110 294 [a.
1127 263 1160 285 u.
1177 263 1205 285 ρ.
1221 252 1302 295 538]

263 356 418 396 ferente
444 369 583 395 secum
609 353 735 393 milite
761 359 894 393 castra
918 352 1039 406 plena
1064 354 1196 394 omnis
1222 353 1408 394 fortunae
1427 355 1613 408 publicae

222 431 237 459 7
263 418 531 471 privataeque
556 415 747 468 relinquit
777 421 969 467 transque
994 415 1203 468 proximos
1230 415 1378 455 montis
1405 415 1521 456 laeva
1545 432 1615 471 pe—

264 479 367 518 dites
398 478 619 517 instructos
651 476 806 524 condit,
846 476 989 516 dextra
1020 477 1196 529 equites,
1229 477 1520 530 impedimenta
1544 492 1616 531 per

219 552 238 581 8
264 539 490 581 convallem
527 538 706 578 medium
744 552 892 592 agmen
930 538 1122 586 traducit,
1160 544 1204 577 ut
1236 538 1473 592 diripiendis
1505 539 1615 579 velut

263 601 433 642 desertis
460 600 560 654 fuga
585 599 842 639 dominorum
869 599 1011 640 castris
1038 606 1283 653 occupatum
1308 600 1616 653 inpeditumque

220 675 236 704 9
263 663 423 703 hostem
448 661 706 715 opprimeret.
757 660 887 701 crebri
912 661 1040 701 relicti
1065 661 1105 700 in
1125 661 1268 701 castris
1288 661 1424 715 ignes,
1451 669 1495 701 ut
1514 662 1615 702 fides

263 725 393 772 fieret,
428 724 526 763 dum
549 722 638 777 ipse
668 722 831 777 longius
863 722 1041 776 spatium
1072 722 1172 776 fuga
1203 724 1474 776 praeciperet,
1511 723 1618 764 falsa

262 786 439 840 imagine
471 791 715 832 castrorum,
755 784 859 824 sicut
888 784 1065 825 Fabium
1095 784 1228 838 priore
1260 799 1366 825 anno
1398 785 1615 826 frustratus

264 855 390 895 esset,
419 854 554 887 tenere
580 846 623 886 in
647 846 746 886 locis
773 846 962 887 consules
988 846 1180 886 voluisse.

220 924 234 951 1
347 908 600 950 XXXXH.
662 908 748 948 Ubi
779 907 943 956 inluxit,
982 908 1207 948 subductae
1238 908 1369 962 primo
1407 908 1614 957 stationes,

263 971 409 1011 deinde
440 970 608 1024 propius
641 969 886 1010 adeuntibus
917 969 1125 1009 insolitum
1153 969 1359 1010 silentium
1384 970 1617 1010 admiratio-

218 1046 236 1074 2
263 1048 355 1072 nem
388 1032 497 1072 fecit.
557 1032 639 1072 iam
671 1031 768 1072 satis
800 1038 993 1085 conperta
1025 1032 1242 1071 solitudine
1272 1032 1314 1071 in
1345 1032 1488 1072 castris
1521 1047 1617 1072 con-

264 1109 407 1134 cursus
450 1094 494 1133 fit
538 1093 589 1133 ad
630 1092 832 1147 praetoria
874 1093 1088 1133 consulum
1131 1093 1423 1141 nuntiantium,
1472 1093 1615 1148 fugam

261 1155 441 1195 hostium
474 1155 574 1195 adeo
607 1154 822 1207 trepidam,
861 1161 905 1194 ut
936 1154 1206 1194 tabernaculis
1245 1154 1446 1195 stantibus
1484 1162 1617 1195 castra

262 1217 513 1270 reliquerint,
553 1231 714 1269 quoque
751 1216 852 1270 fuga
888 1215 1098 1256 obscurior
1134 1223 1260 1264 essct,
1299 1216 1461 1257 crebros
1494 1217 1616 1256 etiam

219 1292 237 1321 3
264 1280 424 1320 relictos
455 1279 576 1333 ignis.
636 1279 788 1319 clamor
812 1278 906 1318 inde
932 1285 1062 1326 ortus,
1093 1285 1139 1318 ut
1164 1279 1281 1333 signa
1307 1279 1477 1332 proferri
1502 1279 1616 1319 iube-

262 1348 349 1381 rent
371 1341 646 1393 ducerentque
667 1340 718 1380 ad
737 1340 1041 1393 persequendos
1062 1339 1190 1380 hostis
1211 1354 1258 1380 ae
1278 1340 1462 1393 protinus
1484 1347 1617 1381 castra

219 1415 237 1442 4
263 1402 501 1456 diripienda.
543 1409 581 1441 et
601 1401 742 1442 consul
764 1401 864 1441 alter
884 1401 992 1440 velut
1012 1416 1116 1440 unus
1139 1400 1280 1441 turbae
1307 1401 1490 1441 militaris
1518 1409 1614 1450 erat,

264 1463 418 1504 Paulus
445 1464 566 1504 etiam
592 1470 713 1516 atque
733 1463 854 1503 etiam
876 1463 1027 1510 dicere,
1054 1462 1350 1515 providendum
1371 1477 1618 1516 praecaven-

263 1526 442 1577 dumque
468 1539 557 1565 esse
567 1541 576 1574 3
608 1532 834 1578 postremo,
863 1538 954 1563 cum
982 1523 1097 1563 alitcr
1121 1538 1253 1576 neque
1281 1524 1521 1564 seditionem
1547 1539 1618 1564 ne-

262 1601 341 1639 que
374 1587 520 1626 ducem
547 1586 755 1627 seditionis
783 1586 982 1626 sustinere
1009 1592 1166 1639 posset,
1200 1585 1380 1625 Marium
1409 1584 1616 1627 Statilium

219 1663 237 1692 5
262 1648 514 1702 praefectum
552 1663 644 1688 cum
681 1659 813 1687 turma
849 1648 1024 1687 Lucana
1061 1647 1316 1700 exploratum
1353 1647 1487 1688 mittit.
1548 1648 1617 1701 qui

264 1710 333 1750 ubi
358 1709 607 1762 adequitavit
632 1709 776 1762 portis,
810 1708 1031 1749 subsistere
1058 1716 1171 1749 extra
1196 1709 1449 1750 munimenta
1473 1710 1616 1750 ceteris

262 1772 384 1812 iussis
416 1772 503 1825 ipse
535 1786 627 1810 cum
659 1770 821 1810 duobus
848 1770 1052 1823 equitibus
1080 1771 1232 1810 vallum
1257 1771 1441 1820 intravit,
1474 1785 1619 1825 specu-

261 1833 450 1886 latusque
477 1833 611 1872 omnia
637 1846 728 1872 cum
751 1846 845 1872 cura
865 1832 1087 1881 renuntiat,
1114 1832 1282 1872 insidias
1304 1832 1487 1886 profecto
1508 1847 1616 1873 esse:

220 1909 238 1938 6
265 1895 380 1949 ignes
406 1895 446 1934 in
466 1903 580 1948 parte
601 1903 846 1943 castrorum,
874 1909 978 1947 quae
1000 1901 1141 1949 vergat
1163 1895 1216 1934 ad
1235 1894 1415 1943 hostem,
1441 1894 1616 1943 relictos,

263 1957 525 1997 tabernacula
551 1964 690 2011 aperta
716 1964 754 1997 et
780 1958 917 1997 omnia
942 1972 1035 1997 cara
1067 1957 1109 1996 in
1138 1963 1330 2010 promptu
1360 1956 1517 2005 relicta,
1556 1972 1618 1997 ar-

265 2027 435 2074 gentum
466 2019 714 2072 quibusdam
744 2019 845 2060 locis
878 2026 1029 2059 temere
1059 2033 1132 2073 per
1162 2019 1250 2059 vias
1277 2018 1387 2058 velut
1414 2018 1617 2059 obiectum

220 2096 235 2123 7
263 2081 314 2121 ad
351 2081 545 2134 praedam
582 2081 748 2121 vidisse.
809 2095 913 2133 quae
951 2081 1003 2120 ad
1038 2081 1300 2120 deterrendos
1338 2096 1362 2120 a
1398 2080 1618 2134 cupiditate

263 2143 420 2184 animos
451 2143 637 2183 nuntiata
667 2150 800 2191 erant,
841 2158 887 2183 ea
918 2143 1191 2183 accenderunt
1217 2150 1256 2182 et
1282 2142 1458 2182 clamore
1484 2150 1570 2183 orto
1596 2158 1620 2182 a

262 2205 478 2253 militibus,
506 2205 546 2245 ni
573 2205 737 2260 signum
763 2205 892 2253 detur,
921 2205 1007 2245 sine
1035 2204 1208 2245 ducibus
1234 2205 1381 2253 ituros,
1407 2203 1619 2257 haudqua-

264 2283 387 2320 quam
412 2268 497 2307 dux
521 2268 669 2308 defuit:
696 2283 791 2307 nam
817 2267 1021 2321 extemplo
1042 2266 1173 2307 Varro
1200 2267 1364 2321 signum
1389 2266 1501 2306 dedit
1526 2280 1620 2320 pro-

219 2340 238 2369 8
264 2330 486 2370 ficiscendi.
546 2329 724 2378 Paulus,
769 2344 861 2370 cum
906 2329 942 2369 ci
984 2344 1059 2370 sua
1097 2337 1240 2383 sponte
1277 2328 1483 2369 cunctanti
1518 2327 1618 2382 pulli

263 2405 426 2444 quoque
463 2392 647 2445 auspicio
683 2407 766 2432 non
802 2391 1073 2439 addixissent,
1112 2390 1288 2430 nuntiari
1318 2390 1400 2430 iam
1436 2389 1619 2430 efferenti

220 2464 237 2493 9
264 2460 379 2506 porta
405 2454 523 2508 signa
548 2454 743 2508 conlegae
769 2453 899 2494 iussit.
938 2453 1048 2506 quod
1069 2467 1320 2506 quamquam
1339 2451 1472 2493 Varro
1497 2466 1618 2505 aegre

265 2521 326 2554 est
354 2529 522 2568 passus,
560 2515 737 2555 Flamini
769 2523 903 2555 tamen
935 2529 1076 2555 recens
1109 2529 1228 2555 casus
1262 2513 1492 2567 Claudique
1525 2527 1619 2553 con-

266 2575 364 2616 sulis
390 2576 520 2629 primo
546 2577 704 2618 Punico
729 2577 836 2617 bello
861 2583 1086 2617 memorata
1110 2576 1267 2618 navalis
1295 2575 1432 2616 clades
1457 2574 1618 2628 religio-

202 2648 240 2678 10
265 2650 357 2675 nem
383 2637 518 2678 animo
544 2638 727 2679 incussit.
782 2638 823 2678 di
848 2652 974 2691 prope
1000 2638 1078 2691 ipsi
1104 2653 1151 2678 eo
1178 2637 1401 2691 die-magis
1427 2635 1617 2676 distulere

266 2711 389 2750 quam
414 2699 657 2751 prohibuere
682 2700 947 2740 inminentem
972 2707 1130 2752 pestem
1150 2698 1362 2740 Romanis.
1401 2713 1495 2738 nam
1514 2696 1617 2737 forte
