1815 3184
462 230 613 264 LIBER
638 229 786 273 XXVI,
814 228 941 262 17.18.
970 230 1018 271 [a.
1035 227 1072 262 C.
1086 228 1167 271 211]
1405 215 1489 256 285

138 350 213 377 nee
243 342 406 389 postero
437 334 501 374 die
534 349 597 374 res
628 333 751 373 finem
781 331 947 372 invenit.
1008 332 1064 372 ita
1094 331 1248 384 aliquot
1285 331 1372 371 dies
1409 329 1490 369 dis-

139 397 337 452 ceptando
367 396 503 450 palam
535 395 585 435 de
615 394 776 449 legibus
808 400 1031 446 noctesque
1069 393 1300 434 emittendis
1333 392 1438 432 elam
1469 405 1490 430 e

138 459 280 501 castris
315 456 726 511 Carthaginiensibus
763 455 1017 509 absumptae.
1079 462 1117 495 et
1147 461 1366 509 postquam
1396 468 1491 508 pars

137 521 266 561 maior
302 520 453 560 emissa
489 519 690 560 exereitus
728 525 831 566 erat,
875 518 956 558 iam
992 532 1042 557 ne
1079 517 1129 558 iis
1165 517 1349 574 quidem,
1388 530 1492 569 quae

137 583 242 623 ultro
263 583 370 622 dicta.
390 588 520 630 erant,
548 580 748 629 stabatur,
775 580 993 633 minusque
1013 594 1060 620 ac
1078 580 1213 620 minus
1234 594 1326 620 cum
1347 578 1491 619 timore

140 644 261 684 simul
286 644 366 684 fide
391 644 651 684 decrescente
678 641 960 682 conveniebat.
1021 642 1102 681 iam
1128 641 1256 681 ferme
1281 641 1491 694 pedestres

138 722 279 747 omnes
317 706 458 760 copiae
494 710 708 746 evaserant
745 719 765 744 e
797 703 921 752 saltu,
959 718 1051 743 cum
1083 703 1215 756 prima
1244 702 1335 743 luce
1366 703 1494 742 densa

138 769 288 809 nebula
314 768 462 808 saltum
488 782 650 808 omnem
676 780 925 819 camposque
951 765 1058 805 circa
1082 765 1238 805 intexit,
1288 765 1397 817 quod
1421 764 1492 805 ubi

140 830 266 871 sensit
304 828 561 877 Hasdrubal,
610 828 733 867 mittit
769 828 821 867 ad
857 827 1062 867 Neronem
1100 827 1169 880 qui
1204 827 1246 866 in
1282 833 1492 880 posterum

139 893 246 933 diem
284 891 544 944 conloquium
580 890 777 929 differret:
820 889 934 929 illum
971 889 1080 928 diem
1115 888 1354 943 religiosum
1392 888 1494 929 Car-

139 953 464 1009 thaginiensibus
491 952 541 992 ad
567 951 772 1006 agendum
798 951 1017 1003 quicquam
1043 950 1101 990 rei
1127 951 1256 990 seriae
1283 965 1385 990 csse.
1442 966 1492 991 ne

139 1024 225 1057 tum
255 1015 421 1069 quidem
453 1021 644 1067 suspecta
674 1012 799 1052 fraus.
860 1026 954 1052 cum
991 1018 1100 1052 esset
1131 1012 1225 1051 data
1256 1012 1375 1051 venia
1407 1012 1493 1053 eius

138 1078 218 1117 diei
255 1076 541 1129 extemploque
578 1073 818 1115 Hasdrubal
850 1088 943 1113 cum
971 1074 1153 1126 equitatu
1185 1073 1494 1126 elephantisque

138 1138 280 1179 castris
307 1151 518 1192 egressus,
547 1136 633 1176 sine
659 1135 741 1175 ullo
767 1135 943 1174 tumultu
969 1135 1010 1174 in
1035 1141 1168 1174 tutum
1195 1135 1336 1174 evasit.
1396 1135 1495 1175 hora

137 1201 264 1241 ferme
289 1206 434 1253 quarta
458 1198 643 1252 dispulsa
668 1198 752 1238 sole
777 1197 928 1237 nebula
947 1198 1105 1250 aperuit
1130 1197 1256 1245 diem,
1284 1211 1494 1249 vacuaque

137 1263 316 1303 hostium
343 1268 476 1302 castra
501 1270 804 1314 conspexerunt
828 1259 1019 1299 Romani.
1069 1265 1156 1299 tum
1182 1259 1347 1299 demum
1370 1258 1495 1299 Clau-

137 1325 229 1366 dius
259 1324 461 1366 Punicam
496 1323 685 1363 fraudem
721 1322 997 1376 a<lgn0scenS‚
1038 1328 1081 1361 ut
1118 1336 1161 1362 se
1197 1321 1291 1362 dolo
1328 1328 1493 1375 captum

139 1387 290 1435 sensit,
338 1385 665 1440 proficiscentem
701 1384 846 1425 institit
883 1383 1022 1436 sequi,
1072 1390 1238 1437 paratus
1276 1383 1495 1437 confligere

139 1450 242 1492 acie:
283 1449 355 1489 sed
380 1447 508 1488 hostis
535 1446 785 1487 detrectabat
810 1461 1011 1500 pugnam3
1048 1445 1154 1486 levia
1180 1453 1316 1486 tamen
1341 1446 1494 1499 proelia

138 1512 243 1551 inter
273 1517 500 1551 extremum
531 1509 735 1549 Punicum
766 1523 914 1563 agmen
945 1522 1315 1563 praecursoresque
1340 1508 1496 1548 Roma-

142 1588 286 1613 norum
312 1571 477 1612 fiebant.

230 1633 402 1674 XVIII.
464 1633 576 1673 Inter
611 1633 712 1673 haec
743 1633 972 1687 Hispaniae
1008 1633 1147 1687 populi
1184 1647 1260 1673 nec
1296 1633 1366 1685 qui
1401 1638 1494 1686 post

141 1697 299 1737 cladem
330 1701 538 1749 acceptam
576 1695 809 1735 defecerant
844 1694 1031 1735 redibant
1069 1695 1120 1734 ad
1150 1695 1379 1743 Romanos,
1423 1707 1498 1733 nec

140 1759 211 1799 ulli
241 1758 336 1799 novi
368 1756 622 1797 deficiebant.
684 1764 722 1797 et
753 1756 910 1797 Romae
948 1757 1106 1810 senatui
1141 1756 1376 1810 populoque
1407 1762 1497 1810 post

140 1826 345 1874 receptam
373 1818 560 1873 Capuam
586 1833 667 1858 non
692 1818 834 1858 Italiae
859 1818 940 1858 iam
966 1818 1094 1858 maior
1119 1832 1243 1870 quam
1267 1817 1496 1871 Hispaniae

141 1897 237 1922 cura
263 1889 347 1923 erat
373 1888 411 1922 et
437 1881 659 1921 exercitum
686 1880 828 1934 augeri
858 1887 896 1921 et
922 1881 1208 1934 imperatorem
1234 1880 1338 1920 mitti
1363 1879 1499 1933 place-

141 1944 222 1985 bat.
282 1958 358 1984 nec
395 1951 533 1984 tamen
570 1958 691 1996 quem
729 1943 935 1983 mitterent
968 1943 1066 1983 satis
1104 1942 1335 1990 constabat,
1373 1956 1497 1994 quam

141 2006 258 2055 illud,
291 2006 361 2046 ubi
386 2006 467 2046 duo
494 2005 644 2046 summi
669 2005 934 2058 imperatores
960 2005 1064 2045 intra
1089 2005 1176 2045 dies
1203 2005 1369 2059 triginta
1394 2003 1498 2043 ceci-

142 2068 315 2116 dissent,
354 2068 424 2120 qui
448 2068 490 2107 in
514 2067 650 2108 locum
681 2068 854 2107 duorum
888 2067 1141 2115 succederet,
1179 2065 1498 2106 extraordinaria

143 2144 240 2169 cura
271 2130 533 2184 deligendum
565 2144 668 2170 esse.
730 2144 821 2169 cum
854 2129 921 2169 alii
958 2129 1082 2169 alium
1113 2128 1388 2176 nominarent,
1426 2142 1497 2181 po-

144 2199 340 2231 stremum
367 2205 415 2231 eo
440 2191 658 2232 decursum
685 2198 763 2240 est,
791 2197 835 2230 ut
860 2191 1035 2245 populus
1061 2190 1297 2245 proconsuli
1322 2189 1497 2230 creando

143 2254 185 2293 in
210 2253 457 2307 Hispaniam
483 2254 646 2294 comitia
671 2253 856 2301 haberet,
895 2253 1085 2306 diemque
1116 2252 1276 2293 comitis
1309 2251 1497 2292 consules

145 2315 369 2355 edixerunt.
430 2315 561 2368 primo
587 2321 919 2369 expectaverant,
957 2322 1002 2354 ut
1027 2314 1097 2367 qui
1122 2329 1165 2355 se
1192 2320 1302 2354 tanto
1328 2313 1498 2367 imperio

144 2377 291 2431 dignos
318 2376 528 2417 crederent
553 2377 718 2417 nomina
742 2377 1040 2431 profiterentur.
1102 2391 1206 2429 quae
1230 2383 1276 2416 ut
1305 2375 1499 2416 destituta

144 2438 372 2492 expectatio
404 2445 483 2487 est,
520 2439 819 2492 redintegratus
850 2439 985 2479 luctus
1017 2445 1208 2492 acceptae
1239 2438 1366 2478 cladis
1392 2437 1498 2477 desi-

144 2500 382 2552 deriumque
407 2500 697 2554 imperatorum
728 2500 986 2541 amissorum.
1047 2505 1204 2540 maesta
1233 2499 1370 2552 itaque
1401 2499 1499 2540 civi-

143 2568 223 2610 tas,
261 2576 387 2616 prope
412 2562 531 2616 inops
557 2562 733 2611 consilii,
772 2562 1029 2603 comitiorum
1060 2562 1125 2601 die
1150 2568 1288 2602 tamen
1317 2561 1359 2602 in
1390 2576 1499 2602 cam-

143 2638 242 2678 pum
268 2623 496 2672 descendit3
529 2630 649 2677 atque
675 2624 716 2663 in
741 2624 1005 2678 magistratus
1026 2624 1133 2664 versi
1158 2623 1498 2677 circumspectant

143 2700 209 2726 ora
236 2685 465 2739 principum
492 2685 663 2726 aliorum
689 2685 789 2726 alios
815 2686 1059 2726 intuentium
1085 2685 1362 2738 fremuntque,
1395 2685 1497 2725 adeo

1519 341 1555 370 11

1520 589 1558 618 12

1522 966 1560 994 13

1523 1150 1562 1178 14

1523 1274 1562 1303 15

1523 1459 1561 1488 16

1523 1769 1541 1798 ιζ)
