1815 3184
511 231 662 265 LIBER
687 232 831 275 XXVI,
857 231 972 265 3-5.
1002 234 1050 275 [a.
1066 230 1103 266 c.
1118 232 1199 275 211]
1447 222 1528 263 269

183 334 351 387 petisset
385 333 556 374 Fulvius
598 340 898 388 negassentque
933 341 1069 389 patres
1107 348 1127 374 e
1162 348 1205 375 re
1239 333 1404 388 publica
1438 348 1529 375 esse

183 394 349 435 abscedi
374 410 398 435 a
424 394 586 449 Capua,
617 402 835 449 postquam
860 396 946 436 dies
973 396 1227 437 comitiorum
1253 395 1410 445 aderat,
1450 394 1526 436 Cn.
1556 407 1595 437 12

182 455 354 496 Fulvius
380 456 588 496 exulatum
613 456 858 510 Tarquinios
884 457 994 498 abiit.
1053 457 1095 497 id
1119 457 1155 497 ei
1180 457 1333 498 iustum
1364 457 1530 497 exilium

183 531 274 558 esse
300 517 417 557 scivit
442 517 570 571 plebs.

268 578 370 618 IIII.
430 579 542 618 Inter
577 579 677 619 haec
713 579 775 619 vis
811 580 941 620 omnis
978 579 1074 620 belli
1108 594 1227 620 versa
1262 580 1304 620 in
1341 578 1528 633 Capuam
1557 593 1571 621 1

183 646 279 679 erat.
341 639 603 680 obsidebatur
627 647 762 680 tamen
787 641 918 682 acrius
945 656 1067 694 quam
1092 641 1423 695 oppugnabatur3
1454 655 1529 680 nec

184 708 253 741 aut
278 701 429 741 famem
454 701 624 741 tolerare
650 702 813 742 servitia
843 717 890 743 ac
920 702 1035 756 plebs
1066 709 1254 756 poterant
1278 710 1347 742 aut
1372 702 1529 742 mittere

182 762 345 802 nuntios
371 763 422 802 ad
436 762 713 803 Hannibalem
737 778 809 816 per
834 764 1040 804 custodias
1066 772 1148 804 tam
1174 771 1294 804 artas.
1340 764 1528 804 inventus
1555 776 1573 805 2

184 831 245 863 est
275 823 470 872 Numida,
508 824 576 876 qui
608 824 784 878 acceptis
814 825 957 865 litteris
995 839 1212 865 evasurum
1245 839 1287 865 se
1318 825 1529 878 professus

180 891 405 938 praestaret
439 885 699 938 promissum.
759 900 831 939 per
866 886 999 926 media
1029 886 1218 926 Romana
1248 893 1381 926 castra
1410 892 1528 926 nocte

180 961 372 1000 egressus
410 961 524 999 spem
560 947 744 986 accendit
781 945 1023 999 Campanis,
1061 948 1159 987 dum
1195 947 1347 999 aliquid
1383 947 1529 987 virium

181 1014 413 1061 superesset
438 1007 488 1047 ab
515 1008 625 1047 omni
649 1014 762 1060 parte
789 1008 1043 1060 eruptionem
1062 1008 1299 1061 temptandi.
1350 1015 1528 1047 ceterum
1555 1020 1574 1048 3

178 1069 219 1108 in
250 1068 386 1108 multis
419 1068 706 1108 certaminibus
745 1069 948 1120 equestria
983 1069 1137 1122 proelia
1173 1069 1299 1108 ferme
1335 1083 1531 1122 prospera

178 1129 401 1177 faciebant,
449 1129 607 1182 pedites
651 1129 958 1182 superabantur.
1031 1130 1104 1170 sed
1145 1144 1404 1183 nequaquam
1448 1136 1530 1169 tam

177 1190 329 1230 laetum
360 1190 521 1230 vincere
551 1204 673 1243 quam
705 1191 818 1230 triste
854 1191 963 1230 vinci
999 1191 1082 1231 ulla
1116 1198 1230 1245 parte
1263 1197 1345 1230 erat
1377 1190 1427 1231 ab
1460 1190 1531 1231 ob-

179 1265 293 1292 sesso
319 1257 358 1291 et
387 1265 514 1305 prope
545 1258 780 1305 expugnato
810 1251 940 1292 hoste.
1001 1252 1101 1292 inita
1131 1252 1295 1292 tandem
1326 1252 1429 1292 ratio
1454 1258 1528 1300 est,
1554 1266 1574 1293 4

178 1319 223 1353 ut
253 1313 364 1366 quod
394 1312 547 1353 viribus
579 1313 715 1353 deerat
747 1319 831 1353 arte
863 1320 1117 1366 aequaretur.
1178 1328 1229 1353 ex
1258 1313 1448 1354 omnibus
1472 1313 1529 1353 le-

179 1374 369 1429 gionibus
407 1374 523 1414 electi
559 1382 653 1414 sunt
688 1374 857 1416 iuvenes
894 1376 1071 1416 maxime
1107 1375 1248 1430 vigore
1284 1390 1331 1415 ac
1366 1375 1530 1415 levitate

180 1450 394 1490 corporum
425 1434 604 1477 veloces:
641 1435 698 1476 eis
731 1451 896 1490 parmae
927 1436 1133 1478 breviores
1166 1452 1289 1490 quam
1321 1443 1529 1489 equestres

180 1504 219 1538 et
255 1504 423 1551 septena
457 1496 589 1538 iacula
625 1503 843 1550 quaternos
884 1498 1009 1553 longa
1049 1499 1175 1552 pedes
1218 1499 1313 1538 data
1348 1498 1530 1552 praefixa

180 1559 304 1608 ferro,
332 1558 450 1611 quale
475 1558 601 1599 hastis
627 1558 863 1600 velitaribus
887 1559 1006 1600 inest.
1046 1574 1115 1600 eos
1137 1560 1320 1614 singulos
1340 1560 1382 1599 in
1401 1574 1527 1612 equos
1554 1573 1572 1601 5

181 1635 276 1661 suos
309 1620 552 1673 accipientes
584 1620 740 1672 equites
772 1621 1086 1661 adsuefecerunt
1118 1628 1157 1662 et
1186 1621 1281 1661 vehi
1310 1627 1403 1674 post
1439 1634 1529 1660 sese

181 1690 219 1722 et
245 1681 405 1722 desilire
429 1682 663 1735 perniciter,
689 1681 760 1722 ubi
785 1683 925 1722 datum
951 1683 1115 1736 signum
1141 1689 1261 1723 esset.
1311 1688 1529 1736 postquam
1555 1695 1573 1725 6

180 1743 449 1784 adsuetudine
480 1743 680 1783 cotidiana
711 1743 808 1784 satis
845 1744 1044 1798 intrepide
1079 1743 1167 1784 fieri
1201 1744 1336 1784 visum
1372 1750 1450 1792 est,
1488 1743 1530 1782 in

180 1818 389 1858 campum,
427 1804 496 1856 qui
532 1805 690 1845 medius
726 1805 831 1845 inter
866 1811 999 1845 castra
1033 1819 1276 1858 murumque
1313 1811 1415 1853 erat,
1459 1805 1528 1845 ad-

179 1880 322 1906 versus
358 1865 577 1906 instructos
616 1865 921 1920 Campanorum
958 1867 1112 1920 equites
1148 1873 1449 1920 processerunt,
1490 1873 1527 1906 et
1556 1882 1571 1909 7

179 1926 250 1967 ubi
275 1927 327 1967 ad
352 1927 579 1967 coniectum
605 1927 673 1967 teli
698 1934 865 1968 ventum
891 1934 952 1968 est
984 1928 1101 1982 signo
1127 1929 1221 1968 dato
1252 1928 1395 1968 velites
1422 1927 1528 1968 desi-

179 1988 292 2028 liunt.
352 1989 552 2042 pedestris
588 1989 682 2028 inde
725 1989 831 2029 acies
869 2004 920 2029 ex
956 1990 1138 2042 equitatu
1178 1996 1343 2043 repente
1379 1989 1421 2029 in
1456 1989 1550 2029 ho->

182 2049 303 2089 stium
335 2050 490 2102 equites
522 2050 705 2099 incurrit,
742 2050 956 2103 iaculaque
988 2065 1080 2090 cum
1111 2051 1266 2104 impetu
1297 2050 1375 2090 alia
1407 2065 1529 2104 super

181 2110 259 2150 alia
284 2111 483 2151 emittunt.
543 2111 690 2164 quibus
716 2111 899 2165 plurimis
930 2112 972 2152 in
1002 2127 1128 2165 equos
1161 2112 1349 2164 virosque
1374 2112 1528 2165 passim
1554 2126 1573 2155 S

181 2171 373 2212 coniectis
398 2173 620 2225 permultos
647 2173 975 2221 volneraverunt‚
1012 2175 1174 2227 pavoris
1201 2180 1335 2214 tamen
1360 2173 1453 2227 plus
1479 2187 1529 2213 ex

181 2247 223 2273 re
259 2248 364 2273 nova
400 2240 520 2286 atque
555 2234 764 2288 inopinata
798 2234 992 2275 iniectum
1028 2241 1108 2284 est,
1146 2242 1185 2275 et
1219 2235 1261 2275 in
1296 2235 1529 2289 perculsum

181 2294 342 2334 hostem
377 2295 533 2347 equites
568 2295 718 2335 invecti
754 2295 896 2350 fugam
933 2302 1192 2350 stragemque
1230 2311 1369 2336 eorum
1398 2311 1529 2349 usque

182 2357 233 2396 ad
268 2363 404 2410 portas
440 2356 635 2397 fecerunt.
700 2357 794 2398 inde
830 2359 1012 2411 equitatu
1041 2373 1204 2411 quoque
1236 2359 1418 2412 superior
1446 2358 1530 2399 Ro·
1554 2373 1571 2402 9

182 2433 302 2457 mana
326 2432 390 2458 res
417 2418 506 2458 fuit.
565 2419 795 2459 institutum
821 2426 865 2459 ut
889 2420 1031 2460 velites
1056 2420 1099 2459 in
1122 2419 1353 2474 legionibus
1379 2427 1526 2461 essent.
1556 2433 1596 2463 10

182 2485 388 2519 auctorem
418 2480 600 2533 peditum
632 2480 757 2533 equiti
787 2480 1131 2521 inmiscendorum
1167 2481 1443 2521 centurionem
1475 2481 1527 2534 Q.

180 2539 356 2580 Navium
381 2540 515 2581 ferunt
540 2541 762 2595 honorique
787 2543 829 2582 id
854 2543 890 2583 ei
915 2543 1024 2596 apud
1048 2543 1331 2597 imperatorem
1356 2543 1498 2584 fuisse.

268 2600 317 2642 V.
368 2601 476 2642 Cum
500 2603 543 2642 in
566 2602 644 2643 hoc
670 2610 778 2644 statu
803 2604 853 2644 ad
880 2603 1067 2657 Capuam
1091 2619 1155 2644 res
1182 2610 1335 2653 essent,
1368 2604 1528 2645 Hanni-
1555 2619 1568 2647 1

181 2662 312 2703 balem
350 2664 556 2704 diversum
594 2664 839 2706 Tarentinae
875 2666 977 2706 arcis
1019 2665 1240 2719 potiundae
1278 2665 1527 2720 Capuaeque
