1815 3184
548 214 700 249 LIBER
724 214 853 258 xxv,
877 213 908 247 5.
929 214 959 247 6.
988 215 1038 257 [a.
1053 211 1091 247 0.
1105 212 1187 256 212]
1463 201 1547 242 219

189 326 356 361 senatus
394 318 593 359 absistere
630 332 700 358 005
732 318 895 371 incepto
931 316 1059 357 vetuit
1089 323 1129 357 et
1165 314 1397 356 triumviros
1428 313 1546 355 binos
1573 328 1592 357 6

189 381 315 422 creari
339 380 476 429 iussit,
515 379 664 420 alteros
691 379 762 433 qui
787 379 906 428 citra,
943 378 1091 419 alteros
1123 378 1193 431 qui
1217 377 1324 418 ultra
1348 376 1548 430 quinqua-

187 443 421 498 gensimum
440 442 618 496 lapidem
638 442 678 482 in
700 441 818 496 pagis
838 441 1020 494 forisque
1038 447 1077 482 et
1091 439 1370 481 conciliabulis
1385 453 1548 480 omnem

188 507 349 561 copiam
373 506 645 560 ingenuorum
677 505 924 559 inspicerent
954 510 994 544 et
1025 503 1060 544 si
1089 503 1159 556 qui
1189 502 1345 543 roboris
1372 501 1470 542 satis
1495 500 1547 541 ad

188 568 357 609 ferenda
383 582 495 608 arma
519 566 671 607 habere
696 566 949 615 viderentur,
988 565 1148 605 etiamsi
1179 564 1360 604 nondum
1387 562 1550 603 militari

188 637 321 671 aetate
347 636 504 678 essent,
531 629 679 669 milites
706 628 899 669 facerent.
960 627 1111 668 tribuni
1137 626 1286 680 plebis,
1320 626 1354 666 si
1377 626 1413 665 is
1438 624 1550 664 vide-

188 698 316 741 retur,
349 691 402 732 ad
425 691 624 745 populum
651 690 824 739 ferrent,
857 696 917 738 ut,
950 689 1020 742 qui
1044 689 1222 729 minores
1250 687 1551 741 septemdecem

189 753 305 794 annis
333 760 589 794 sacramento
615 752 829 800 dixissent,
855 751 903 791 iis
929 750 1099 804 perinde
1125 749 1328 804 stipendia
1352 747 1552 802 procede-

189 822 278 855 rent
302 829 350 855 ac
376 815 410 855 si
436 814 739 868 septemdecem
765 828 965 854 annorum
990 819 1060 852 aut
1085 812 1259 852 maiores
1281 811 1428 851 milites
1453 809 1552 850 facti

189 884 338 918 essent.
388 891 439 917 ex
464 876 542 916 hoc
568 882 734 917 senatus
762 874 949 916 consulto
975 874 1100 914 creati
1120 873 1320 914 triumviri
1345 872 1430 914 bini
1456 887 1551 913 con-

189 938 450 991 quisitionem
475 937 749 992 ingenuorum
775 951 848 990 per
873 950 994 990 agros
1022 934 1266 975 habuerunt.

274 999 437 1040 Eodem
469 1005 651 1052 tempore
684 1012 734 1038 ex
768 996 910 1038 Sicilia
940 996 1098 1036 litterae
1124 996 1258 1036 Marci
1282 995 1471 1035 Marcelli
1501 995 1551 1035 (10

188 1061 404 1115 postulatis
431 1060 625 1108 militum,
653 1059 724 1112 qui
749 1073 843 1098 cum
868 1057 918 1098 P.
940 1057 1122 1097 Lentulo
1147 1056 1396 1105 militabant,
1423 1056 1465 1096 in
1491 1071 1554 1096 se-

189 1129 287 1162 natu
317 1122 510 1162 recitatae
544 1127 650 1161 sunt.
703 1119 935 1161 Cannensis
966 1119 1162 1171 reliquiae
1188 1118 1316 1159 cladis
1347 1118 1413 1158 hic
1439 1132 1554 1158 exer-

188 1184 292 1224 citus
319 1190 422 1233 erat,
449 1183 654 1238 relegatus
680 1182 721 1222 111
739 1178 942 1230 Siciliam,
971 1181 1077 1222 sicut
1101 1188 1195 1221 ante
1220 1180 1375 1221 dictum
1401 1186 1474 1229 est,
1501 1195 1552 1220 ne

188 1252 281 1286 ante
306 1245 454 1285 Punici
480 1244 576 1286 belli
600 1245 723 1285 finem
749 1244 791 1284 in
816 1243 978 1284 Italiam
1004 1249 1320 1297 reportarentur.

273 1306 349 1348 VI.
399 1306 459 1347 Hi
483 1306 688 1361 permissu
713 1305 884 1347 Lentuli
916 1305 1115 1359 primores
1142 1304 1326 1357 equitum
1352 1303 1554 1344 centurio-

189 1383 369 1422 numque
389 1375 429 1409 et
447 1368 596 1409 robora
616 1383 666 1408 ex
685 1367 916 1423 legionibus
936 1367 1122 1421 peditum
1141 1366 1299 1421 legatos
1318 1366 1360 1406 in
1384 1365 1555 1406 hiberna

190 1431 243 1471 ad
266 1430 326 1471 M.
353 1429 601 1471 Marcellum
631 1430 849 1479 miserunt,
887 1444 908 1470 e
939 1429 1089 1482 quibus
1123 1444 1229 1469 unus
1260 1433 1463 1482 potestate
1494 1427 1555 1467 di-

191 1492 309 1533 cendi
334 1491 462 1532 facta:
503 1492 730 1532 ‘consulem
756 1498 815 1541 te,
852 1491 914 1531 M.
940 1491 1158 1540 Marcelle,
1189 1491 1232 1530 in
1256 1490 1420 1530 Italiam
1445 1490 1554 1530 adis-

193 1569 349 1603 semus,
389 1568 483 1594 cum
518 1554 696 1607 primum
731 1554 782 1594 de
818 1553 937 1594 nobis
975 1554 1052 1594 etsi
1081 1568 1165 1594 non
1194 1553 1402 1606 iniquum,
1446 1558 1554 1593 certe

193 1616 305 1657 triste
327 1622 493 1656 senatus
519 1615 752 1656 consultum
772 1615 927 1656 factum
953 1621 1032 1664 est,
1058 1615 1137 1655 nisi
1157 1615 1235 1655 1100
1256 1628 1552 1668 sperassemus,

192 1678 233 1718 in
256 1678 511 1732 provinciam
536 1692 611 1718 nos
638 1684 768 1717 morte
793 1692 939 1731 regum
959 1677 1166 1718 turbatam
1185 1677 1237 1717 ad
1255 1690 1381 1731 grave
1402 1675 1553 1716 bellum

193 1740 391 1780 adversus
420 1738 583 1780 Siculos
617 1739 739 1780 simul
764 1739 1011 1792 Poenosque
1043 1739 1150 1779 mitti
1181 1745 1221 1779 et
1252 1738 1451 1793 sanguine
1482 1753 1555 1778 no-

194 1811 276 1845 stro
313 1803 634 1856 vulneribusque
670 1818 746 1844 nos
785 1803 945 1843 senatui
983 1802 1266 1843 satisfacturos
1298 1816 1407 1850 esse,
1452 1801 1556 1841 sicut

192 1873 353 1921 patrum
379 1866 576 1906 memoria
607 1866 677 1918 qui
709 1865 817 1919 capti
849 1880 872 1905 a
897 1864 1058 1918 Pyrrho
1089 1864 1142 1905 ad
1166 1863 1415 1904 Heracleam
1441 1869 1555 1903 erant

193 1928 390 1969 adversus
410 1927 617 1982 Pyrrhum
642 1927 779 1981 ipsum
803 1932 1035 1981 pugnantes
1064 1926 1362 1966 satisfecerunt.
1412 1939 1556 1978 quam-

193 2005 317 2043 quam
341 1990 451 2043 quod
476 1989 528 2030 ob
548 1990 740 2029 meritum
760 1996 945 2029 nostrum
968 1988 1271 2037 suscensuistiS‚
1298 1993 1434 2041 patres
1461 2001 1556 2027 con-

196 2051 352 2105 scripti,
390 2051 510 2092 nobis
548 2058 618 2092 aut
655 2050 935 2091 suscensetis?
994 2049 1115 2091 ambo
1152 2049 1252 2090 mihi
1289 2048 1478 2089 consules
1516 2054 1555 2088 et

194 2114 433 2157 universum
460 2121 648 2154 senatum
674 2113 822 2153 intueri
847 2112 1006 2161 videor,
1034 2127 1127 2152 cum
1153 2119 1210 2160 te,
1241 2110 1457 2159 Marcelle,
1495 2110 1555 2149 in-

195 2181 329 2223 tueor,
356 2189 479 2228 quem
505 2175 539 2215 si
564 2175 615 2215 ad
643 2174 810 2215 Cannas
837 2174 1048 2215 consulem
1073 2173 1382 2222 habuissemus,
1415 2171 1558 2212 melior

197 2244 235 2277 et
270 2236 329 2277 rei
363 2236 553 2291 publicae
591 2243 630 2277 et
665 2243 803 2278 nostra
840 2236 1005 2277 fortuna
1040 2242 1161 2277 esset.
1234 2235 1339 2284 sine,
1387 2248 1555 2287 quaeso,

196 2299 436 2353 priusquam
461 2298 512 2339 de
538 2298 776 2339 condicione
803 2306 941 2339 nostra
966 2312 1132 2351 queror,
1169 2312 1321 2338 noxam
1353 2296 1468 2336 cuius
1494 2311 1557 2337 ar-

196 2360 362 2415 guimur
397 2374 471 2401 nos
508 2374 697 2415 purgare.
759 2360 793 2401 si
829 2375 912 2400 non
948 2360 1071 2400 deum
1102 2359 1162 2400 ira
1191 2373 1267 2399 1100
1298 2358 1401 2407 fato,
1440 2357 1556 2398 cuius

196 2423 287 2476 lege
312 2421 534 2463 immobilis
559 2437 695 2463 rerum
720 2422 992 2462 humanarum
1019 2422 1118 2463 ordo
1145 2421 1310 2469 seritur,
1340 2420 1413 2461 sed
1438 2419 1558 2474 eulpa

196 2484 391 2538 periimus
412 2484 464 2525 ad
481 2483 668 2534 Cannas,
695 2484 811 2525 cuius
838 2484 1003 2524 tandem
1028 2498 1076 2524 ea
1101 2483 1222 2538 culpa
1245 2482 1348 2522 fuit?
1383 2481 1558 2522 militum

197 2562 249 2587 an
273 2547 594 2601 imperatorum?
642 2547 833 2600 equidem
858 2546 976 2587 miles
1001 2546 1102 2586 nihil
1126 2560 1323 2599 umquam
1348 2544 1481 2585 (licam
1507 2543 1557 2584 de

196 2609 440 2663 imperatore
471 2623 582 2658 meo,
621 2608 686 2649 cui
716 2608 958 2663 praesertim
987 2608 1141 2663 gratias
1173 2607 1300 2648 sciam
1331 2605 1382 2647 ab
1414 2611 1559 2647 senatu

195 2677 326 2721 actas,
364 2671 475 2725 quod
500 2686 582 2713 non
607 2670 887 2725 desperaverit
916 2670 967 2711 de
992 2684 1035 2711 re
1065 2669 1248 2724 publica,
1287 2667 1352 2710 cui
1375 2674 1470 2722 post
1492 2666 1558 2707 su-

1575 514 1593 542 7

1576 637 1595 666 8

1577 884 1595 914 <D

1580 1008 1619 1037 10

1581 1131 1617 1159 11

1580 1503 1597 1532 [ὑ

1583 2246 1601 2275 6

1585 2557 1600 2585 7
