1815 3184
341 236 423 279 384
648 240 798 276 LIBER
821 211 1004 284 xxvm,
1030 240 1060 274 1.
1081 240 1112 273 2.
1141 242 1236 283 [a.u.
1252 240 1378 283 e.547]

340 353 501 402 pertum
526 351 607 394 est,
639 358 734 384 cum
757 344 900 384 decern
925 343 1084 383 circiter
1107 342 1220 383 milia
1245 342 1296 383 ab
1326 341 1445 383 hoste
1476 342 1680 392 abessent,

342 409 436 449 bina
461 414 596 449 castra
625 407 733 448 circa
762 406 871 447 viam
901 420 982 459 qua
1009 405 1116 446 irent
1144 419 1254 446 esse:
1291 404 1411 445 laeva
1436 403 1682 454 Celtiberos,

342 486 497 511 novum
527 469 771 518 exercitum,
810 483 935 523 supra
964 482 1115 508 novem
1142 467 1256 507 milia
1279 466 1510 516 hominum,
1541 466 1685 508 dextra

298 545 317 574 8
340 532 501 574 Punica
524 539 663 572 tenere
688 538 835 572 castra.
885 545 934 571 ea
959 529 1221 578 stationibus,
1247 528 1417 584 vigiliis,
1443 529 1554 570 omni
1577 528 1686 569 iusta.

341 594 507 636 militari
537 593 725 634 custodia
749 599 837 633 tuta
861 599 901 632 et
924 592 1043 631 firma
1066 605 1179 640 esse,
1210 591 1281 631 illa
1305 591 1433 631 altera
1457 590 1592 632 soluta
1614 604 1685 630 ne-

340 658 576 710 glectaque,
601 662 647 696 ut
663 655 933 696 barbarorum
952 660 992 694 et
1016 653 1193 694 tironum
1219 660 1259 693 et
1281 652 1417 693 minus
1443 651 1684 700 timentium,

297 731 315 760 9
342 719 453 773 quod
476 719 519 759 in
544 733 618 759 sua
642 724 750 758 terra
774 723 926 758 essent.
975 730 1023 756 ea
1046 715 1158 770 prius
1186 714 1464 770 adgredienda
1486 721 1598 755 ratus
1620 711 1687 754 Si-

340 783 460 823 lanus
487 781 606 836 signa
630 794 753 833 quam
783 778 961 819 maxime
987 778 1040 818 ad
1062 778 1223 818 laevam
1246 776 1415 817 iubebat
1438 775 1554 825 ferri,
1591 789 1686 815 nee-

341 844 451 885 unde
476 845 527 885 ab
553 842 797 884 stationibus
821 840 991 882 Punicis
1018 839 1321 894 conspiceretur
1330 855 1340 888 3
1376 838 1465 893 ipse
1490 836 1689 892 praemis-

345 907 401 948 sis
428 904 752 961 speculatoribus
779 903 901 944 citato
927 901 1090 957 agmine
1116 901 1169 942 ad
1193 901 1355 942 hostem
1378 899 1524 955 pergit.

300 980 315 1008 1
427 969 486 1009 11.
529 967 629 1008 Tria
653 966 766 1006 milia
790 966 919 1006 ferme
945 964 1104 1013 aberat,
1131 977 1223 1003 cum
1242 963 1453 1003 hauddum
1473 961 1689 1015 quisquam

343 1030 524 1072 hostium
544 1036 747 1071 senserat:
775 1028 1022 1081 confragosa
1040 1026 1132 1067 loca
1151 1033 1192 1066 et
1215 1025 1339 1066 obsiti
1362 1023 1550 1078 virgultis
1576 1034 1690 1078 tege-

299 1103 317 1132 2
342 1094 443 1134 bant
472 1092 610 1133 colles.
669 1090 727 1131 ibi
755 1090 797 1130 in
822 1104 924 1129 cava
954 1088 1060 1128 valle
1093 1096 1214 1140 atque
1245 1087 1298 1128 ob
1329 1087 1372 1126 id
1401 1085 1563 1127 occulta
1592 1098 1689 1125 con-

344 1155 477 1196 sidere
501 1153 673 1193 militem
698 1159 738 1193 et
763 1151 899 1192 cibum
931 1164 1076 1205 capere
1106 1149 1232 1190 iubet.
1295 1147 1375 1203 [nt]
1411 1147 1688 1203 speculatores

301 1228 319 1257 3
345 1216 655 1271 transfugarum
680 1214 789 1254 dicta
814 1213 1077 1253 adfirmantes
1098 1219 1315 1260 venerunt,
1342 1218 1429 1250 tum
1454 1209 1622 1251 sarcinis
1648 1209 1690 1249 in

343 1278 526 1320 medium
557 1276 752 1318 coniectis
785 1290 898 1315 arma
920 1272 1099 1315 Romani
1130 1273 1296 1327 capiunt
1326 1272 1492 1325 acieque
1517 1271 1626 1312 iusta
1648 1270 1688 1310 111

343 1355 527 1397 pugnam
562 1339 730 1379 vadunt.
789 1337 900 1378 mille
936 1338 1108 1390 passum
1144 1335 1330 1383 aberant,
1368 1348 1461 1374 cum
1491 1334 1542 1373 ab
1572 1333 1690 1373 hoste

344 1401 555 1457 conspecti
586 1408 698 1449 sunt,
731 1398 1007 1453 trepidarique
1036 1404 1205 1451 repente
1231 1402 1435 1450 coeptum.
1495 1402 1535 1435 et
1558 1394 1689 1449 Mago

344 1481 397 1507 ex
426 1463 570 1505 castris
603 1463 725 1503 citato
753 1476 857 1514 equo
884 1461 935 1500 ad
959 1459 1137 1514 primum
1162 1458 1383 1499 clamorem
1408 1464 1448 1498 et
1472 1457 1691 1498 tumultum

300 1538 319 1566 4
345 1526 572 1568 advehitur.
633 1532 748 1565 erant
789 1523 831 1563 in
869 1521 1078 1563 Celtibero
1122 1520 1303 1561 exercitu
1345 1527 1537 1572 quattuor
1580 1519 1692 1560 milia

345 1596 504 1630 scutata
529 1594 569 1628 01
594 1586 758 1627 (111001111
784 1585 960 1638 equites3
994 1583 1101 1624 hanc
1125 1583 1276 1623 iustam
1299 1582 1506 1637 legionem
1530 1607 1562 1610 —
1587 1588 1627 1622 et
1650 1581 1693 1621 id

344 1652 473 1692 ferme
502 1649 660 1691 roboris
688 1656 774 1689 erat
798 1672 831 1676 —
854 1647 896 1687 111
920 1646 1054 1702 prima
1079 1645 1164 1686 acie
1189 1645 1317 1693 locat,
1350 1653 1526 1694 ceteros,
1558 1644 1691 1685 levem

301 1724 319 1751 ἵ)
346 1720 612 1760 armaturam,
638 1711 680 1751 in
701 1709 880 1751 subsidis
900 1709 1050 1764 posuit.
1100 1722 1193 1748 cum
1216 1707 1274 1748 ita
1296 1707 1518 1748 instructos
1545 1707 1693 1747 educe-

344 1783 407 1817 ret
437 1791 458 1816 e
490 1774 654 1823 castris,
691 1773 860 1813 vixdum
892 1772 934 1812 in
959 1786 1151 1827 egressos
1178 1771 1285 1812 vallo
1312 1785 1382 1812 eos
1407 1770 1587 1812 Romani
1609 1770 1694 1824 pila

303 1848 320 1877 6
348 1838 623 1880 00111000111111.
683 1835 904 1877 subsidunt
927 1834 1109 1889 Hispani
1134 1834 1332 1875 adversus
1358 1833 1511 1874 emissa
1534 1833 1616 1873 tela
1641 1833 1692 1873 ab

346 1900 484 1949 hoste,
515 1900 610 1940 inde
642 1899 695 1939 ad
722 1898 924 1938 mittenda
947 1897 1028 1952 ipsi
1053 1904 1323 1951 consurgunt:
1361 1910 1465 1948 quae
1491 1909 1585 1935 011111
1607 1894 1694 1935 Ro-

347 1962 458 2002 mani
483 1961 674 2009 conferti,
699 1969 742 2001 ut
765 1960 916 2009 solent,
943 1959 1124 2000 densatis
1151 1958 1411 2012 excepissent
1436 1957 1580 2006 scutis,
1606 1963 1695 1997 111111

347 2039 420 2078 pes
464 2038 558 2064 011111
598 2023 704 2078 pede
741 2022 926 2063 conlatus
964 2029 1004 2062 et
1039 2021 1172 2076 gladis
1209 2019 1297 2075 geri
1330 2034 1397 2060 res
1437 2027 1581 2073 coepta
1617 2027 1691 2058 est.

306 2097 321 2125 7
350 2094 532 2127 0010111111
563 2084 763 2140 asperitas
794 2084 979 2126 locorum
1011 2081 1249 2131 Celtiberis,
1287 2081 1434 2135 quibus
1465 2080 1507 2120 in
1536 2080 1692 2135 proelio

350 2162 592 2189 concursare
611 2162 700 2189 mos
722 2154 804 2196 est,
829 2145 1088 2187 velocitatem
1108 2144 1294 2184 inutilem
1318 2143 1495 2184 faciebat
1520 2150 1559 2183 et
1584 2142 1695 2182 haud

305 2220 324 2250 8
349 2211 490 2264 iniqua
514 2210 658 2251 eadem
683 2217 770 2251 erat
792 2208 993 2250 Romanis
1025 2206 1160 2248 stabili
1188 2220 1354 2261 pugnae
1385 2205 1585 2254 adsuetis,
1616 2203 1696 2244 nisi

350 2273 461 2326 quod
497 2272 712 2327 angustiae
744 2279 784 2313 et
813 2271 1017 2311 internata
1045 2269 1224 2325 virgulta
1255 2268 1418 2309 ordines
1450 2267 1696 2308 dirimebant

351 2344 391 2376 et
422 2335 572 2390 singuli
601 2334 770 2388 binique
801 2333 915 2374 velut
945 2347 1038 2373 cum
1067 2331 1236 2387 paribus
1268 2344 1483 2372 conserere
1512 2343 1697 2384 pugnam

306 2407 324 2436 9
352 2398 616 2451 cogebantur.
678 2396 789 2450 quod
819 2395 872 2436 ad
895 2395 1038 2449 fugam
1062 2393 1356 2448 impedimento
1381 2391 1569 2433 hostibus
1595 2397 1694 2439 erat,

287 2469 326 2498 10
351 2459 393 2499 id
418 2459 470 2499 ad
495 2459 664 2499 caedem
689 2473 759 2500 eos
784 2457 898 2498 velut
922 2457 1080 2497 vinctos
1105 2455 1342 2510 praebebat.
1397 2460 1438 2494 et
1461 2453 1544 2494 iam
1567 2452 1695 2492 ferme

351 2520 540 2561 omnibus
573 2520 742 2561 scutatis
769 2518 1073 2561 Celtiberorum
1101 2516 1328 2558 interfectis
1358 2515 1461 2556 levis
1493 2521 1697 2555 armatura

352 2593 392 2623 et
417 2582 804 2638 Carthaginienses,
836 2581 906 2635 qui
930 2596 982 2622 ex
1012 2579 1150 2621 alteris
1183 2578 1327 2619 castris
1361 2576 1544 2618 subsidio
1573 2589 1695 2616 vene-

288 2654 326 2684 11
351 2652 461 2693 rant,
493 2644 672 2698 perculsi
697 2644 985 2685 caedebantur.
1045 2642 1126 2682 duo
1157 2641 1268 2681 haud
1292 2639 1466 2694 amplius
1490 2636 1602 2678 milia
1624 2649 1695 2688 pe-

355 2704 483 2745 ditum
513 2713 554 2746 et
583 2706 788 2759 equitatus
821 2705 953 2747 omnis
985 2704 1055 2745 vix
1084 2703 1184 2744 inito
1214 2701 1369 2757 proelio
1395 2714 1487 2741 cum
1511 2698 1693 2751 Magone
