1815 3184
320 245 400 287 160
615 251 769 286 LIBER
793 234 940 295 xxm,
966 250 1019 286 45.
1039 251 1094 285 46.
1121 253 1169 294 [a.
1183 263 1216 285 u.
1233 262 1261 285 ο.
1275 251 1357 296 539]

259 388 264 392 .
317 357 474 398 animos
506 355 697 410 erigeret,
735 353 947 395 Hannibal
976 353 1104 393 multo
1135 353 1392 408 gravioribus
1423 355 1582 409 probris
1612 357 1674 397 in-

273 429 291 459 6
318 417 532 472 crepabat:
593 432 707 457 arma
743 417 943 471 signaque
979 417 1122 456 cadem
1160 431 1203 457 se
1239 431 1433 466 noscere,
1481 432 1585 470 quae
1621 420 1672 460 ad

272 617 288 646 7

268 799 288 830 8

270 985 288 1015 9

249 1233 288 1262 10

268 1605 285 1634 Ιό

265 2165 284 2194 <5¹

316 479 509 520 Trebiam
547 478 951 531 Trasumenumque,
994 484 1200 531 postremo
1237 478 1289 518 ad
1327 477 1493 519 Cannas
1528 479 1673 520 viderit

314 540 602 593 habueritque,
647 540 818 580 militem
855 539 981 580 alium
1017 539 1201 593 profecto
1240 554 1283 580 se
1320 540 1361 579 in
1397 539 1568 580 hiberna
1593 540 1674 581 Ca-

314 617 439 657 puam
470 602 656 650 duxisse,
701 601 824 641 alium
856 601 950 641 inde
981 601 1185 642 eduxisse.
1237 601 1490 656 ‘legatumne
1520 601 1674 642 Roma-

314 680 412 705 num
450 671 489 705 et
518 663 692 718 legionis
724 664 845 704 unius
882 670 1004 716 atque
1041 663 1128 704 alae
1160 678 1311 718 magno
1348 664 1568 704 certamine
1604 665 1674 705 vix

313 726 494 767 toleratis
519 740 721 780 pugnam,
759 740 862 778 quos
895 725 1015 765 binae
1047 725 1154 766 acics
1187 725 1422 766 consulares
1449 740 1673 779 numquam

315 788 620 828 sustinuerunt?
655 787 879 828 Marcellus
905 787 1035 827 tirone
1060 788 1186 828 milite
1213 802 1259 828 ac
1283 787 1452 829 Nolanis
1480 787 1673 829 subsidiis

312 850 466 890 inultus
492 864 567 890 nos
592 849 674 889 iam
699 850 845 889 iterum
876 849 1066 889 lacessit?
1116 848 1186 889 ubi
1216 849 1283 889 ille
1313 849 1430 890 miles
1456 864 1572 890 meus
1599 856 1673 898 est,

313 913 382 966 qui
419 919 558 966 erepto
595 927 645 952 ex
677 926 782 964 equo
816 910 864 952 C.
890 911 1098 952 Flaminio
1130 912 1289 952 consuli
1325 918 1447 966 eaput
1483 911 1676 952 abstulit?

314 974 402 1023 ubi,
447 974 517 1027 qui
552 974 605 1014 L.
642 973 820 1014 Paulum
857 974 909 1014 ad
947 972 1114 1014 Cannas
1155 973 1328 1014 oceidit?
1375 973 1529 1013 ferrum
1564 987 1675 1014 nune

314 1035 460 1076 hebet?
507 1051 559 1076 an
595 1035 762 1075 dextrae
800 1035 985 1089 torpent?
1027 1051 1077 1075 an
1114 1035 1212 1088 quid
1249 1035 1410 1090 prodigi
1441 1043 1502 1076 cst
1538 1035 1674 1075 aliud?

313 1099 384 1151 qui
413 1098 533 1152 pauci
565 1098 703 1152 plures
736 1097 898 1138 vincere
931 1097 1037 1138 soliti
1069 1098 1185 1146 estis,
1222 1112 1329 1138 nunc
1362 1097 1502 1151 paucis
1534 1097 1671 1151 plures

313 1161 382 1201 vix
408 1161 595 1201 restatis?
642 1160 820 1200 Romam
851 1174 924 1200 vos
950 1166 1276 1214 expugnaturos,
1315 1159 1349 1200 si
1374 1160 1465 1212 quis
1492 1159 1670 1207 duceret,

313 1223 438 1263 fortes
476 1222 615 1276 lingua
648 1221 883 1262 iactabatis:
922 1236 972 1262 en
1004 1222 1135 1262 minor
1163 1235 1228 1262 res
1261 1228 1334 1261 est.
1395 1221 1461 1261 hic
1497 1220 1673 1275 experiri

313 1285 396 1325 vim
432 1284 706 1337 virtutemque
748 1283 854 1324 volo.
915 1290 1149 1338 expugnate
1184 1283 1354 1332 Nolam,
1399 1290 1670 1337 campestrem

312 1346 468 1394 urbem,
495 1361 578 1387 non
603 1346 782 1394 flumine,
811 1360 891 1386 non
917 1345 1019 1385 mari
1045 1353 1241 1399 saeptam.
1291 1345 1385 1385 hinc
1411 1360 1484 1385 vos
1511 1359 1563 1385 ex
1587 1350 1671 1384 tam

314 1408 507 1462 opulenta
537 1407 637 1448 urbe
672 1407 825 1461 pracda
863 1407 1087 1461 spoliisque
1119 1414 1288 1447 onustos
1320 1406 1385 1447 vel
1416 1407 1564 1447 ducam
1589 1420 1670 1459 quo

312 1469 457 1510 voletis
483 1470 547 1510 vel
575 1469 751 1522 sequar’.

397 1531 668 1572 XXXXVL
732 1531 819 1572 Nee
851 1531 953 1572 bene
979 1545 1054 1571 nce
1086 1530 1191 1571 male
1217 1531 1325 1571 dicta
1352 1530 1594 1584 profuerunt
1619 1529 1671 1570 ad

313 1594 613 1634 confirmandos
651 1594 822 1633 animos.
895 1608 988 1633 cum
1019 1593 1130 1633 omni
1161 1600 1275 1647 parte
1310 1593 1558 1647 pellerentur
1587 1591 1671 1632 Ro-

311 1656 525 1708 manisque
562 1663 790 1696 crescerent
827 1655 951 1696 animi
987 1670 1069 1696 non
1106 1656 1208 1696 duee
1247 1656 1378 1696 solum
1416 1655 1670 1702 adhortante,

312 1718 384 1757 scd
408 1717 577 1758 Nolanis
605 1718 725 1758 ctiam
752 1733 825 1771 per
851 1717 1089 1766 clamorem,
1122 1718 1274 1758 favoris
1301 1717 1496 1766 indicem,
1529 1729 1672 1756 accen-

311 1778 500 1820 dentibus
527 1779 714 1819 ardorem
741 1794 924 1834 pugnae,
964 1786 1077 1834 terga
1103 1779 1233 1819 Poeni
1258 1779 1457 1819 dederunt
1483 1785 1605 1830 atque
1629 1777 1671 1816 in

312 1848 445 1881 castra
483 1841 669 1895 conpulsi
706 1849 813 1882 sunt.
876 1856 981 1894 quae
1019 1856 1257 1895 oppugnare
1289 1841 1489 1895 cupientis
1521 1838 1669 1880 milites

329 1903 522 1944 Romanos
542 1904 766 1944 Marcellus
793 1903 941 1945 Nolam
968 1904 1130 1944 reduxit
1156 1918 1249 1944 cum
1275 1918 1425 1957 magno
1450 1905 1604 1958 gaudio
1630 1911 1670 1944 et

309 1966 581 2020 gratulatione
609 1966 730 2006 etiam
755 1966 887 2020 plebis
897 1998 907 2016 ‚
934 1981 1038 2019 quae
1065 1972 1158 2006 ante
1185 1965 1415 2006 inclinatior
1440 1966 1491 2006 ad
1504 1966 1669 2008 Poenos

309 2028 454 2068 fuerat.
515 2028 695 2069 hostium
731 2028 823 2082 plus
861 2029 1041 2082 quinque
1078 2028 1189 2068 milia
1227 2042 1347 2068 caesa
1384 2043 1432 2069 eo
1463 2029 1549 2079 die,
1587 2030 1670 2070 vivi

310 2090 417 2144 capti
455 2090 636 2130 sexcenti
673 2097 712 2130 et
745 2091 862 2145 signa
898 2091 1088 2131 militaria
1118 2090 1375 2144 undeviginti
1407 2098 1445 2130 ct
1476 2092 1557 2132 duo
1589 2092 1669 2132 cle-

309 2151 468 2205 phanti,
507 2159 699 2205 quattuor
722 2153 763 2193 in
789 2153 875 2193 acie
907 2153 1049 2202 occisi3
1086 2152 1367 2192 Romanorum
1400 2152 1533 2193 minus
1560 2154 1669 2194 mille

308 2214 523 2254 interfecti.
561 2221 772 2268 posterum
793 2215 901 2255 diem
926 2214 1093 2255 indutiis
1115 2214 1246 2254 tacitis
1274 2214 1509 2267 sepeliendo
1529 2215 1665 2255 utrim-

309 2290 388 2328 que
415 2290 557 2316 caesos
583 2276 625 2315 in
657 2277 742 2316 acie
775 2282 1129 2330 consumpserunt.
1191 2275 1321 2329 spolia
1351 2275 1530 2316 hostium
1555 2276 1663 2316 Mar-

310 2337 456 2386 cellus,
495 2337 683 2379 Vulcano
716 2345 876 2387 votum,
914 2338 1122 2378 cremavit.
1194 2337 1311 2377 tertio
1344 2345 1438 2391 post
1469 2338 1533 2378 die
1558 2363 1591 2367 —
1615 2338 1666 2379 ob

308 2399 410 2439 iram
442 2399 563 2440 credo
595 2400 774 2453 aliquam
811 2407 881 2440 aut
913 2415 1028 2454 spem
1066 2399 1307 2439 liberalioris
1346 2399 1514 2440 militiae
1537 2424 1571 2428 —
1595 2400 1666 2440 du-

310 2461 416 2501 centi
437 2462 697 2516 septuaginta
717 2462 797 2502 duo
818 2462 993 2515 equites,
1020 2461 1138 2502 mixti
1156 2460 1359 2501 Numidae
1383 2460 1458 2515 [et]
1474 2461 1665 2516 Hispani,

310 2522 362 2561 ad
386 2521 631 2562 Blarcellum
657 2523 978 2578 transfugerunt.
1041 2538 1181 2563 eorum
1207 2523 1302 2563 forti
1328 2522 1519 2576 fidelique
1546 2537 1667 2576 opera

310 2583 352 2622 in
388 2598 434 2623 eo
471 2583 577 2624 bello
615 2586 679 2624 usi
716 2592 809 2625 sunt
847 2600 969 2639 saepe
1005 2585 1193 2626 Romani.
1255 2599 1354 2640 ager
1388 2584 1590 2638 Hispanis
1625 2583 1665 2622 in

311 2644 515 2697 Hispania
541 2653 579 2686 et
603 2646 793 2688 Numidis
819 2647 861 2687 in
885 2646 1030 2687 Africa
1053 2654 1148 2701 post
1171 2646 1325 2687 bellum
1357 2646 1516 2687 virtutis
1543 2658 1666 2685 causa

312 2705 430 2745 datus
457 2713 530 2746 est.
