1815 3184
231 1374 272 1404 10

231 1623 264 1651 11

232 1993 272 2024 13

231 2118 271 2148 14

232 2242 272 2272 15

230 2365 269 2394 16

297 199 351 240 56
652 206 805 240 LIBER
830 207 961 250 XXII,
988 207 1018 239 1.
1047 208 1094 248 [a.
1110 217 1144 239 u.
1159 217 1189 239 0.
1203 206 1285 249 537]

382 310 464 350 Per
493 309 601 349 idem
627 315 789 362 tempus
817 307 894 349 Cn.
923 306 1123 348 Servilius
1156 307 1299 348 consul
1322 307 1481 348 Rornae
1511 309 1647 350 idibus

297 372 446 412 Martis
478 370 763 424 magistratum
796 368 896 409 iniit.
957 368 1014 409 ibi
1045 382 1139 409 cum
1170 369 1221 409 de
1250 383 1293 410 re
1324 368 1489 423 publica
1524 377 1651 410 rettu-

297 435 429 482 lisset,
461 432 738 486 redintegrata
761 431 803 471 in
830 429 879 472 C.
905 430 1156 471 Flaminium
1180 430 1335 471 invidia
1359 438 1439 471 est:
1477 431 1580 472 duos
1607 446 1651 472 se

299 494 488 536 eonsules
521 507 701 541 creasse,
739 507 867 532 unum
898 491 1061 532 habere.
1122 493 1233 545 quod
1264 492 1373 532 enim
1403 492 1463 533 illi
1497 493 1651 533 iustum

298 556 526 611 imperium,
553 555 663 608 quod
688 553 917 608 auspicium
944 553 1061 594 esse?
1107 554 1373 608 magistratus
1398 554 1441 594 id
1465 569 1489 594 a
1514 554 1649 603 domo,

297 618 473 674 publicis
499 617 751 672 privatisque
776 615 1017 671 penatibus,
1044 616 1207 656 Latinis
1234 615 1347 656 feriis
1373 616 1494 664 actis,
1528 616 1652 656 sacri-

297 681 390 722 ficio
414 680 456 720 in
481 686 618 719 monte
649 678 845 732 perfecto,
872 678 977 718 votis
1008 678 1083 718 rite
1108 678 1151 718 in
1177 675 1382 732 Capitolio
1406 678 1651 732 nuncupatis

301 757 440 783 secum
465 741 590 782 ferre:
616 755 691 781 nee
716 739 921 794 privatum
947 739 1131 793 auspicia
1156 740 1284 792 sequi,
1311 754 1387 780 nec
1407 739 1494 780 sine
1514 739 1651 793 auspi-

298 805 370 846 ciis
396 803 626 858 profeetum
651 801 692 842 in
713 808 881 842 externo
907 815 956 841 ea
982 800 1068 841 solo
1093 815 1201 842 nova
1225 808 1347 854 atque
1371 801 1531 855 integra
1556 815 1652 841 con-

299 866 432 921 cipere
458 879 593 919 posse.

382 926 609 982 Augebant
627 932 782 966 metum
801 925 989 980 prodigia
1009 939 1060 965 ex
1078 924 1264 979 pluribus
1285 924 1405 965 simul
1429 923 1530 964 locis
1549 937 1653 963 nun-

297 991 412 1031 tiata:
438 990 479 1029 in
495 987 635 1030 Sicilia
656 987 852 1028 militibus
878 987 1033 1040 aliquot
1059 986 1227 1041 spicula,
1248 986 1290 1026 in
1307 985 1497 1027 Sardinia
1515 992 1651 1025 autem

297 1053 339 1092 in
362 1066 479 1092 muro
500 1050 768 1091 circumeunti
786 1049 948 1104 vigilias
975 1049 1101 1102 equiti
1127 1048 1364 1102 scipionem,
1386 1062 1506 1101 quem
1527 1061 1651 1087 manu

296 1120 499 1162 tenuerat,
527 1112 677 1153 arsisse
703 1121 743 1152 et
767 1112 885 1152 litora
910 1111 1062 1152 crebris
1087 1110 1253 1165 ignibus
1279 1110 1446 1151 fulsisse
1471 1116 1511 1149 et
1536 1115 1652 1149 scuta

297 1176 378 1216 duo
405 1174 603 1229 sanguine
630 1174 802 1214 sudasse
822 1181 860 1214 et
885 1173 1034 1214 milites
1055 1172 1255 1226 quosdam
1280 1172 1382 1212 ictos
1408 1170 1650 1211 fulminibus

297 1245 338 1278 et
363 1237 460 1278 solis
487 1236 628 1277 orbem
653 1236 783 1276 minui
807 1236 943 1276 visum
971 1241 1009 1275 et
1028 1234 1253 1275 Praeneste
1278 1233 1467 1274 ardentes
1492 1232 1649 1286 lapides

297 1299 410 1340 caelo
437 1299 635 1339 cecidisse
655 1305 693 1338 et
709 1297 835 1352 Arpis
862 1312 1025 1351 parmas
1050 1297 1092 1336 in
1112 1295 1225 1337 caelo
1244 1296 1354 1335 visas
1380 1302 1652 1349 pugnantem-

297 1376 377 1415 que
403 1376 496 1402 cum
521 1360 620 1400 luna
645 1360 773 1400 solem
794 1367 833 1400 et
849 1359 1042 1413 Capenae
1068 1359 1169 1398 duas
1195 1357 1372 1397 interdiu
1396 1356 1514 1397 lunas
1541 1363 1649 1397 ortas

298 1431 338 1464 et
373 1438 501 1476 aquas
539 1421 734 1462 Caeretes
778 1422 978 1476 sanguine
1019 1420 1169 1460 mixtas
1206 1419 1376 1460 fluxisse
1411 1417 1650 1471 fontemque

295 1486 431 1539 ipsum
462 1484 656 1524 Herculis
689 1484 867 1524 cruentis
905 1497 1095 1523 manasse
1131 1496 1366 1536 respersum
1402 1479 1574 1521 maculis
1611 1486 1651 1520 et

295 1548 337 1588 in
356 1547 517 1587 Antiati
546 1546 794 1587 metentibus
821 1553 1009 1587 cruentas
1035 1546 1076 1586 in
1102 1544 1267 1585 corbem
1294 1543 1428 1598 spicas
1455 1543 1652 1583 cecidisse

297 1618 335 1650 et
360 1609 533 1649 Faleriis
561 1608 719 1649 caelum
750 1607 851 1648 findi
876 1607 987 1648 velut
1013 1621 1165 1662 magno
1189 1606 1304 1646 hiatu
1329 1606 1462 1646 visum
1489 1619 1652 1658 quaque

295 1671 471 1726 patuerit
501 1670 647 1725 ingens
680 1670 818 1710 lumen
844 1669 1068 1719 effulsisse,
1103 1676 1232 1709 sortes
1259 1683 1333 1709 sua
1365 1674 1509 1722 sponte
1540 1667 1654 1707 adte-

296 1740 443 1773 nuatas
479 1747 686 1785 unamque
723 1732 926 1773 excidisse
963 1732 1019 1772 ita
1057 1731 1250 1784 scriptam
1288 1729 1482 1770 ‘Mavors
1525 1729 1652 1769 telum

298 1810 418 1836 suum
444 1795 638 1835 concutit'
664 1802 703 1835 et
727 1810 800 1848 per
823 1794 931 1835 idem
958 1802 1120 1847 tempus
1140 1793 1299 1833 Romae
1325 1793 1489 1846 signum
1502 1790 1651 1831 Martis

297 1857 438 1911 Appia
465 1857 528 1897 via
554 1871 600 1896 ac
628 1857 846 1896 simulacra
876 1856 1066 1910 luporum
1101 1856 1273 1895 sudasse
1300 1862 1338 1894 et
1366 1853 1535 1907 Capuae
1561 1867 1653 1906 spe-

297 1919 400 1959 eie'm
427 1918 529 1958 caeli
555 1918 732 1959 ardentis
759 1918 888 1959 fuisse
914 1918 1117 1970 lunaeque
1136 1917 1241 1957 inter
1260 1915 1433 1956 imbrem
1454 1914 1650 1955 cadentis.

298 1980 392 2020 inde
419 1980 645 2021 minoribus
672 1981 794 2021 etiam
820 1981 932 2020 dictu
956 1979 1155 2034 prodigiis
1181 1978 1283 2018 fides
1309 1977 1468 2018 habita:
1507 1991 1651 2030 capras

296 2041 452 2082 lanatas
473 2042 720 2095 quibusdam
746 2042 876 2083 factas
898 2048 937 2082 et
961 2041 1156 2096 gallinam
1181 2041 1223 2080 in
1243 2054 1410 2087 marem,
1431 2039 1585 2093 gallum
1611 2038 1652 2078 in

299 2104 495 2144 feminam
522 2119 612 2145 sese
632 2104 818 2145 vertisse.
866 2104 943 2152 his,
972 2104 1075 2143 sicut
1097 2110 1210 2143 erant
1235 2102 1431 2150 nuntiata,
1454 2100 1651 2154 expositis

296 2165 614 2219 auctoribusque
650 2167 692 2206 in
729 2166 883 2207 curiam
919 2165 1162 2205 introductis
1195 2164 1336 2205 consul
1374 2163 1424 2203 de
1455 2162 1652 2217 religione

298 2236 433 2282 patres
460 2229 677 2270 consuluit.
738 2229 965 2276 decretum,
999 2235 1041 2268 ut
1068 2243 1115 2268 ea
1139 2227 1327 2282 prodigia
1351 2226 1499 2280 partim
1525 2225 1652 2265 maio-

295 2289 408 2330 ribus
434 2290 592 2339 hostiis‚
618 2291 767 2345 partim
793 2289 1039 2337 lactentibus
1065 2296 1383 2344 procurarentur
1407 2296 1446 2328 et
1470 2287 1530 2327 uti
1556 2301 1652 2340 sup-

296 2351 460 2405 plicatio
480 2367 553 2406 per
571 2352 750 2393 triduum
777 2353 828 2392 ad
848 2351 1232 2406 omnia'pulvinaria
1251 2350 1482 2398 haberetur,
1505 2357 1650 2397 cetera,

297 2428 390 2453 cum
416 2414 637 2455 decemviri
660 2414 785 2455 libros
811 2413 1101 2468 inspexissent,
1127 2420 1172 2453 ut
1197 2413 1253 2453 ita
1278 2412 1432 2460 fierent,
1455 2425 1578 2464 quem
1600 2410 1652 2450 ad

297 2476 465 2515 modum
497 2477 610 2517 cordi
642 2491 733 2517 esse
766 2476 1083 2516 divis‘carmina
1115 2475 1386 2529 profarentur.
1447 2472 1652 2514 decemvi-

295 2552 433 2577 rorum
465 2539 622 2579 monitu
647 2539 856 2580 decretum
882 2545 961 2587 est,
987 2538 1079 2578 Iovi
1109 2538 1284 2592 primum
1312 2538 1465 2578 donum
1495 2536 1651 2576 fulmen

296 2613 465 2639 aureum
501 2602 638 2654 pondo
673 2601 972 2656 quinquaginta
1007 2600 1140 2649 fieret,
1174 2600 1323 2640 Iunoni
1354 2598 1650 2649 Minervaeque

297 2674 349 2700 ex
379 2669 548 2717 argento
579 2663 686 2704 dona
717 2663 909 2704 darentur
940 2671 980 2703 et
1003 2662 1151 2703 Iunoni
1182 2662 1348 2716 reginae
1373 2661 1416 2701 in
1440 2658 1648 2700 Aventino
