1815 3184
275 371 290 398 1

272 554 290 582 2

273 1727 288 1756 7

271 1911 290 1941 8

272 2095 289 2124 9

252 2220 290 2249 10

253 2406 289 2435 11

253 2527 291 2556 12

317 243 370 284 48
679 248 833 283 LIBER
858 248 969 291 XXI,
994 248 1047 281 57.
1077 250 1172 291 [Μ.
1187 258 1217 282 c.
1230 247 1312 291 536]

402 353 543 394 LVII.
599 352 775 392 Romam
812 358 948 391 tantus
985 357 1113 391 terror
1148 364 1198 390 ex
1234 350 1312 390 hac
1345 349 1459 390 clade
1490 351 1669 404 perlatus

317 423 396 464 est,
429 422 473 455 ut
498 415 579 454 iam
605 413 656 453 ad
681 412 824 453 urbem
850 412 1081 452 Romanam
1108 412 1319 452 crederent
1349 411 1509 452 infestis
1543 412 1670 467 signis

315 478 475 518 hostem
496 482 713 515 venturum
733 488 809 514 nec
833 473 1053 526 quicquam
1081 473 1168 527 spei
1193 480 1262 513 aut
1288 473 1428 513 auxilii
1454 487 1564 522 esse,
1591 488 1671 526 quo

317 555 341 580 a
364 538 494 592 portis
519 536 817 588 moenibusque
843 535 925 575 vim
953 542 1148 575 arcerent.
1193 549 1274 576 uno
1300 535 1467 576 consule
1493 535 1545 575 ad
1563 535 1672 575 Tici-

317 615 415 641 num
439 599 565 648 victo,
598 598 724 638 altero
750 612 800 638 ex
828 596 969 638 Sicilia
992 603 1203 645 revocato,
1241 596 1402 637 duobus
1435 596 1677 639 consulibus.

315 661 476 702 duobus
503 659 787 701 consularibus
814 658 1060 699 exercitibus
1088 658 1224 707 vietis,
1263 673 1366 711 quos
1399 657 1500 699 alios
1532 659 1671 707 duces,

315 739 417 777 quas
443 722 543 763 alias
569 721 752 776 legiones
779 735 890 769 esse,
923 735 1027 773 quae
1053 720 1336 761 arcessantur?

402 785 467 825 Ita
491 784 640 825 territis
669 782 939 837 Sempronius
972 781 1116 823 consul
1148 782 1325 822 advenit.
1380 782 1538 837 ingenti
1567 782 1674 836 peri-

315 847 407 888 culo
438 862 510 901 per
542 846 696 886 effusos
728 845 883 899 passim
915 844 967 884 ad
996 844 1278 898 praedandum
1310 844 1491 885 hostium
1516 844 1672 897 equites

316 910 488 950 audacia
507 908 639 963 magis
661 922 785 961 quam
811 906 980 947 consilio
1006 914 1073 947 aut
1101 921 1173 961 spe
1199 906 1367 947 fallendi
1392 906 1672 955 resistendive,

318 972 351 1012 si
382 986 464 1011 non
496 970 672 1018 falleret,
710 978 1013 1023 transgressus,
1050 968 1093 1008 id
1124 968 1234 1021 quod
1266 983 1393 1008 unum
1425 969 1602 1008 maxime
1633 968 1674 1007 in

316 1032 547 1088 praesentia
579 1030 901 1079 desiderabatur,
940 1030 1113 1070 comitiis
1147 1029 1431 1070 consularibus
1457 1029 1606 1070 habitis
1632 1030 1674 1069 in

316 1095 487 1135 hiberna
512 1094 643 1134 rediit.
694 1093 817 1133 creati
843 1092 1033 1133 consules
1057 1090 1134 1132 Cn,
1159 1090 1358 1133 Servilius
1386 1098 1425 1132 et
1452 1090 1500 1132 C.
1521 1091 1674 1132 Flami-

318 1157 409 1197 nius
439 1154 638 1211 [iterum]

405 1217 599 1259 Ceterum
643 1232 691 1257 ne
728 1215 898 1257 hiberna
935 1216 1099 1269 quidem
1138 1216 1335 1257 Romanis
1373 1217 1509 1269 quieta
1546 1219 1672 1265 erant,

316 1279 561 1335 vagantibus
587 1279 742 1333 passim
767 1278 957 1319 Numidis
984 1278 1190 1331 equitibus
1217 1285 1273 1326 et,
1303 1276 1384 1333 [ut]
1412 1293 1599 1332 quaeque
1624 1276 1673 1318 iis

315 1341 571 1396 impeditiora
603 1348 735 1388 erant,
770 1340 986 1381 Celtiberis
1012 1341 1322 1393 Lusitanisque.
1378 1355 1519 1381 omnes
1551 1341 1675 1395 igitur

317 1404 495 1456 undiquc
533 1403 661 1443 clausi
699 1410 951 1442 commeatus
985 1408 1117 1450 erant,
1155 1401 1234 1441 nisi
1265 1416 1368 1454 quos
1400 1401 1516 1442 Pado
1547 1417 1673 1442 naves

319 1464 605 1506 subveherent.
656 1464 883 1517 emporium
914 1478 1040 1517 prope
1073 1463 1327 1503 Placentiam
1365 1462 1443 1504 fuit
1479 1471 1517 1504 et
1553 1478 1674 1518 opere

316 1542 467 1582 magno
488 1526 689 1566 munitum
712 1534 751 1566 et
771 1525 906 1565 valido
927 1525 1133 1566 firmatum
1154 1525 1371 1579 praesidio.
1410 1526 1497 1566 eius
1519 1526 1674 1566 castelli

317 1588 582 1643 expugnandi
609 1603 680 1642 spe
707 1602 801 1628 cum
828 1587 1034 1640 equitibus
1061 1602 1107 1628 ac
1133 1587 1213 1627 levi
1239 1595 1443 1628 armatura
1464 1587 1673 1641 profectus

315 1650 546 1698 Hannibal,
581 1664 673 1690 cum
699 1649 922 1703 plurimum
947 1649 987 1689 in
1014 1649 1184 1689 celando
1209 1649 1371 1704 incepto
1397 1649 1448 1690 ad
1482 1650 1673 1690 effectum

317 1713 403 1767 spei
435 1711 666 1760 habuisset,
699 1718 818 1751 nocte
851 1711 1017 1752 adortus
1050 1726 1131 1751 non
1158 1711 1303 1751 fefellit
1328 1711 1486 1766 vigiles.
1536 1719 1673 1752 tantus

315 1782 482 1828 repente
510 1774 663 1814 clamor
688 1780 749 1813 est
776 1772 981 1821 sublatus,
1008 1780 1052 1813 ut
1071 1773 1307 1813 Placentiae
1328 1787 1490 1826 quoque
1516 1773 1676 1814 audire-

316 1842 392 1876 tur.
441 1835 579 1888 itaque
613 1834 689 1875 sub
721 1834 856 1874 lucem
889 1848 980 1873 cum
1008 1834 1190 1887 equitatu
1217 1834 1359 1874 consul
1386 1835 1526 1874 aderat
1551 1835 1674 1875 iussis

315 1897 515 1950 quadrato
542 1896 704 1950 agmine
729 1895 962 1949 legionibus
990 1896 1117 1948 sequi.
1162 1903 1351 1948 equestre
1376 1896 1537 1936 interim
1557 1910 1675 1950 proe-

315 1959 416 1999 lium
447 1958 732 2006 commissum3
769 1957 809 1997 in
843 1972 925 2010 quo
957 1957 1053 2010 quia
1090 1957 1253 1997 saucius
1286 1957 1498 1997 Hannibal
1534 1972 1672 2012 pugna

316 2020 510 2069 excessit,
542 2034 694 2074 pavore
720 2019 908 2059 hostibus
934 2019 1083 2059 iniecto
1114 2019 1331 2059 defensum
1363 2019 1528 2074 egregie
1558 2034 1676 2073 prae-

317 2083 467 2123 sidium
493 2089 566 2122 est.
615 2095 840 2135 paucorum
867 2080 960 2121 inde
987 2080 1144 2120 dierum
1170 2081 1306 2133 quiete
1335 2088 1498 2134 sumpta
1523 2087 1562 2121 et
1587 2081 1675 2120 vix-

316 2145 414 2184 dum
447 2143 545 2184 satis
580 2150 794 2197 percurato
820 2142 987 2182 vulnere
1014 2143 1066 2182 ad
1090 2142 1350 2183 Victumulas
1376 2142 1674 2197 oppugnandas

316 2206 373 2247 ire
408 2205 554 2260 pergit.
615 2205 657 2244 id
700 2204 927 2258 emporium
964 2204 1162 2244 Romanis
1202 2202 1362 2245 Gallico
1398 2204 1506 2247 bello
1542 2204 1675 2244 fuerat

317 2268 518 2308 munitum
529 2283 538 2316 3
576 2267 670 2307 inde
701 2266 837 2306 locum
869 2266 1231 2318 frequentaverant
1263 2265 1428 2307 adcolae
1460 2266 1577 2306 mixti
1602 2281 1676 2306 un-

316 2331 439 2383 dique
465 2344 516 2369 ex
541 2328 725 2368 finitimis
751 2327 935 2382 populis,
962 2335 1002 2368 et
1028 2335 1113 2368 tum
1140 2335 1268 2368 terror
1291 2328 1601 2382 populationum
1627 2343 1676 2368 eo

316 2392 534 2446 plerosque
572 2405 622 2431 ex
659 2391 768 2445 agris
807 2390 1057 2444 conpulerat.
1106 2389 1227 2430 huius
1259 2390 1421 2445 generis
1460 2390 1675 2430 multitudo

316 2454 428 2493 fama
458 2452 617 2507 inpigre
649 2452 809 2492 defensi
840 2452 892 2492 ad
917 2451 1173 2492 Placentiam
1204 2452 1383 2506 praesidi
1416 2466 1589 2492 accensa
1614 2467 1677 2492 ar-

319 2515 394 2554 mis
429 2514 599 2568 arreptis
634 2513 798 2554 obviam
830 2513 1055 2554 Hannibali
1091 2514 1287 2567 procedit.
1343 2513 1475 2568 magis
1512 2513 1677 2568 agmina

318 2590 441 2628 quam
468 2576 575 2616 acies
608 2576 649 2615 in
681 2575 748 2615 via
779 2581 1069 2615 concurrerunt
1102 2582 1158 2623 et,
1198 2589 1290 2615 cum
1324 2590 1375 2614 cx
1406 2575 1532 2615 altera
1561 2581 1675 2628 parte

319 2636 416 2676 nihil
448 2643 608 2690 praeter
639 2637 889 2677 inconditam
922 2636 1084 2676 turbam
1117 2644 1244 2685 esset,
1282 2636 1324 2676 in
1355 2636 1480 2676 altera
1516 2643 1555 2676 et
1592 2635 1675 2675 dux

320 2698 436 2737 militi
473 2704 511 2738 et
548 2699 642 2739 duci
684 2698 801 2739 miles
845 2698 995 2748 fidens,
1044 2698 1096 2738 ad
1135 2698 1301 2753 triginta
1344 2699 1522 2751 quinque
1564 2696 1675 2736 milia
