1815 3184
458 240 612 274 LIBER
636 240 806 285 XXIIII,
831 239 886 274 45.
905 239 959 274 46.
988 242 1036 283 [a.
1054 238 1188 283 0213]
1420 230 1504 272 209

146 344 188 383 in
213 358 331 397 pace,
369 343 497 385 libera
522 344 572 384 de
598 357 760 397 quoque
785 342 950 384 arbitria
975 357 1096 398 agere
1121 342 1273 392 aiebat,
1312 349 1373 392 ut,
1412 357 1506 384 cum
1532 360 1550 388 5

145 403 248 445 illud
272 406 408 460 potius
435 406 641 461 agendum
666 413 788 459 atque
814 405 1078 460 cogitandum
1105 405 1172 453 sit,
1212 405 1246 445 si
1271 420 1352 458 quo
1382 405 1505 446 modo

146 468 232 508 fieri
258 468 406 522 possit,
443 482 494 508 ne
519 468 589 520 qui
614 468 699 508 soci
724 482 748 507 a
772 467 924 522 populo
956 466 1145 507 Romano
1176 467 1426 516 desciscant,
1464 467 1506 507 id

148 544 229 570 non
255 530 454 584 cogitent,
493 530 784 570 documentum
815 535 952 569 autem
977 529 1135 569 dicatur
1160 529 1283 569 statui
1308 535 1505 583 oportere,

148 592 181 632 si
201 592 292 644 quis
313 592 525 646 resipiscat
546 598 585 632 et
605 592 813 645 antiquam
836 592 1071 632 societatem
1097 592 1299 646 respiciat.
1337 593 1447 645 quod
1473 593 1507 634 si

147 652 258 693 abire
273 653 323 693 ab
338 653 536 694 Romanis
551 653 688 702 liceat,
703 653 833 694 redire
848 653 900 694 ad
914 668 983 694 eos
1004 668 1087 694 non
1099 654 1235 702 liceat,
1252 654 1322 707 qui
1335 654 1507 695 dubium

147 730 252 764 esse,
274 716 373 768 quin
391 715 504 756 brevi
524 715 754 755 desiderata
773 714 823 755 ab
844 715 964 756 sociis
977 715 1167 756 Romana
1186 730 1250 756 res
1271 715 1505 757 foederibus

146 776 315 817 Punicis
349 777 487 818 omnia
516 777 558 817 in
582 777 703 817 Italia
734 776 873 817 iuncta
902 777 1042 818 visura
1072 777 1148 818 sit?
1196 791 1239 817 se
1266 785 1401 818 tamen
1425 792 1507 819 non

146 854 239 879 eum
266 854 376 887 esse,
414 839 484 892 qui
508 838 667 879 Altinio
693 839 789 878 fidei
820 839 1040 891 quicquam
1066 845 1231 880 censeat
1256 839 1504 888 habendum,

147 901 219 941 sed
255 901 432 941 mediam
469 900 823 954 (con)secuturum
861 900 1019 940 consilii
1055 900 1176 940 viam.
1237 915 1369 953 neque
1412 916 1505 942 eum

144 977 218 1016 pro
254 962 370 1003 hoste
406 976 537 1014 neque
573 976 647 1015 pro
685 961 795 1001 socio
831 961 872 1000 in
902 961 1133 1014 praesentia
1164 961 1349 1002 habitum
1379 962 1508 1003 libera

145 1025 331 1065 custodia
360 1024 459 1063 haut
488 1023 630 1077 procul
656 1038 679 1062 a
704 1022 846 1062 eastris
878 1022 1039 1076 placere
1069 1022 1111 1062 in
1136 1023 1272 1075 aliqua
1302 1023 1384 1063 fida
1409 1023 1507 1063 civi-

144 1093 226 1125 tate
253 1085 383 1137 (eum)
410 1084 564 1124 servari
588 1098 661 1137 per
685 1083 781 1123 belli
806 1090 986 1137 tempus3
1023 1090 1255 1137 perpetrato
1286 1083 1394 1124 bello
1420 1091 1506 1124 tum

144 1147 477 1195 consultandum,
504 1152 639 1186 utrum
659 1145 770 1199 prior
788 1144 963 1186 defectio
990 1144 1081 1198 plus
1101 1145 1246 1186 merita
1272 1146 1323 1186 sit
1347 1160 1505 1200 poenae

144 1223 196 1248 an
221 1208 287 1247 hic
311 1207 466 1248 reditus
492 1208 650 1248 veniae.

226 1269 357 1310 Fabio
395 1269 617 1310 adsensum
654 1276 734 1318 est,
786 1268 1036 1322 Calenisque
1072 1268 1218 1324 legatis
1257 1269 1428 1310 traditus
1466 1276 1505 1310 et

142 1332 230 1386 ipse
251 1339 288 1372 et
309 1332 497 1380 comites,
525 1338 564 1373 et
589 1331 675 1372 auri
696 1331 793 1372 satis
813 1346 1010 1386 magnum
1028 1332 1208 1385 pondus,
1236 1332 1347 1385 quod
1366 1346 1507 1373 secum

143 1394 350 1442 attulerat,
388 1394 424 1434 ei
461 1394 615 1434 servari
650 1394 822 1435 iussum.
886 1392 1058 1434 Calibus
1097 1408 1190 1434 eum
1226 1394 1405 1435 interdiu
1441 1409 1506 1435 so-

142 1456 274 1496 lutum
301 1456 491 1496 custodes
524 1455 818 1508 sequebantur,
856 1461 974 1496 nocte
1006 1455 1192 1496 clausum
1217 1455 1504 1497 adservabant.

143 1517 271 1571 Arpis
297 1517 408 1558 domi
432 1517 610 1571 primum
629 1518 851 1558 desiderari
871 1518 1093 1571 quaerique
1113 1524 1175 1559 est
1194 1525 1383 1573 coeptus,
1411 1519 1506 1559 dein

143 1579 255 1619 fama
274 1594 347 1633 per
365 1585 492 1619 totam
511 1578 655 1619 urbem
675 1579 840 1633 volgata
858 1579 1079 1620 tumultum
1098 1587 1142 1620 ut
1155 1580 1338 1634 principe
1352 1581 1506 1621 amisso

143 1641 239 1681 feeit
264 1648 457 1693 metuque
482 1655 618 1681 rerum
642 1655 841 1680 novarum
867 1640 1071 1694 extemplo
1097 1641 1227 1681 nuntii
1252 1642 1380 1682 missi.
1418 1642 1507 1694 qui-

143 1703 221 1743 bus
247 1716 507 1755 nequaquam
538 1701 721 1742 offensus
754 1701 941 1750 Poenus,
979 1702 1075 1754 quia
1107 1708 1146 1742 et
1177 1702 1313 1755 ipsum
1346 1709 1389 1742 ut
1421 1718 1507 1743 am-

143 1764 293 1818 biguae
319 1764 413 1804 fidei
438 1764 571 1803 virum
598 1769 835 1817 suspectum
859 1763 941 1803 iam
966 1764 1124 1817 pridem
1149 1763 1328 1804 habebat
1353 1770 1392 1804 et
1411 1779 1507 1805 cau-

145 1841 231 1866 sam
259 1833 403 1866 nactus
438 1831 523 1865 erat
554 1831 637 1865 tam
669 1825 762 1866 ditis
793 1824 970 1865 hominis
1002 1824 1110 1866 bona
1139 1825 1379 1880 possidendi
1408 1841 1507 1867 ven-

143 1887 368 1940 dendique3
411 1893 590 1927 ceterum
628 1892 672 1926 ut
708 1886 790 1927 irae
827 1886 959 1941 magis
985 1901 1109 1939 quam
1140 1887 1333 1928 avaritiae
1364 1887 1505 1929 datum

143 1949 355 1990 crederent
379 1949 584 1998 homines,
623 1948 904 1989 crudelitatem
941 1963 1103 2002 quoque
1134 1949 1325 2003 pravitati
1350 1950 1507 1990 addidit

144 2011 443 2065 coniugemque
469 2011 556 2051 eius
583 2025 630 2051 ac
655 2010 805 2051 liberos
830 2010 873 2050 in
899 2017 1031 2050 castra
1057 2011 1208 2052 accitos
1217 2042 1228 2060 ,
1266 2011 1505 2064 quaestione

143 2073 255 2126 prius
281 2072 420 2113 habita
445 2078 485 2113 et
508 2072 685 2126 primum
712 2073 761 2112 de
787 2071 887 2126 fuga
905 2070 1050 2120 Altini,
1077 2072 1171 2112 dein
1195 2073 1394 2125 quantum
1419 2073 1506 2113 auri

144 2134 383 2187 argentique
419 2134 530 2174 domi
565 2134 752 2175 relictum
789 2140 916 2182 esset,
968 2133 1065 2174 satis
1103 2134 1278 2188 cognitis
1315 2133 1505 2175 omnibus

144 2196 260 2235 vivos
288 2195 527 2236 combussit.

228 2257 498 2298 XXXXVI.
569 2258 725 2298 Fabius
769 2257 820 2298 ab
865 2256 1067 2299 Suessula
1112 2257 1322 2312 profectus
1365 2256 1505 2311 Arpos

144 2319 321 2373 primum
356 2318 502 2359 institit
537 2334 789 2374 oppugnare.
848 2319 921 2360 ubi
958 2335 1051 2360 cum
1088 2335 1112 2360 a
1147 2319 1383 2374 quingentis
1420 2319 1506 2360 fere

144 2380 334 2435 passibus
379 2388 513 2421 castra
553 2382 784 2435 posuisset,
839 2382 1139 2436 contemplatus
1183 2396 1233 2421 ex
1275 2381 1505 2435 propinquo

145 2442 267 2483 situm
294 2441 406 2483 urbis
433 2443 691 2496 moeniaque,
707 2457 811 2496 quae
826 2458 920 2497 pars
941 2443 1145 2484 tutissima
1163 2442 1380 2483 moenibus
1407 2449 1504 2492 erat,

143 2503 239 2557 quia
280 2504 457 2545 maxime
500 2505 730 2559 neglectam
774 2505 960 2545 custodia
996 2505 1112 2553 vidit,
1162 2519 1211 2545 ea
1245 2504 1506 2558 potissimum

144 2565 314 2620 adgredi
340 2566 492 2606 statuit.
553 2567 799 2621 comparatis
826 2566 1034 2614 omnibus,
1073 2581 1178 2619 quae
1204 2566 1256 2606 ad
1286 2565 1408 2607 urbes
1434 2580 1506 2620 op-

143 2627 387 2682 pugnandas
413 2628 506 2668 usui
532 2634 644 2677 sunt,
672 2629 959 2669 centurionum
977 2627 1124 2669 robora
1149 2643 1200 2669 ex
1219 2634 1303 2669 toto
1324 2628 1506 2669 exercitu

144 2688 295 2743 delegit
332 2689 598 2743 tribunosque
636 2690 744 2732 viros
781 2690 907 2732 fortes
946 2690 1003 2731 eis
1041 2689 1238 2745 praefecit
1281 2696 1319 2731 et
1356 2689 1504 2730 milites

213 2755 276 2782 Livi
300 2756 352 2782 001.
372 2755 406 2782 11.
1240 2755 1282 2789 14

1533 1404 1574 1433 10

1533 1530 1570 1559 11

1533 1901 1572 1930 13

1534 2023 1573 2052 14

1532 2579 1550 2607 2
