1815 3184
516 227 669 262 LIBER
694 227 823 271 XXV,
849 228 879 261 8.
901 227 932 260 9.
961 226 1159 270 [110212]
1435 215 1517 256 223

167 332 247 372 fide
284 338 522 380 sanxerunt,
571 331 720 372 liberos
758 330 1003 371 Tarentinos
1044 330 1157 384 leges
1196 343 1350 382 suaque
1387 328 1523 369 omnia

168 393 377 434 habituros
413 407 546 446 neque
584 393 712 432 ullum
748 391 925 447 vectigal
955 391 1097 432 Poeno
1133 405 1332 444 pensuros
1369 389 1523 443 praesi-

168 455 332 495 diumve
357 455 505 495 invitos
530 461 783 508 recepturos3
809 453 969 507 prodita
989 452 1193 507 praesidia
1209 451 1522 505 Carthaginien-

168 517 274 557 sium
300 517 399 557 fore.
460 517 561 556 111100
585 515 656 556 ubi
681 522 976 564 convenerunt,
1015 521 1112 554 tunc
1136 528 1232 555 vero
1257 513 1522 553 Philemenus

168 578 505 618 consuetudinem
524 583 643 618 nocte
664 576 905 631 egrediundi
923 576 1203 628 redeundique
1223 575 1263 615 in
1282 574 1425 614 urbem
1444 573 1524 614 fre-

167 639 420 692 quentiorem
435 640 581 680 facere.
609 645 649 679 et
668 644 753 679 erat
772 638 949 678 venandi
963 638 1097 678 studio
1111 637 1303 692 insignis,
1320 650 1523 688 canesque

168 708 205 741 01
227 701 329 741 alius
344 707 563 756 apparatus
591 700 849 753 sequebatur,
878 706 1124 754 captumque
1139 699 1265 739 ferme
1286 698 1522 751 aliquidaut

169 762 220 803 ab
251 763 367 803 hoste
400 778 456 803 ex
481 769 722 816 praeparato
760 762 941 802 adlatum
972 760 1217 814 reportando
1248 759 1426 801 donabat
1455 765 1525 799 aut

169 824 376 878 praefecto
390 831 459 865 11111
473 823 712 864 custodibus
726 829 948 877 portarum.
970 829 1089 863 nocte
1105 822 1280 862 maximo
1295 835 1524 861 commeare

168 893 334 939 propter
358 892 512 926 metum
537 885 717 925 hostium
744 884 975 924 credebant.
1033 884 1102 924 ubi
1126 884 1208 923 iam
1234 898 1281 923 eo
1307 888 1525 923 consuetu-

170 947 275 987 dinis
302 947 478 987 adducta
502 961 566 987 res
593 952 666 994 est,
693 951 737 985 111
761 959 1021 998 quocumque
1046 945 1177 984 noctis
1203 950 1385 998 tempore
1407 944 1525 984 sibilo

168 1008 348 1049 dedisset
362 1009 543 1062 signum,
564 1013 680 1061 porta
695 1007 930 1060 aperiretur,
957 1014 1118 1059 tempus
1133 1006 1316 1060 agendae
1336 1005 1394 1045 rei
1408 1005 1526 1044 Han-

167 1069 291 1109 nibali
305 1070 438 1109 visum
453 1075 527 1109 est.
570 1068 692 1108 tridui
706 1068 814 1107 viam
829 1067 968 1108 aberat
976 1083 986 1116 3
1012 1067 1100 1115 ubi,
1122 1081 1203 1119 quo
1222 1067 1357 1106 minus
1377 1066 1523 1105 mirum

167 1137 275 1170 esset
306 1145 388 1170 uno
427 1130 652 1182 eodemque
688 1129 778 1169 loco
818 1129 966 1168 stativa
1003 1142 1095 1168 011111
1133 1134 1215 1167 111111
1255 1127 1325 1167 diu
1361 1126 1523 1175 habere,

167 1205 336 1245 aegrum
358 1190 589 1231 simulabat.
627 1190 826 1230 Romanis
853 1204 1036 1242 quoque,
1064 1189 1135 1242 qui
1159 1189 1200 1229 in
1224 1189 1428 1243 praesidio
1444 1188 1526 1228 Ta-

166 1253 268 1293 renti
289 1258 420 1302 erant,
449 1258 641 1307 suspecta
665 1267 757 1294 esse
782 1253 863 1292 iam
891 1253 1028 1307 segnis
1055 1267 1169 1292 mora
1194 1252 1281 1292 eius
1309 1252 1497 1292 desierat.

251 1314 396 1355 VIIII.
460 1314 655 1356 Ceterum
691 1321 910 1368 postquam
948 1314 1174 1354 Tarentum
1210 1314 1268 1354 ire
1304 1313 1524 1362 constituit,

167 1377 310 1417 decem
347 1376 511 1417 milibus
548 1377 732 1431 peditum
765 1383 888 1430 atque
920 1376 1122 1430 equitum,
1156 1390 1257 1429 quos
1288 1376 1330 1416 in
1362 1375 1528 1429 expedi-

168 1438 275 1478 tione
300 1438 513 1478 velocitate
540 1453 755 1492 corporum
780 1453 827 1479 ac
857 1439 1021 1479 levitate
1054 1453 1259 1479 armorum
1291 1438 1525 1492 aptissimos

169 1513 259 1539 esse
290 1505 401 1539 ratus
434 1506 512 1548 est,
551 1500 707 1548 electis,
747 1507 891 1552 quarta
922 1500 1063 1554 vigilia
1092 1501 1225 1542 noctis
1258 1501 1376 1555 signa
1400 1500 1528 1541 movit

170 1560 489 1614 praemissisque
516 1561 722 1615 octoginta
747 1561 832 1601 fere
857 1562 1047 1602 Numidis
1080 1562 1284 1615 equitibus
1315 1562 1525 1616 praecipit,

170 1630 213 1662 ut
244 1622 518 1663 discurrerent
549 1622 656 1663 circa
686 1623 773 1663 vias
806 1623 1178 1676 perlustrarentque
1215 1624 1352 1664 onmia
1383 1623 1525 1672 oculis,

170 1698 220 1724 ne
245 1683 336 1736 quis
363 1684 588 1738 agrestium
612 1684 754 1737 procul
781 1690 984 1738 spectator
1008 1685 1184 1739 agminis
1206 1685 1383 1726 falleret:
1409 1699 1526 1739 prae-

170 1760 334 1799 gressos
371 1745 646 1794 retraherent,
696 1745 839 1786 obvios
882 1746 1139 1795 occiderent,
1188 1753 1233 1786 ut
1274 1747 1527 1801 praedonum

170 1807 301 1861 magis
328 1822 451 1860 quam
478 1808 679 1848 exereitus
712 1808 861 1848 accolis
894 1807 1052 1861 speeies
1085 1815 1206 1849 esset.
1266 1808 1355 1862 ipse
1379 1808 1528 1862 raptim

170 1869 332 1923 agmine
369 1876 460 1910 acto
496 1870 729 1923 quindecim
766 1870 895 1910 ferme
936 1870 1094 1910 milium
1137 1870 1270 1924 spatio
1308 1877 1441 1911 castra
1477 1870 1528 1910 ab

171 1931 348 1972 Tarento
373 1932 511 1985 posuit
536 1938 575 1972 et
600 1947 650 1972 ne
675 1931 732 1972 ibi
757 1932 923 1985 quidem
949 1932 1153 1982 nuntiato,
1191 1947 1272 1986 quo
1297 1939 1527 1987 pergerent,

170 1999 328 2033 tantum
365 2001 611 2036 convocatos
648 1994 796 2035 milites
835 1994 1010 2043 monuit,
1048 1995 1115 2035 via
1145 2009 1287 2036 omnes
1319 1995 1423 2036 irent
1452 2009 1529 2035 nee

171 2055 326 2095 deverti
352 2069 598 2108 quemquam
625 2063 694 2096 aut
720 2056 916 2096 excedere
943 2056 1126 2097 ordinem
1146 2056 1322 2111 agminis
1343 2063 1530 2110 pateren-

172 2124 236 2155 tur
261 2122 300 2156 et
324 2117 364 2156 in
388 2118 529 2172 primis
561 2119 705 2159 intenti
737 2119 789 2159 ad
819 2119 989 2172 imperia
1020 2119 1257 2173 accipienda
1286 2126 1424 2160 0550111
1447 2133 1529 2159 neu

172 2177 271 2231 quid
295 2178 374 2219 nisi
399 2180 550 2220 ducum
581 2180 697 2221 iussu
728 2180 927 2220 facerent:
967 2195 1010 2221 se
1041 2181 1082 2220 in
1112 2187 1294 2235 tempore
1326 2181 1530 2221 editurum

173 2253 277 2292 quae
303 2240 424 2280 vellet
448 2241 528 2295 agi.
578 2242 721 2282 eadem
747 2241 875 2282 ferme
900 2241 1000 2283 hora
1026 2242 1252 2283 Tarentum
1277 2242 1389 2283 fama.
1412 2257 1529 2296 prae-

173 2308 339 2341 venerat
362 2301 562 2343 Numidas
589 2303 746 2356 equites
771 2318 925 2358 paucos
950 2305 1139 2358 populari
1164 2319 1285 2359 agros
1317 2311 1530 2345 terrorem-

172 2376 251 2415 que
276 2362 356 2403 late
382 2364 612 2418 agrestibus
638 2365 839 2406 iniecisse.
879 2366 931 2406 ad
955 2380 1078 2419 quem
1097 2367 1285 2407 nuntium
1305 2366 1405 2407 nihil
1424 2366 1530 2407 ultra

173 2430 307 2465 motus
343 2425 575 2479 praefectus
612 2426 851 2476 Romanus,
901 2441 1026 2480 quam
1067 2434 1112 2468 ut
1152 2434 1309 2482 partem
1347 2428 1530 2481 equitum

172 2492 336 2539 postero
362 2487 427 2527 die
451 2488 541 2529 luce
566 2488 697 2542 prima
721 2488 877 2530 iuberet
903 2489 1013 2530 exire
1038 2490 1090 2530 ad
1115 2491 1336 2531 arcendum
1361 2490 1532 2545 popula-

173 2548 350 2589 tionibus
380 2549 560 2600 hostem3
598 2551 640 2591 in
671 2556 805 2592 cetera
836 2551 938 2592 adeo
970 2551 1072 2591 nihil
1102 2551 1153 2593 ab
1180 2566 1227 2593 eo
1252 2552 1407 2593 intenta
1432 2567 1527 2593 cura

172 2618 251 2659 est,
278 2617 323 2651 ut
348 2618 489 2653 contra
512 2627 586 2667 pro
611 2619 853 2667 argumento
879 2613 1002 2654 fuerit
1025 2613 1094 2654 illa
1117 2614 1374 2668 procursatio
1387 2613 1530 2654 Numi-

171 2672 333 2721 darum,
377 2673 656 2715 Hannibalem
693 2676 1000 2728 exercitumque
1037 2675 1180 2716 castris
1218 2690 1301 2717 non
1336 2675 1526 2717 movisse.

1552 711 1591 740 10

1552 897 1587 926 11

1554 1081 1592 1110 12

1554 1206 1592 1234 13

1555 1329 1569 1357 1

1558 1574 1576 1603 2

1554 1697 1572 1725 3
