1815 3184
535 241 686 275 LIBER
710 241 836 285 xxv,
862 242 915 275 39.
936 241 988 275 40.
1020 244 1068 285 [a.
1085 242 1218 285 0212]
1472 232 1551 273 261

202 347 307 387 intra
340 351 477 400 portas
515 359 717 385 concursu
764 359 815 384 cx
850 345 944 401 totis
983 345 1126 385 castris
1169 345 1221 384 ad
1257 344 1433 398 primum
1475 343 1557 384 cla-

202 422 357 448 morem
383 413 421 447 et
448 406 666 447 tumultum
697 405 806 447 facto
837 412 953 447 atrox
984 406 1182 460 proelium
1207 406 1344 446 oritur.
1404 405 1556 458 diuque

203 470 425 518 tenuisset,
474 469 515 508 ni
557 474 724 508 cruenta
766 476 881 508 scuta
916 468 1196 509 Romanorum
1238 469 1327 508 visa
1362 467 1558 508 indicium

203 531 366 572 alterius
393 530 519 571 cladis
545 529 696 570 Poenis
723 536 843 583 atque
868 530 962 570 inde
987 544 1181 583 pavorem
1205 530 1453 570 iniecissent.
1491 529 1558 569 hio

203 600 330 633 terror
365 593 407 632 in
443 592 585 646 fugam
628 591 772 631 avertit
809 592 966 631 omnis:
1015 592 1216 645 effusique
1253 606 1334 644 qua
1371 591 1447 631 iter
1482 597 1555 639 est,

202 655 280 695 nisi
316 669 418 707 quos
456 654 601 694 caedes
638 653 858 707 oppressit,
897 661 1100 693 exuuntur
1131 653 1286 694 castris.
1346 654 1402 693 ita
1436 659 1554 693 nocte

202 731 249 757 ac
286 716 350 756 die
387 716 483 756 bina
520 722 653 755 castra
688 715 868 755 hostium
900 725 1134 770 expugnata
1166 716 1291 755 ductu
1315 716 1368 756 L.
1395 715 1555 755 Marcii.

203 778 254 818 ad
279 778 445 832 triginta
476 786 632 831 septem
663 777 774 816 milia
805 776 983 817 hostium
1016 792 1136 818 caesa
1167 784 1308 817 auctor
1339 784 1400 818 est
1433 776 1559 818 Clau-

203 840 313 887 dius,
351 839 420 892 qui
456 838 623 879 annales
654 837 868 878 Acilianos
906 852 956 878 ex
983 836 1143 879 Gracco
1174 839 1215 878 in
1244 839 1443 879 Latinum
1476 853 1559 879 ser-

202 916 365 941 monem
390 900 527 948 vcrtit,
560 906 701 953 captos
728 899 780 939 ad
803 899 913 939 1111110
939 900 1196 953 octingentos
1223 901 1405 954 triginta,
1442 915 1559 955 prae-

202 962 297 1002 dam
332 962 540 1015 ingentem
576 967 772 1014 paratam.
850 960 891 1000 in
928 975 975 1000 ca
1016 960 1145 1001 fuisse
1183 962 1373 1016 clupeum
1413 977 1558 1016 argen-

202 1031 312 1063 teum
337 1023 473 1076 pondo
499 1029 661 1062 centum
687 1021 852 1075 triginta
883 1028 1039 1075 septem
1071 1037 1163 1062 cum
1190 1023 1367 1077 imagine
1393 1023 1558 1063 Barcini

200 1084 489 1124 Hasdrubalis.
549 1083 740 1124 Valerius
766 1083 914 1124 Antias
941 1099 1022 1124 una
1054 1091 1188 1124 castra
1212 1084 1408 1138 Magonis
1441 1091 1560 1138 capta

201 1146 381 1193 tradidit,
433 1151 589 1198 septem
637 1144 748 1184 milia
796 1159 918 1185 caesa
965 1145 1164 1194 hostium3
1231 1146 1356 1187 altero
1404 1146 1558 1200 proelio

200 1207 411 1261 eruptione
447 1213 674 1260 pugnatum
713 1221 807 1247 cum
844 1206 1127 1256 Hasdrubale,
1167 1208 1309 1248 decem
1346 1208 1457 1249 milia
1493 1223 1560 1249 oc-

199 1270 308 1318 cisa,
357 1276 549 1322 quattuor
596 1269 708 1309 milia
756 1275 958 1310 trecentos
1007 1269 1172 1324 triginta
1221 1276 1374 1324 captos.
1458 1270 1558 1311 Piso

199 1331 378 1385 quinque
420 1331 532 1371 milia
573 1330 810 1380 hominum,
861 1345 954 1371 cum
996 1330 1126 1385 Mago
1170 1332 1353 1372 cedentis
1396 1338 1558 1373 nostros

200 1393 330 1433 effuse
357 1399 611 1445 sequeretur,
650 1407 770 1433 caesa
800 1407 851 1433 ex
881 1393 1040 1434 insidiis
1074 1393 1225 1434 scribit.
1286 1395 1395 1448 apud
1427 1395 1558 1435 omnis

200 1469 396 1509 magnum
427 1468 578 1494 nomen
607 1453 756 1494 Marcii
787 1455 903 1495 ducis
936 1462 1008 1495 est.
1071 1462 1109 1495 et
1140 1470 1259 1496 verae
1291 1456 1445 1510 gloriae
1471 1456 1558 1497 eius

200 1516 323 1556 ctiam
370 1516 566 1556 miracula
613 1516 792 1565 addunt,
853 1517 1061 1557 flammam
1110 1518 1147 1558 ei
1196 1519 1447 1559 contionanti
1494 1518 1559 1559 fu-

202 1593 289 1618 sam
321 1592 341 1617 e
378 1577 509 1631 capite
542 1577 628 1617 sine
654 1578 783 1631 ipsius
823 1593 946 1619 sensu
984 1594 1077 1619 cum
1107 1595 1259 1634 magno
1295 1595 1447 1634 pavore
1483 1582 1560 1621 cir-

201 1639 492 1680 cumstantium
540 1638 739 1687 militum,
799 1640 1179 1693 monimentumque
1226 1641 1420 1681 victoriae
1469 1642 1555 1683 eius

201 1701 251 1741 de
298 1700 449 1740 Poenis
496 1715 628 1753 usque
675 1701 727 1740 ad
774 1701 987 1741 incensum
1035 1700 1286 1756 Capitolium
1339 1703 1469 1744 fuisse
1517 1704 1556 1744 in

201 1762 352 1816 templo
384 1762 559 1816 clipeum
592 1757 797 1803 Marcium
829 1763 1078 1818 appellatum
1111 1778 1203 1804 cum
1235 1764 1414 1820 imagine
1446 1765 1558 1807 Has-

202 1824 396 1865 drubalis.

287 1886 462 1938 Quietae
505 1887 650 1927 deinde
693 1887 945 1940 aliquamdiu
986 1888 1028 1928 in
1069 1888 1275 1943 Hispania
1316 1904 1381 1931 res
1428 1889 1556 1938 fuere,

201 1948 383 2001 utrisque
414 1955 506 2002 post
536 1955 668 1989 tantas
700 1949 741 1989 in
773 1950 904 1990 vicem
936 1957 1124 2004 acceptas
1155 1951 1384 2004 inlatasque
1421 1952 1557 1992 clades

201 2010 486 2050 cunctantibus
512 2011 740 2064 periculum
767 2026 951 2052 summae
975 2027 1113 2052 rerum
1138 2013 1285 2054 facere.

284 2072 488 2112 XXXX.
559 2072 675 2113 Dum
711 2073 811 2113 hacc
848 2074 890 2113 in
925 2073 1132 2128 Hispania
1172 2081 1394 2129 geruntur,
1443 2075 1557 2116 Mar-

202 2133 328 2173 cellus
360 2135 487 2187 captis
516 2134 753 2189 Syracusis,
792 2150 883 2176 cum
916 2144 1050 2177 cetera
1079 2137 1122 2177 in
1156 2136 1298 2178 Sicilia
1334 2145 1446 2178 tanta
1476 2138 1557 2178 fide

202 2201 323 2247 atque
354 2195 585 2250 integritate
617 2198 934 2251 composuisset,
971 2205 1016 2238 ut
1045 2214 1127 2239 non
1159 2199 1281 2239 modo
1320 2215 1437 2240 suam
1469 2200 1558 2254 glo-

200 2256 320 2304 riam,
371 2257 443 2297 sed
491 2258 613 2298 etiam
660 2259 916 2299 maiestatem
964 2260 1105 2314 populi
1152 2260 1329 2301 Romani
1377 2269 1556 2316 augeret,

201 2325 439 2359 ornamenta
469 2319 601 2368 urbis,
652 2320 770 2375 signa
806 2321 1067 2375 tabulasque,
1106 2322 1256 2375 quibus
1293 2322 1558 2364 abundabant

203 2378 452 2433 Syracusae,
489 2381 666 2422 Romam
703 2383 883 2431 devexit,
921 2383 1100 2424 hostium
1132 2385 1297 2437 quidem
1328 2384 1397 2425 illa
1428 2385 1558 2439 spolia

201 2448 239 2482 et
265 2448 380 2495 parta
404 2441 499 2483 belli
524 2443 628 2492 iure3
666 2450 846 2484 ceterum
871 2444 966 2485 inde
990 2446 1167 2499 primum
1199 2446 1358 2486 initium
1384 2447 1558 2488 mirandi

202 2501 454 2544 Graecarum
501 2505 647 2545 artium
690 2520 813 2560 opera
854 2506 1122 2560 licentiaeque
1165 2508 1260 2549 huic
1303 2523 1418 2548 sacra
1464 2524 1558 2563 pro-

200 2564 378 2617 fanaque
403 2566 539 2606 omnia
563 2567 688 2621 vulgo
715 2568 915 2622 spoliandi
942 2569 1095 2610 factum
1122 2577 1195 2619 est,
1224 2584 1328 2623 quae
1347 2576 1556 2625 postremo

199 2626 241 2666 in
277 2626 485 2668 Romanos
529 2628 651 2677 deos,
701 2630 897 2684 templum
938 2631 979 2671 id
1015 2631 1151 2686 ipsum
1192 2632 1394 2686 primum,
1443 2633 1554 2686 quod

1584 419 1624 448 10

1585 543 1621 571 11

1587 976 1625 1004 13

1588 1099 1626 1126 14

1589 1283 1626 1311 15

1588 1407 1626 1436 16

1586 1655 1624 1684 17

1587 1904 1625 1933 18

1583 2399 1601 2428 10
