1815 3184
484 228 637 263 LIBER
661 228 791 271 xxx,
818 227 872 261 15.
894 227 946 262 16.
974 229 1022 270 [a.
1039 225 1173 269 0203]
1413 216 1496 256 499

155 349 179 374 a
203 348 365 387 quoque
390 340 541 374 novata
566 347 691 387 opera
715 339 818 381 erat,
845 330 997 373 donati.
1057 329 1120 370 his
1147 329 1370 370 honoribus
1394 328 1497 369 mol·
1526 342 1563 371 14

155 396 251 436 litur
275 395 384 450 regis
411 395 588 443 animus,
626 401 867 446 erectusque
892 394 934 433 in
966 407 1082 447 spem
1105 391 1378 448 propinquam
1402 391 1500 432 sub-

155 457 238 498 lato
265 457 457 511 »Syphace
484 456 616 497 onmis
640 455 858 497 Numidiae
882 454 1117 510 potiundae.

239 518 365 560 XVI.
427 517 566 572 Scipio
593 516 642 558 C.
669 517 815 558 Laelio
848 532 941 557 cum
967 515 1160 570 Syphace
1190 515 1346 568 alisque
1372 513 1499 569 capti·
1527 528 1541 556 1

157 580 218 620 vis
243 580 422 621 Romam
446 580 592 628 misso,
625 593 718 619 cum
743 579 890 632 quibus
916 586 957 619 et
979 577 1233 618 Masinissae
1257 576 1383 631 legati
1405 591 1501 631 pro-

154 642 251 682 fecti
284 650 397 690 sunt,
434 642 522 696 ipse
555 641 607 681 ad
637 641 801 695 Tyneta
829 656 971 681 rursus
1003 647 1139 680 castra
1168 639 1294 679 refert
1325 645 1365 679 et
1394 652 1499 691 quae

154 702 410 743 munimenta
446 703 711 745 incohaverat
735 702 953 757 permunit.
1027 701 1393 755 Carthaginienses
1418 715 1501 740 non
1527 713 1545 742 2

155 766 269 805 brevi
296 766 446 814 solum,
479 765 552 806 sed
575 780 703 820 prope
729 780 834 805 vano
860 764 1010 819 gaudio
1037 765 1088 804 ab
1114 763 1213 804 satis
1237 777 1436 818 prospera
1459 762 1502 802 in

153 842 349 882 praesens
376 827 681 882 oppugnatione
713 827 857 868 classis
882 826 1058 882 perfusi,
1095 834 1191 881 post
1215 826 1368 866 famam
1393 824 1501 879 capti

156 889 381 943 Syphacis,
419 889 460 929 in
486 904 566 942 quo
596 889 689 943 plus
714 904 843 944 prope
874 904 996 942 quam
1020 889 1062 928 in
1086 887 1353 928 Hasdrubale
1378 893 1500 939 atque

153 951 335 991 exercitu
361 966 434 992 suo
460 950 548 1005 spei
572 958 855 1005 reposuerunt,
881 950 1077 1004 perculsi,
1103 950 1185 990 iam
1204 949 1315 990 nullo
1336 956 1501 989 auctore
1528 960 1546 990 3

152 1013 250 1053 belli
286 1013 392 1053 ultra
427 1013 564 1053 audito
601 1020 783 1053 oratores
821 1012 873 1052 ad
902 1026 1048 1066 pacem
1078 1012 1300 1066 petendam
1335 1010 1503 1051 mittunt

154 1075 322 1129 triginta
353 1074 559 1114 seniorum
588 1073 806 1128 principes.
866 1073 909 1113 id
940 1081 1026 1113 erat
1057 1073 1238 1113 sanctius
1270 1073 1381 1126 apud
1409 1072 1500 1112 illos

154 1137 371 1177 consilium
400 1135 661 1188 maximaque
693 1136 744 1175 ad
775 1135 911 1190 ipsum
943 1143 1132 1175 senatum
1162 1135 1390 1189 regendum
1425 1135 1500 1175 vis.

154 1198 223 1251 qui
247 1197 317 1237 ubi
345 1197 388 1237 in
418 1205 553 1237 castra
575 1197 767 1237 Romana
792 1204 832 1237 et
860 1196 902 1236 in
932 1196 1183 1251 praetorium
1212 1204 1501 1250 pervenerunt,
1527 1210 1548 1237 4

150 1275 264 1302 more
295 1259 549 1300 adulantium
572 1285 605 1288 —
629 1267 817 1314 accepto,
855 1260 994 1308 credo,
1032 1259 1113 1300 ritu
1149 1274 1201 1299 ex
1237 1274 1286 1299 ea
1320 1258 1502 1313 regione,

151 1337 204 1363 ex
229 1337 310 1375 qua
334 1322 494 1363 oriundi
524 1330 639 1362 erant
663 1347 695 1350 -
719 1322 1036 1376 procubuerunt.
1098 1320 1346 1361 conveniens
1373 1320 1501 1361 oratio
1528 1332 1547 1362 5

153 1392 237 1424 tam
262 1384 405 1424 humili
430 1384 655 1424 adulationi
680 1384 775 1432 fuit,
812 1399 895 1424 non
921 1384 1083 1438 culpam
1108 1383 1391 1438 purgantium,
1430 1383 1504 1423 sed

152 1446 486 1486 transferentium
521 1446 682 1486 initium
718 1446 862 1500 culpae
892 1445 934 1485 in
960 1446 1238 1486 Hannibalem
1275 1445 1503 1500 potentiae-

153 1523 231 1562 que
269 1508 356 1548 eius
394 1508 589 1549 fautores.
650 1507 815 1548 veniam
852 1507 1007 1547 civitati
1035 1508 1233 1562 petebant
1262 1507 1413 1547 civium
1444 1515 1503 1548 te-
1529 1519 1546 1548 6

151 1569 338 1610 meritate
362 1569 425 1610 bis
451 1569 532 1609 iam
554 1584 736 1618 eversae,
761 1569 956 1609 incolumi
976 1569 1136 1609 futurae
1155 1569 1303 1609 iterum
1322 1569 1503 1609 hostium

151 1631 374 1673 beneficio:
433 1631 650 1686 imperium
692 1646 744 1672 ex
786 1630 905 1671 victis
952 1630 1139 1671 hostibus
1181 1631 1380 1685 populum
1416 1631 1502 1672 Ro-
1530 1642 1545 1670 7

151 1709 337 1743 manum,
374 1709 457 1734 non
482 1694 704 1749 perniciem
727 1701 880 1748 petere.
940 1693 1093 1748 paratis
1126 1693 1391 1735 oboedienter
1417 1707 1502 1733 ser-

151 1757 237 1797 vire
261 1756 482 1811 imperaret
511 1771 615 1809 quae
646 1756 782 1797 vellet.
844 1754 984 1810 Scipio
1016 1763 1057 1795 et
1086 1755 1250 1795 venisse
1282 1770 1331 1795 ea
1362 1769 1434 1810 spe
1459 1755 1501 1795 in
1527 1766 1545 1796 8

150 1819 340 1860 Africam
384 1834 428 1860 se
471 1819 526 1859 ait
569 1826 609 1860 et
651 1834 768 1874 spem
810 1834 926 1859 suam
968 1832 1165 1873 prospero
1214 1817 1310 1858 belli
1351 1824 1502 1858 eventu

152 1890 332 1931 auctam,
370 1881 582 1922 victoriam
609 1896 672 1930 se,
710 1896 792 1922 non
821 1896 967 1935 pacem
999 1881 1168 1921 domum
1197 1887 1502 1934 reportaturum

151 1959 256 1985 esse.
317 1952 473 1993 tamen,
519 1958 613 1984 cum
643 1943 856 1985 victoriam
885 1958 1013 1998 prope
1043 1943 1085 1982 in
1115 1942 1304 1982 manibus
1337 1941 1500 1990 habeat,
1527 1952 1545 1981 9

150 2021 296 2062 pacem
331 2021 414 2048 non
452 2007 650 2055 abnuere,
687 2014 732 2046 ut
762 2020 905 2047 omnes
938 2013 1083 2060 gentes
1116 2004 1264 2053 sciant,
1302 2004 1502 2059 populum

150 2069 386 2109 Romanum
417 2077 458 2109 et
483 2068 690 2123 suscipere
722 2068 828 2108 iuste
853 2068 962 2108 bella
987 2075 1027 2108 et
1056 2067 1186 2107 finire.
1245 2066 1360 2121 leges
1386 2066 1499 2121 pacis
1528 2077 1568 2105 10

153 2146 196 2171 se
234 2131 308 2172 has
346 2131 505 2172 dicere:
555 2131 738 2186 captivos
772 2140 811 2171 et
840 2131 1037 2185 perfugas
1077 2137 1117 2170 et
1153 2129 1350 2184 fugitivos
1382 2128 1502 2170 resti-

151 2201 286 2242 tuant3
330 2193 533 2234 exereitus
566 2208 617 2234 ex
640 2193 762 2233 Italia
793 2200 833 2233 et
860 2192 998 2233 Gallia
1028 2192 1252 2240 deducant3
1295 2190 1504 2246 Hispania

153 2255 408 2304 abstineant3
456 2255 602 2296 insulis
640 2255 850 2304 omnibus,
900 2269 1004 2308 quae
1040 2254 1145 2295 inter
1179 2253 1343 2294 Italiam
1379 2261 1501 2306 atque

151 2316 340 2356 Africam
379 2317 482 2366 sint,
533 2317 734 2358 decedant
747 2333 756 2366 3
806 2331 933 2357 naves
970 2316 1116 2371 longas
1158 2322 1320 2370 praeter
1356 2314 1501 2370 viginti
1528 2326 1566 2356 11

152 2393 294 2418 omnes
333 2379 514 2428 tradant,
553 2379 675 2419 tritici
711 2379 955 2434 quingenta,
992 2377 1136 2419 hordei
1173 2385 1354 2418 trecenta
1390 2376 1502 2417 milia

152 2440 347 2481 modium.
385 2441 584 2496 pecuniae
611 2456 814 2482 summam
839 2448 1034 2494 quantam
1055 2440 1329 2495 imperaverit,
1355 2454 1501 2494 parum
1527 2451 1566 2481 12

152 2503 366 2551 eonvenit3
416 2503 512 2544 alibi
553 2503 732 2557 quinque
768 2503 880 2543 milia
915 2503 1138 2551 talentum,
1187 2502 1284 2542 alibi
1320 2502 1499 2554 quinque

151 2564 263 2605 milia
298 2565 436 2620 pondo
473 2566 650 2620 argenti,
695 2565 791 2606 alibi
828 2566 980 2620 duplex
1018 2564 1267 2619 stipendium
1301 2564 1497 2605 militibus

151 2627 395 2682 imperatum
420 2627 597 2668 invenio.
649 2627 730 2668 ‘his
757 2627 1084 2669 condicionibus'
1110 2626 1243 2680 inquit
1268 2627 1497 2682 ‘placeatne
1525 2640 1564 2670 13

151 2705 256 2744 an,
305 2689 485 2731 triduum
523 2690 575 2731 ad
610 2690 926 2732 consultandum
968 2689 1143 2731 dabitur.
1215 2689 1250 2730 si
1285 2689 1495 2744 placuerit,

1198 2756 1266 2789 32*
