1815 3184
511 248 665 283 LIBER
690 248 834 292 XXVI,
860 247 983 281 5051.
1012 250 1061 291 [a.
1077 246 1210 290 C.210]
1452 237 1530 278 321

184 366 320 393 amore
346 376 379 381 -
403 357 442 392 et
466 366 548 392 non
572 365 636 391 res
668 350 833 405 publiea
858 351 1039 392 animum
1070 356 1255 391 nostrum
1280 355 1533 404 occupasset,

184 414 346 454 veniam
372 414 471 454 mihi
495 413 583 453 dari
609 427 802 466 sponsam
828 413 1053 466 impensius
1080 412 1233 452 amanti
1258 412 1423 460 vellem,
1451 418 1533 460 tuo,

185 476 299 515 cuius
336 490 525 529 possum,
564 474 691 514 amori
727 474 859 515 faveo.
920 474 997 514 fuit
1033 488 1185 527 sponsa
1219 480 1289 514 tua
1325 473 1434 527 apud
1471 487 1535 513 me
1561 486 1580 516 6

185 537 328 577 cadem
358 551 439 589 qua
468 536 579 590 apud
610 550 773 576 soceros
804 542 896 576 tuos
927 535 1188 589 parentisque
1219 549 1316 575 suos
1342 548 1537 575 verecun-

185 599 270 647 dia3
315 603 475 638 servata
500 597 573 637 tibi
598 603 677 645 est,
716 603 760 637 ut
789 597 1028 637 inviolatum
1061 603 1100 636 et
1132 597 1301 650 dignum
1326 610 1391 636 me
1416 601 1536 648 teque

186 660 273 699 dari
308 659 380 699 tibi
416 659 569 699 donum
604 666 756 712 posset.
817 658 923 699 hanc
959 658 1189 698 mercedem
1227 672 1348 698 unam
1384 672 1456 712 pro
1488 672 1535 697 eo
1564 670 1580 699 7

187 735 354 761 munere
390 720 592 774 paciscor:
636 720 791 760 amicus
822 719 974 774 populo
1004 719 1192 760 Romano
1223 719 1278 759 sis
1311 725 1367 767 et,
1406 719 1440 759 si
1472 733 1537 759 me

186 782 318 821 virum
361 780 513 821 bonum
556 782 686 821 credis
729 795 843 829 esse,
893 780 1024 833 qualis
1066 787 1222 834 patrem
1263 787 1547 834 patruumque-

187 857 323 881 meum
353 842 436 882 iam
466 848 558 882 ante
588 841 664 881 hae
697 848 841 895 gentes
867 848 1030 890 norant,
1069 841 1195 890 scias,
1232 841 1382 881 multos
1408 841 1536 881 nostri

187 903 339 944 similes
365 903 407 943 in
433 902 595 943 civitate
619 903 808 943 Romana
833 917 924 942 esse
955 917 1030 942 neo
1055 903 1183 942 ullum
1208 903 1250 942 in
1275 902 1390 943 terris
1415 902 1536 942 hodie
1560 910 1580 940 8

185 964 383 1018 populum
408 964 488 1003 dici
513 977 652 1017 posse,
679 977 801 1015 quem
826 963 960 1003 minus
987 963 1059 1003 tibi
1085 963 1245 1003 hostem
1264 963 1426 1016 tuisque
1446 977 1537 1004 esse

187 1025 288 1065 velis
326 1030 395 1064 aut
431 1025 607 1064 amicum
643 1023 788 1064 malis.'
859 1023 1100 1064 adulescens
1144 1024 1264 1064 simul
1306 1025 1460 1077 pudore
1497 1032 1537 1064 et
1562 1033 1580 1063 9

186 1087 338 1142 gaudio
368 1086 579 1140 perfusus,
617 1086 803 1126 dextram
830 1084 1035 1139 Scipionis
1068 1093 1228 1135 tenenS,
1268 1086 1366 1127 deos
1403 1087 1535 1126 omnis

185 1149 376 1188 invocare
401 1148 453 1187 ad
477 1147 651 1201 gratiam
675 1147 733 1187 illi
757 1162 830 1200 pro
857 1162 900 1187 se
925 1147 1201 1196 referendam,
1239 1148 1432 1200 quoniam
1459 1148 1537 1188 sibi

184 1223 443 1262 nequaquam
469 1209 566 1248 satis
593 1208 798 1249 facultatis
819 1223 892 1262 pro
913 1223 987 1249 suo
1007 1209 1143 1249 animo
1163 1216 1284 1261 atque
1304 1209 1412 1249 illius
1439 1224 1537 1263 erga

185 1285 229 1312 se
254 1277 375 1311 esset.
424 1276 612 1324 parentes
637 1270 731 1310 inde
757 1270 1001 1324 cognatique
1027 1270 1195 1324 virginis
1216 1270 1407 1324 appellati
1417 1287 1426 1320 ;
1453 1271 1534 1323 qui,
1565 1280 1605 1309 10

185 1332 379 1384 quoniam
403 1332 530 1386 gratis
557 1331 635 1372 sibi
663 1332 902 1372 redderetur
931 1332 1065 1386 virgo,
1105 1333 1156 1372 ad
1187 1347 1310 1385 quam
1334 1333 1538 1373 redimen-

185 1394 280 1433 dam
319 1393 416 1433 satis
453 1408 649 1447 magnum
685 1393 917 1433 attulissent
953 1394 1041 1433 auri
1076 1394 1257 1447 ponduS,
1295 1409 1410 1435 orare
1448 1394 1538 1436 Sci-
1565 1403 1602 1432 11

185 1456 367 1509 pionem,
411 1461 455 1494 ut
490 1455 532 1494 id
561 1454 613 1495 ab
646 1470 689 1495 se
721 1455 873 1495 donum
904 1455 1105 1509 acciperet
1141 1462 1378 1510 coeperunt,
1427 1456 1538 1497 haud

187 1516 385 1556 minorem
421 1516 507 1556 eius
543 1516 602 1556 rei
637 1517 746 1570 apud
783 1531 826 1557 se
863 1517 1037 1570 gratiam
1073 1517 1253 1557 futuram
1290 1532 1381 1558 esse
1418 1518 1538 1558 adfir-

186 1584 345 1618 mantes
382 1592 506 1630 quam
541 1578 722 1618 redditae
753 1578 971 1618 inviolatae
1002 1578 1106 1618 foret
1136 1579 1319 1633 virginis.
1382 1578 1535 1633 Scipio,
1566 1590 1604 1618 12

186 1639 350 1691 quando
392 1645 503 1679 tanto
545 1653 666 1693 opere
708 1645 891 1693 peterent
933 1647 1195 1693 accepturum
1238 1655 1282 1681 se
1317 1640 1534 1693 pollicitus,

185 1701 282 1754 poni
319 1707 411 1740 ante
442 1700 568 1754 pedes
599 1700 719 1740 iussit
751 1706 976 1753 vocatoque
1013 1701 1065 1741 ad
1102 1716 1145 1741 se
1182 1700 1356 1742 Aluccio
1395 1706 1537 1756 ‘super

186 1762 354 1810 dotem‚'
385 1762 516 1814 inquit
542 1765 683 1815 ‘quam
709 1768 949 1815 accepturus
975 1778 999 1802 a
1025 1777 1165 1803 socero
1191 1777 1253 1810 es,
1290 1763 1391 1803 haec
1417 1763 1489 1804 tibi
1514 1779 1538 1804 a

185 1838 250 1862 me
276 1823 426 1863 dotalia
451 1823 558 1863 dona
583 1823 793 1864 accedent'
819 1838 1045 1876 aurumque
1065 1823 1204 1864 tollere
1223 1838 1270 1864 ac
1290 1824 1367 1864 sibi
1386 1824 1537 1866 habere

185 1885 316 1925 iussit.
388 1884 451 1924 his
487 1885 616 1925 lactus
654 1885 770 1925 donis
802 1884 1106 1937 honoribusque
1138 1885 1332 1926 dimissus
1369 1886 1537 1927 domum
1566 1898 1604 1927 13

184 1946 368 1999 implevit
393 1947 600 2000 popularis
625 1946 815 1987 laudibus
842 1946 995 1986 meritis
1025 1946 1249 2001 Scipionis:
1287 1948 1449 1989 venisse
1474 1949 1537 1989 dis

187 2008 438 2049 simillimum
469 2009 675 2057 iuvenem,
712 2009 943 2049 vincentem
974 2009 1110 2049 omnia
1142 2024 1234 2050 culn
1271 2010 1412 2058 armis,
1451 2017 1538 2049 tum

185 2068 436 2123 benignitate
462 2084 509 2110 ac
536 2069 755 2111 beneficiis.
816 2070 951 2123 itaque
984 2071 1134 2111 dilectu
1165 2071 1372 2111 clientium
1397 2071 1536 2112 habito
1565 2084 1604 2114 14

187 2144 280 2169 eum
305 2130 471 2171 delectis
498 2131 606 2172 mille
633 2138 671 2171 et
695 2132 1003 2186 quadringentis
1030 2132 1234 2185 equitibus
1260 2133 1365 2173 intra
1383 2147 1537 2187 paucos

187 2192 273 2232 dies
300 2192 351 2232 ad
378 2191 615 2246 Scipionem
639 2194 816 2234 revertit.

271 2253 347 2294 LI.
410 2253 550 2308 Scipio
586 2262 788 2296 retentum
826 2270 964 2296 secum
996 2256 1188 2296 Laelium
1225 2256 1322 2296 dum
1353 2258 1536 2311 captivos
1565 2270 1579 2298 1

187 2315 434 2368 obsidesque
466 2326 505 2356 et
535 2317 729 2370 praedam
754 2332 805 2357 ex
836 2318 1005 2358 consilio
1037 2318 1123 2358 eius
1150 2318 1400 2371 disponeret,
1439 2319 1536 2360 satis
1563 2332 1581 2362 2

187 2376 376 2417 omnibus
391 2378 642 2431 compositis,
669 2379 764 2419 data
782 2379 1072 2432 quinquereme
1087 2379 1341 2433 captivisque
1355 2379 1538 2434 Magone

187 2445 225 2477 ct
256 2438 491 2490 quindecim
527 2439 612 2480 fere
650 2440 924 2489 senatoribus,
962 2441 1032 2493 qui
1070 2441 1191 2481 simul
1223 2455 1315 2481 cum
1347 2456 1395 2481 eo
1431 2442 1539 2496 capti

187 2507 322 2548 crant,
377 2501 419 2540 in
466 2516 614 2541 navem
661 2502 847 2555 inpositis
895 2502 1084 2542 nuntium
1131 2502 1324 2542 victoriae
1360 2502 1537 2543 Romam

185 2561 319 2601 mittit.
380 2562 469 2616 ipse
499 2577 652 2616 paucos
685 2564 790 2612 dies,
828 2564 977 2617 quibus
1003 2564 1152 2604 morari
1179 2563 1429 2618 Carthagine
1456 2570 1537 2605 sta·
1562 2577 1581 2606 3

185 2629 335 2671 tuerat,
385 2625 623 2665 exercendis
662 2625 876 2666 navalibus
919 2625 1258 2680 pedestribusque
1301 2626 1429 2679 copiis
1466 2626 1538 2667 ab-

185 2685 371 2738 sumpsit.
431 2686 562 2739 primo
599 2687 664 2728 die
700 2687 883 2742 legiones
919 2689 962 2728 in
997 2687 1120 2728 armis
1152 2693 1344 2741 quattuor
1378 2687 1535 2729 milium
1561 2702 1580 2730 4

253 2751 316 2778 Livi
336 2751 389 2778 voe.
407 2751 442 2778 11.
1267 2753 1311 2786 21
