1815 3184
527 215 681 250 LIBER
706 214 833 258 xxv,
860 212 987 248 14.15.
1015 215 1063 256 [a.
1079 211 1118 248 c.
1132 211 1214 255 212]
1468 200 1549 241 231

202 320 310 363 sules
335 345 368 349 --
392 334 488 360 nam
513 325 552 360 et
581 318 664 373 Ap.
693 317 891 359 Claudius
918 330 966 356 eo
990 320 1083 370 post
1107 328 1261 369 paucos
1287 313 1374 354 dies
1400 313 1557 353 venit—

201 382 471 423 vendiderunt
497 380 816 433 diviseruntque.
855 385 894 419 et
919 378 1058 419 donati
1083 391 1255 430 quorum
1275 390 1399 430 opera
1424 381 1557 416 castra

201 444 381 484 hostium
418 449 537 497 capta
573 448 705 490 erant,
753 447 846 481 ante
883 439 984 480 alios
1015 438 1182 479 Accaus
1213 437 1456 491 Paeligmoe,
1506 436 1555 476 T.

201 505 408 546 Pedanius
445 505 633 558 princeps
671 503 810 544 tertiae
846 501 1032 556 legionis.
1093 499 1246 541 Hanno
1283 499 1334 540 ab
1367 498 1557 540 Cominio

204 566 367 615 Ocrito,
405 580 486 618 quo
522 565 707 605 nuntiata
743 570 969 604 castrorum
1006 562 1142 603 clades
1173 569 1253 610 est,
1276 575 1385 601 <cum
1415 559 1557 614 paucis

201 626 582 675 frumentatoribus,
610 641 712 678 quos
738 625 842 666 forte
868 639 1007 665 secum
1033 623 1248 673 habuerat,
1274 623 1399 677 fugae
1425 621 1557 675 magis

202 704 325 743 quam
350 690 503 730 itineris
530 689 652 729 modo
677 688 719 728 in
743 687 928 728 Bruttios
954 686 1085 727 rediit.

285 751 387 791 XV.
458 750 514 791 Et
552 750 756 803 Campani
798 749 937 789 audita
973 763 1047 788 sua
1089 747 1239 801 pariter
1275 746 1559 798 sociorumque

203 813 318 853 clade
353 812 511 867 legatos
549 812 601 852 ad
637 810 917 851 Hannibalem
954 809 1169 857 miserunt,
1208 808 1279 861 qui
1314 807 1558 854 nuntiarent,

203 875 306 915 duos
344 874 533 915 consules
571 873 624 913 ad
660 873 947 912 Beneventum
984 885 1075 910 esse
1112 869 1193 910 diei
1228 869 1304 910 iter
1340 884 1364 909 a
1401 867 1560 922 Capua,

205 942 361 976 tantum
386 950 468 975 non
492 935 544 975 ad
569 940 707 988 portas
735 940 774 972 et
799 946 938 972 muros
964 931 1118 971 bellum
1144 944 1259 971 esse:
1319 930 1361 969 ni
1390 943 1561 984 propere

204 996 437 1045 subveniat,
475 996 646 1036 celerius
681 994 869 1048 Capuam
900 1007 1024 1045 quam
1062 991 1202 1045 Arpos
1239 991 1281 1031 in
1316 998 1562 1045 potestatem

202 1058 381 1098 hostium
408 1064 633 1098 venturam.
693 1070 744 1095 ne
771 1054 997 1094 Tarentum
1023 1053 1207 1106 quidem,
1245 1067 1326 1092 non
1352 1052 1474 1092 modo
1500 1067 1563 1091 ar-

202 1134 309 1167 cem,
337 1118 438 1159 tanti
463 1117 612 1158 debere
639 1131 748 1165 esse,
776 1122 821 1156 ut
847 1115 1055 1169 Capuam,
1082 1129 1206 1167 quam
1229 1113 1471 1167 Carthagini
1496 1127 1563 1153 ae-

201 1194 327 1233 quare
354 1180 406 1220 sit.
426 1179 588 1226 solitus,
616 1178 819 1218 desertam
840 1176 1181 1228 indefensamque
1202 1174 1354 1229 populo
1374 1175 1563 1215 Romano

201 1241 345 1282 tradat.
406 1239 617 1281 Hannibal
643 1254 763 1280 curae
796 1238 874 1279 sibi
899 1237 986 1278 fore
1012 1252 1099 1278 rem
1125 1236 1383 1290 Campanam
1407 1235 1564 1290 pollici-

202 1310 268 1344 tus
306 1303 347 1343 in
377 1302 610 1357 praesentia
639 1301 720 1341 duo
754 1300 866 1340 milia
902 1299 1086 1352 equitum
1124 1313 1218 1339 cum
1249 1298 1395 1353 legatis
1427 1298 1562 1348 mittit,

203 1379 284 1418 quo
309 1364 512 1418 praesidio
538 1378 660 1419 agros
686 1361 1020 1417 populationibus
1047 1367 1218 1415 possent
1242 1359 1471 1415 prohibere.

288 1426 487 1466 Romanis
522 1426 703 1474 interim,
742 1425 847 1465 sicut
884 1424 1055 1464 aliarum
1086 1438 1240 1471 rerum,
1278 1422 1382 1463 arcis
1409 1422 1565 1463 Taren-

204 1488 312 1528 tinae
338 1486 624 1541 praesidiique,
643 1487 755 1539 quod
779 1485 835 1526 ibi
861 1485 1134 1534 obsideretur,
1162 1499 1259 1525 cura
1284 1491 1358 1525 est.
1397 1484 1446 1525 C.
1469 1483 1566 1525 Sor-

205 1550 325 1589 vilius
351 1549 531 1603 legatus,
569 1563 621 1589 ex
645 1548 884 1589 auctoritate
911 1553 1074 1601 patrum
1099 1562 1123 1587 a
1147 1546 1196 1587 P.
1225 1545 1418 1587 Cornelio
1448 1561 1566 1600 prae-

206 1619 291 1651 tore
316 1612 358 1651 in
382 1610 591 1651 Etruriam
616 1610 669 1650 ad
693 1610 945 1651 frumentum
971 1608 1242 1648 coemendum
1267 1608 1438 1656 missus,
1470 1622 1564 1647 cum

206 1673 361 1726 aliquot
396 1671 571 1712 navibus
604 1671 762 1712 onustis
793 1671 834 1710 in
865 1676 1029 1724 portum
1054 1669 1324 1709 Tarentinum
1354 1669 1458 1709 inter
1492 1669 1566 1709 ho-

208 1735 332 1775 stium
369 1734 575 1774 custodias
611 1733 809 1787 pervenit.
888 1731 1004 1772 cuius
1041 1731 1239 1779 adventu,
1288 1730 1359 1783 qui
1395 1736 1488 1770 ante
1524 1731 1566 1771 in

207 1797 358 1851 exigua
389 1810 460 1850 spe
493 1796 627 1836 vocati
659 1809 781 1848 saepe
813 1794 865 1834 ad
898 1793 1178 1833 transitionem
1204 1792 1255 1833 ab
1280 1792 1468 1833 hostibus
1493 1807 1567 1847 per

208 1858 423 1911 conloquia
460 1864 590 1906 erant,
634 1857 740 1897 ultro
777 1857 829 1896 ad
866 1855 1161 1897 transeundum
1196 1854 1326 1896 hostis
1363 1854 1567 1896 vocabant

209 1919 576 1972 sollicitabantque.
637 1926 677 1959 et
714 1925 799 1959 erat
836 1917 935 1957 satis
967 1916 1148 1957 validum
1179 1917 1448 1971 praesidium,
1487 1923 1567 1957 tra-

209 1982 340 2022 ductis
367 1982 420 2022 ad
444 1996 580 2022 arcem
596 1980 766 2021 Tarenti
791 1979 984 2019 tuendam
1013 1977 1263 2033 [Metaponti
1288 1979 1358 2031 qui
1384 1977 1564 2033 fuerant]

210 2043 421 2084 militibus.
482 2044 619 2096 itaque
644 2041 921 2096 Metapontini
946 2041 1171 2094 extemplo,
1209 2047 1322 2081 metu
1347 2055 1428 2093 quo
1455 2047 1567 2081 tene-

210 2105 358 2145 bantur
382 2105 559 2153 liberati,
598 2105 651 2145 ad
676 2103 955 2144 Hannibalem
986 2102 1186 2143 defecere.
1259 2101 1337 2142 hoe
1368 2102 1476 2142 idem
1502 2117 1569 2142 ea-

211 2167 305 2206 dem
336 2181 406 2206 ora
436 2166 558 2207 maris
591 2173 632 2206 et
656 2165 831 2206 Thurini
861 2165 1059 2205 fecerunt.
1119 2164 1248 2204 movit
1278 2179 1347 2205 eos
1379 2179 1462 2205 non
1487 2164 1569 2205 Ta-

211 2229 461 2269 rentinorum
497 2229 629 2283 magis
673 2228 849 2268 defectio
885 2226 1371 2281 Metapontinorumque,
1419 2226 1568 2279 quibus

211 2290 391 2330 indidem
417 2305 469 2331 ex
492 2290 654 2330 Achaia
679 2290 839 2330 oriundi
864 2288 986 2329 etiam
1018 2288 1260 2342 cognatione
1291 2289 1418 2328 iuneti
1443 2295 1568 2336 erant,

211 2367 335 2404 quam
366 2352 425 2392 ira
454 2352 497 2392 in
526 2352 737 2392 Romanos
768 2357 932 2405 propter
963 2350 1128 2391 obsides
1160 2365 1290 2404 nuper
1319 2349 1568 2391 interfectos.

212 2429 352 2454 eorum
379 2413 499 2454 amici
524 2414 770 2468 cognatique
795 2413 950 2453 litteras
977 2427 1025 2453 ae
1050 2412 1214 2453 nuntios
1240 2413 1292 2452 ad
1318 2411 1568 2453 Hannonem

213 2475 539 2531 Magonemque,
577 2476 647 2529 qui
673 2476 713 2515 in
745 2474 975 2529 propinquo
1007 2474 1049 2514 in
1074 2473 1247 2514 Bruttiis
1279 2483 1411 2522 erant,
1449 2473 1571 2514 mise-

213 2545 323 2587 runt,
352 2538 386 2578 si
411 2537 634 2578 exercitum
661 2538 712 2578 ad
737 2536 899 2577 moenia
924 2536 1224 2584 admovissent,
1257 2550 1301 2576 se
1325 2535 1367 2575 in
1392 2542 1570 2589 potesta-

214 2609 294 2640 tem
331 2614 471 2640 eorum
508 2599 651 2640 urbem
688 2599 906 2639 tradituros
946 2612 1050 2638 esse.
1110 2597 1171 2637 M.
1204 2597 1371 2638 Atinius
1403 2597 1569 2638 Thuriis

216 2676 307 2702 cum
331 2662 492 2702 modico
517 2661 722 2716 praesidio
747 2666 949 2716 praeerat,
987 2674 1110 2713 quem
1142 2659 1261 2700 facile
1287 2659 1378 2700 elici
1407 2659 1460 2700 ad
1485 2673 1571 2700 cer-

1585 387 1623 417 13

1586 512 1626 540 14

1587 1067 1605 1095 [ὓ
