1815 3184
513 226 665 261 LIBER
688 226 893 270 xxvnn,
919 227 949 260 1.
978 228 1026 270 [a.
1042 225 1176 270 e.205]
1433 216 1514 257 441

169 328 265 362 idem
287 338 413 361 omnes
432 327 551 361 tribus
577 330 679 361 extra
704 338 813 361 unam
837 326 998 361 aerarias
1024 326 1190 372 reliquit,
1228 327 1328 370 quod
1354 330 1390 360 et
1413 326 1518 360 inno—

171 383 314 412 centem
342 389 380 412 se
407 378 647 412 damnassent
670 381 707 412 et
731 377 888 421 posthac
915 378 1104 411 consulem
1124 387 1388 421 censoremque
1409 376 1517 410 fecis-

172 433 264 462 sent.
314 430 468 461 lustrum
499 439 521 462 a
547 428 766 462 censoribus
794 428 982 461 eonditum
1007 432 1076 462 est.
1139 438 1251 461 censa
1276 431 1361 461 sunt
1385 427 1517 461 civium

171 479 293 523 capita
313 479 473 513 ducenta
494 479 789 524 quattuordecim
809 479 936 521 milia]

671 659 823 712 ΤΙΤΙ
858 659 1020 711 LIVI

489 763 576 800 AB
624 763 809 800 VRBE
860 762 1199 801 CONDITA

629 869 797 906 LIBER
825 870 1046 907 XXVIIII.

254 944 288 984 I.
323 942 463 997 Scipio
476 950 695 997 postquam
714 945 756 984 in
771 943 954 985 Siciliam
970 945 1092 994 venit,
1107 945 1356 986 voluntarios
1371 945 1518 986 milites
1548 959 1561 986 1

172 1006 371 1046 ordinavit
391 1006 723 1058 centuriavitque.
767 1021 818 1046 ex
837 1006 885 1046 iis
906 1013 1108 1047 trecentos
1122 1007 1303 1056 iuvenes,
1330 1008 1518 1048 florentes
1545 1021 1563 1048 2

170 1074 301 1108 aetate
322 1074 361 1106 et
379 1067 525 1106 virium
538 1066 683 1106 robore
702 1067 867 1106 inermis
887 1067 994 1107 circa
1013 1082 1056 1107 se
1070 1068 1260 1117 habebat,
1280 1069 1519 1123 ignorantis,

169 1142 291 1180 quem
316 1127 368 1167 ad
392 1141 513 1166 usum
533 1141 665 1178 neque
691 1128 904 1167 centuriati
923 1142 1056 1180 neque
1081 1130 1225 1168 armati
1251 1137 1519 1170 servarentur.

169 1196 255 1228 tum
281 1202 332 1228 ex
362 1188 485 1228 totius
513 1186 677 1243 Siciliae
709 1188 913 1229 iuniorum
942 1203 1112 1229 numero
1142 1190 1346 1243 principes
1371 1205 1520 1245 genere
1547 1204 1565 1232 3

168 1256 208 1290 et
231 1249 396 1289 fortuna
425 1255 626 1289 trecentos
659 1250 834 1302 equites,
872 1249 942 1302 qui
973 1264 1113 1290 secum
1143 1251 1185 1290 in
1210 1251 1398 1292 Africam
1428 1252 1523 1292 trai-

169 1317 324 1359 cerent,
360 1310 476 1364 legit,
515 1310 705 1363 diemque
735 1311 803 1359 iis,
842 1326 923 1364 qua
953 1312 1068 1364 equis
1100 1312 1306 1365 armisque
1335 1313 1521 1353 instructi

169 1378 290 1424 atque
328 1371 459 1412 ornati
494 1372 703 1421 adessent,
747 1373 884 1412 edixit.
945 1373 1082 1427 gravis
1119 1388 1168 1413 ea
1203 1374 1345 1415 militia
1380 1367 1521 1428 procul
1548 1388 1567 1415 4

169 1432 290 1472 domo
316 1439 421 1472 terra
445 1433 628 1485 marique
653 1434 802 1474 multos
827 1434 1006 1483 labores,
1044 1450 1195 1489 magna
1219 1436 1399 1489 pericula
1425 1436 1523 1476 alla-

169 1500 259 1533 tura
283 1493 515 1542 videbatur3
540 1508 672 1547 neque
696 1495 809 1548 ipsos
834 1496 975 1544 modo,
1003 1497 1075 1536 sed
1099 1497 1281 1550 parentis
1306 1505 1524 1551 cognatos-

169 1569 248 1607 que
274 1569 413 1595 eorum
439 1569 487 1595 ea
512 1569 608 1596 cura
633 1556 822 1611 angebat.
870 1557 941 1597 ubi
966 1558 1053 1598 dics
1080 1572 1184 1610 quae
1210 1559 1318 1598 dicta
1343 1566 1428 1598 erat
1452 1559 1523 1599 ad-
1547 1571 1567 1599 5

169 1617 297 1665 venit,
325 1632 437 1658 arma
462 1631 671 1670 equosque
697 1619 974 1659 ostenderunt.
1024 1626 1110 1659 tum
1138 1618 1278 1673 Scipio
1302 1620 1524 1660 renuntiari

171 1678 247 1719 sibi
273 1679 392 1727 dixit,
430 1680 631 1731 quosdam
663 1681 820 1733 equites
849 1679 1082 1722 Siculorum
1113 1688 1322 1734 tamquam
1353 1696 1522 1737 gravem

171 1746 209 1780 et
235 1740 378 1781 duram
403 1740 567 1781 horrere
592 1756 682 1781 eam
708 1742 905 1782 militiam.
955 1742 989 1782 si
1015 1743 1085 1795 qui
1108 1743 1165 1783 ita
1184 1743 1351 1783 animati
1370 1751 1519 1793 essent,
1549 1755 1566 1784 G

170 1801 290 1841 malle
322 1816 391 1842 eos
424 1802 502 1842 sibi
531 1803 612 1843 iam
643 1810 729 1843 tum
760 1804 879 1843 fateri
909 1818 1031 1856 quam
1068 1805 1284 1857 postmodo
1315 1806 1521 1857 querentis

172 1877 319 1917 segnes
346 1870 467 1915 atque
492 1864 653 1905 inutiles
684 1865 832 1905 milites
858 1865 916 1905 rei
945 1865 1132 1919 publicae
1164 1880 1272 1907 esse:
1310 1881 1523 1920 exprome-

170 1931 277 1973 rent,
308 1924 407 1977 quid
432 1925 645 1974 sentirent3
684 1940 777 1966 cum
802 1926 908 1967 bona
933 1927 1052 1967 venia
1078 1928 1392 1968 seauditurum.
1452 1928 1523 1969 ubi

171 2000 222 2025 ex
257 1985 305 2026 iis
337 2000 443 2027 unus
480 2001 605 2027 ausus
643 1993 704 2027 est
740 1988 891 2036 dicere,
930 2002 973 2028 se
1003 2003 1169 2042 prosus,
1208 1990 1243 2030 si
1279 1989 1356 2030 sibi
1386 1997 1522 2030 utrum

171 2047 268 2087 velit
291 2047 466 2088 liberum
497 2055 624 2097 esset,
661 2049 768 2090 nolle
798 2050 988 2098 militare,
1027 2057 1114 2090 tum
1141 2049 1281 2105 Scipio
1311 2052 1365 2100 ei,
1404 2055 1523 2104 ‘quo-
1547 2065 1567 2094 8

172 2109 282 2149 niam
313 2110 454 2161 igitur,
493 2111 755 2160 adulescens,
794 2112 893 2164 quid
925 2112 1095 2153 sentires
1126 2127 1209 2153 non
1240 2113 1520 2161 dissimulasti,

173 2170 369 2211 vicarium
394 2171 468 2212 tibi
493 2173 726 2225 expediam,
765 2173 830 2213 cui
855 2180 899 2214 tu
924 2188 1037 2214 arma
1062 2188 1293 2227 equumque
1319 2181 1359 2214 et
1389 2180 1524 2215 cetera

170 2232 442 2273 instrumenta
488 2234 654 2274 militiae
702 2235 858 2284 tradas,
909 2242 948 2276 et
995 2242 1129 2276 tecum
1176 2236 1271 2277 hine
1319 2236 1523 2290 extemplo

172 2293 340 2334 domum
375 2294 522 2343 ducas,
573 2310 781 2344 exerceas,
830 2297 1061 2337 doec-ndum
1092 2312 1208 2338 cures
1240 2311 1345 2350 equo
1382 2297 1524 2338 armis-

172 2354 282 2407 que.’
340 2355 446 2395 laeto
489 2357 769 2397 condicionem
811 2358 1026 2412 accipienti
1066 2373 1195 2399 unum
1232 2373 1283 2399 ex
1319 2359 1521 2407 trecentis,
1549 2372 1567 2400 9

171 2430 273 2468 quos
298 2416 473 2457 inermes
499 2417 693 2467 habebat,
732 2419 865 2460 tradit.
925 2419 995 2460 ubi
1025 2419 1102 2460 hoc
1132 2421 1255 2461 modo
1287 2427 1524 2461 exauctora-

172 2484 258 2517 tum
290 2478 468 2530 equitem
499 2493 592 2519 cum
622 2480 754 2534 gratia
788 2481 1044 2535 imperatoris
1076 2482 1199 2522 ceteri
1233 2482 1440 2531 viderunt,
1480 2496 1523 2522 se

170 2538 343 2591 quisque
375 2553 570 2580 excusare
601 2547 640 2580 et
670 2541 867 2582 vicarium
898 2542 1093 2596 accipere.
1152 2543 1210 2583 ita
1241 2543 1430 2584 trecentis
1459 2541 1524 2584 Si·
1550 2557 1591 2586 10

170 2599 271 2640 culis
285 2599 462 2640 Romani
477 2602 632 2654 equites
649 2602 857 2643 substituti
871 2603 957 2644 sine
971 2603 1135 2657 publica
1148 2605 1331 2658 inpensa.
1375 2604 1524 2645 docen-

170 2660 314 2701 dorum
340 2676 479 2703 curam
508 2662 636 2705 Siculi
660 2663 907 2715 habuerunt,
946 2665 1042 2718 quia
1066 2666 1242 2708 edictum
1268 2666 1522 2720 imperatoris

1550 1878 1566 1906 *l
