1815 3184
241 1625 279 1654 10

261 1996 279 2025 [ὗ

300 267 385 308 304
606 271 759 306 LIBER
784 272 932 316 XXVI,
958 273 1012 306 35.
1038 273 1092 306 36.
1121 274 1218 315 [a.u.
1234 273 1358 317 0544]

300 378 394 424 fuit,
421 384 462 416 ut
490 390 609 430 mage
635 375 719 415 dux
743 390 868 428 quam
893 375 1064 416 materia
1089 375 1277 417 seditioni
1301 376 1481 418 deesset:
1514 392 1656 418 secun-

301 439 398 478 dum
427 436 589 478 Siculos
617 436 938 490 Campanosque
962 436 1126 490 plebem
1151 437 1381 478 Romanam
1406 438 1657 492 perdendam

300 499 642 551 lacerandamque
680 498 758 539 sibi
795 497 984 538 consules
1023 499 1262 553 sumpsisse.
1322 514 1396 554 per
1431 506 1490 540 tot
1528 515 1656 541 annos

301 561 451 601 tributo
483 560 705 600 exhaustos
742 560 844 600 nihil
878 559 1024 613 reliqui
1054 567 1214 614 praeter
1245 568 1393 602 terram
1425 561 1578 601 nudam
1611 576 1658 601 ac

300 630 462 663 vastam
487 621 650 662 habere.
712 628 818 663 tecta
849 621 978 662 hostis
1004 622 1253 672 incendisse,
1292 638 1431 664 servos
1463 623 1551 678 agri
1576 623 1661 663 cul-

303 692 410 726 tores
447 699 534 724 rem
570 683 779 738 publicam
815 683 1055 732 abduxisse,
1094 699 1201 725 nunc
1233 685 1284 725 ad
1315 685 1502 725 militiam
1532 699 1660 739 parvo

302 761 394 787 aere
426 746 617 795 emendo,
655 760 763 786 nunc
794 746 971 800 remiges
1002 746 1253 800 imperando.
1320 747 1355 787 si
1385 747 1483 800 quid
1509 747 1573 787 cui
1598 762 1661 787 ar-

303 808 416 863 genti
441 808 599 848 aerisve
625 807 764 857 fuerit,
803 808 1005 862 stipendio
1030 808 1232 862 remigum
1258 815 1295 848 et
1327 808 1488 849 tributis
1514 808 1659 848 annuis

302 870 496 911 ablatum.
558 884 619 918 se,
657 876 701 909 ut
727 869 823 909 dent
848 870 958 922 quod
983 885 1063 909 non
1090 869 1284 919 habeant,
1323 870 1434 910 nulla
1461 870 1517 919 vi,
1548 869 1660 910 nullo

302 932 473 986 imperio
499 931 591 986 cogi
615 946 751 985 posse.
796 931 904 972 bona
924 947 998 972 sua
1019 933 1259 981 venderent,
1286 932 1328 972 in
1348 947 1529 987 corpora,
1555 947 1660 985 quae

303 994 459 1047 reliqua
496 1000 651 1042 essent,
690 993 905 1034 saevirent.
977 1009 1028 1034 ne
1064 994 1172 1035 unde
1208 994 1459 1035 redimantur
1494 994 1659 1047 quidem

306 1056 526 1109 quicquam
553 1069 782 1109 superesse.
843 1055 944 1096 haec
968 1071 1049 1096 non
1074 1056 1116 1096 in
1141 1056 1319 1105 occulto,
1354 1056 1426 1096 sed
1450 1055 1660 1110 propalam

304 1118 345 1158 in
370 1118 458 1158 foro
484 1125 606 1170 atque
639 1117 767 1158 0011115
799 1117 982 1171 ipsorum
1010 1118 1226 1158 consulum
1256 1118 1402 1172 ingens
1435 1117 1554 1158 turba
1585 1117 1661 1157 cir-

305 1179 485 1220 cumfusi
521 1178 750 1219 fremebant
786 1194 861 1219 nec
893 1194 962 1219 eos
1001 1180 1144 1220 sedare
1181 1180 1369 1220 consules
1402 1193 1510 1219 nunc
1541 1179 1661 1219 casti-

304 1242 458 1296 gando,
507 1255 616 1281 nunc
654 1240 904 1281 consolando
941 1247 1140 1294 poterant.
1214 1242 1392 1295 spatium
1429 1241 1575 1281 deinde
1611 1240 1660 1280 iis

305 1303 428 1343 tridui
460 1317 503 1342 se
536 1303 632 1342 dare
665 1303 716 1342 ad
748 1302 1012 1357 cogitandum
1043 1303 1250 1351 dixerunt,
1289 1318 1369 1356 quo
1394 1303 1473 1357 ipsi
1499 1303 1551 1343 ad
1574 1316 1660 1342 rem

305 1364 601 1418 inspiciendam
630 1362 706 1418 [et]
735 1364 1030 1417 expediendam
1057 1364 1121 1404 usi
1146 1372 1252 1404 sunt.
1291 1372 1477 1405 senatum
1496 1370 1660 1418 postero

305 1427 370 1467 die
395 1426 625 1467 habuerunt
656 1427 705 1466 (10
736 1427 937 1480 remigum
970 1427 1273 1480 supplement03
1311 1427 1383 1467 ubi
1408 1442 1501 1467 cum
1532 1426 1661 1466 multa

305 1489 614 1536 disseruissent,
653 1502 724 1527 cur
749 1502 877 1540 aequa
904 1487 1035 1541 plebis
1061 1488 1262 1528 recusatio
1290 1494 1417 1537 esset,
1454 1494 1661 1528 verterunt

305 1550 531 1590 orationem
568 1563 633 1597 eo,
672 1556 716 1588 ut
752 1549 950 1597 dicerent,
988 1548 1157 1602 privatis
1196 1549 1238 1589 id
1275 1564 1349 1589 seu
1381 1563 1558 1602 aequum
1589 1563 1661 1589 seu

304 1612 490 1664 iniquum
517 1625 618 1651 onus
644 1611 942 1665 iniungendum
969 1625 1077 1651 esse:
1106 1626 1201 1651 nam
1219 1612 1347 1660 unde,
1375 1625 1468 1652 cum
1487 1611 1661 1665 pecunia

305 1673 345 1712 in
371 1673 524 1712 aerario
550 1687 632 1712 non
657 1680 783 1721 esset,
810 1680 1024 1726 paraturos
1050 1672 1206 1713 navalis
1234 1673 1392 1713 socios?
1433 1687 1514 1726 quo
1540 1673 1662 1713 modo

306 1742 441 1776 autem
468 1736 553 1775 sine
580 1735 781 1776 classibus
808 1743 877 1775 aut
905 1734 1089 1776 Siciliam
1121 1735 1294 1776 obtineri
1326 1742 1396 1776 aut
1420 1735 1540 1776 Italia
1564 1734 1663 1775 Phi-

305 1797 462 1850 lippum
488 1797 615 1837 arceri
639 1812 763 1851 posse
789 1804 859 1837 aut
885 1804 971 1837 tuta
996 1797 1141 1837 Italiae
1166 1797 1285 1838 litora
1309 1797 1426 1838 esse?

391 1858 612 1899 XXXVI.
674 1858 783 1900 Cum
812 1859 855 1900 in
886 1859 962 1900 hac
1000 1859 1240 1900 difficultate
1275 1874 1410 1900 rerum
1447 1859 1661 1900 consilium

306 1920 488 1960 haereret
525 1935 572 1961 ac
608 1936 734 1975 prope
776 1929 915 1976 torpor
958 1921 1125 1974 quidam
1167 1929 1409 1975 occupasset
1450 1921 1662 1961 hominum

306 1991 481 2031 mentes,
509 1990 595 2023 tum
619 1984 832 2025 Laevinus
860 1984 1022 2025 consul:
1061 1983 1325 2038 magistratus
1353 1983 1511 2024 senatui
1537 1990 1575 2023 et
1600 1997 1663 2023 se-

306 2052 447 2085 natum
472 2045 641 2099 populo,
670 2046 774 2086 sicut
798 2046 951 2087 honore
976 2052 1200 2100 praestent,
1226 2045 1282 2086 ita
1307 2045 1359 2086 ad
1383 2045 1531 2094 onmia,
1558 2059 1662 2098 quae

307 2107 408 2147 dura
444 2114 565 2160 atque
602 2122 748 2161 aspera
779 2114 934 2157 essent,
974 2107 1189 2148 subeunda
1219 2107 1344 2147 duces
1377 2106 1525 2147 debere
1557 2120 1660 2146 esse.

309 2168 361 2209 ‘si
392 2169 490 2222 quid
520 2169 732 2224 iniungere
763 2170 945 2210 inferiori
980 2170 1100 2218 velis,
1152 2167 1225 2224 [si]
1258 2169 1300 2209 id
1330 2169 1442 2223 prius
1472 2169 1515 2208 in
1545 2174 1585 2209 te
1616 2182 1663 2208 ac

307 2237 398 2271 tuos
419 2231 506 2285 ipsc
527 2231 625 2272 iuris
648 2231 857 2280 statueris,
884 2231 1044 2272 facilius
1066 2231 1198 2272 omnis
1220 2230 1474 2271 oboedientis
1494 2229 1660 2270 habeas.

307 2306 381 2332 nec
407 2292 592 2346 impensa
618 2293 756 2348 gravis
783 2300 862 2342 est,
891 2308 983 2334 cum
1012 2292 1101 2348 [ex]
1130 2307 1178 2333 ea
1202 2292 1294 2347 plus
1320 2307 1444 2345 quam
1464 2306 1538 2346 pro
1557 2291 1663 2331 virili

308 2360 421 2407 parte
465 2354 543 2394 sibi
585 2370 790 2408 quemque
833 2369 977 2409 capere
1020 2355 1251 2409 principum
1292 2354 1443 2394 vident.
1526 2353 1663 2406 itaque

309 2415 462 2455 classes
488 2415 638 2457 habere
664 2424 786 2469 atque
812 2431 954 2457 ornare
980 2416 1169 2457 volumus
1195 2415 1390 2470 populum
1415 2415 1662 2462 Romanum,

310 2477 489 2530 privatos
527 2479 613 2518 sine
649 2479 905 2519 recusatione
940 2478 1116 2533 remiges
1155 2478 1274 2519 dare:
1323 2472 1531 2518 nobismet
1563 2476 1663 2530 ipsis

309 2539 484 2592 primum
516 2540 778 2593 imperemus.
840 2555 1001 2589 aurum,
1040 2549 1272 2595 argentum,
1314 2538 1421 2595 [aes]
1458 2539 1663 2594 signatum

310 2615 451 2641 omnes
490 2610 697 2642 senatores
736 2602 913 2642 crastino
955 2602 1019 2643 die
1060 2602 1101 2642 in
1143 2601 1353 2656 publicum
1391 2601 1661 2646 conferamuS‚

310 2662 364 2701 ita
399 2670 443 2702 ut
480 2663 623 2703 anulos
662 2663 739 2704 sibi
776 2664 948 2716 quisque
986 2674 1025 2704 et
1062 2664 1227 2718 coniugi
1263 2674 1299 2704 et
1331 2663 1468 2704 liberis
1506 2669 1546 2701 et
1579 2660 1662 2700 filio

310 2723 463 2764 bullam
489 2731 527 2764 et
553 2725 702 2778 quibus
729 2741 832 2766 uxor
856 2727 1014 2766 filiaeve
1041 2734 1133 2767 sunt
1161 2726 1343 2780 singulas
1366 2724 1505 2764 uncias
1525 2721 1661 2776 pondo
