1815 3184
288 235 371 277 230
639 242 790 276 LIBER
815 242 943 285 xxv,
972 244 1023 275 14.
1052 245 1292 287 [a.u.e.542]

243 358 262 388 2
287 346 360 387 sed
396 359 488 385 cum
520 344 658 385 multis
691 344 925 385 volneribus
963 358 1010 384 ao
1042 344 1216 385 militum
1252 346 1443 400 pernicie.
1502 348 1639 402 itaque

240 1347 256 1376 7

238 1654 257 1682 S

238 1963 255 1994 9

218 2212 257 2240 10

218 2337 254 2366 11

287 405 520 447 convocatis
554 404 738 461 [legatis]
772 406 1026 459 tribunisque
1057 406 1232 446 militum
1268 408 1411 448 consul
1442 407 1640 450 absisten-

286 468 383 507 dum
409 467 622 507 temerario
647 467 809 521 incepto
835 468 907 508 ait:
935 467 1060 508 tutius
1087 467 1165 508 sibi
1185 468 1314 508 videri
1337 469 1478 510 reduci
1503 485 1551 510 eo
1576 471 1641 512 die

285 528 508 569 exercitum
555 528 859 578 Beneventum,
909 529 1003 569 dcin
1049 536 1214 583 postero
1265 529 1446 585 [castra]
1497 532 1640 573 eastris

285 590 464 631 hostium
500 590 632 645 iungi,
671 605 721 631 ne
759 591 868 631 exire
903 591 997 630 inde
1025 590 1228 645 Campani
1263 606 1366 632 neve
1391 592 1544 633 Hanno
1579 607 1642 633 re-

284 653 399 707 gredi
424 660 582 707 posset3
619 653 661 693 id
686 667 766 706 quo
792 653 952 694 facilius
979 653 1225 703 obtineatur,
1253 654 1451 709 collegam
1478 669 1641 708 quoque

285 722 324 755 et
360 715 584 755 exercitum
620 715 707 755 eius
752 730 795 755 se
837 716 1063 755 acciturum
1105 722 1317 769 totumque
1360 731 1408 757 eo
1449 731 1640 757 versuros

284 776 449 817 bellum.
508 776 610 817 haec
641 777 810 817 consilia
841 777 975 826 ducis,
1013 791 1107 818 cum
1137 777 1219 817 iam
1250 779 1432 832 receptui
1464 785 1638 827 caneret,

284 839 438 880 clamor
472 840 646 880 militum
686 840 993 894 aspernantium
1029 847 1112 881 tam
1149 856 1276 896 segne
1312 842 1529 896 imperium
1559 842 1642 882 dis-

284 901 388 942 iecit.
432 902 617 956 proxime
643 910 783 956 portae
808 902 989 943 hostium
1014 910 1100 943 erat
1125 903 1270 944 cohors
1285 903 1496 959 Paeligna,
1524 904 1640 945 cuius

284 963 516 1020 praefectus
531 964 680 1005 Vibius
707 966 873 1005 Accaus
899 972 1103 1019 arreptum
1131 965 1326 1006 vexillum
1352 973 1462 1007 trans
1488 966 1641 1007 vallum

284 1025 465 1066 hostium
501 1026 670 1067 traiecit,
731 1034 943 1067 execratus
981 1027 1074 1068 inde
1113 1041 1237 1080 seque
1269 1034 1309 1068 et
1339 1027 1564 1077 cohortem,
1607 1029 1640 1068 si

284 1087 371 1128 cius
397 1088 535 1128 vexilli
560 1088 699 1129 hostes
725 1089 842 1143 potiti
868 1098 1022 1138 essent,
1060 1090 1249 1144 princeps
1275 1090 1362 1144 ipse
1387 1105 1460 1144 per
1483 1090 1638 1131 fossam

284 1149 517 1203 vallumque
542 1151 584 1191 in
610 1158 743 1192 castra
767 1152 931 1205 inrupit.
967 1151 1130 1204 iamque
1155 1152 1260 1192 intra
1285 1152 1437 1192 vallum
1451 1152 1638 1206 Paeligni

284 1211 542 1265 pugnabant,
581 1228 673 1253 cum
705 1213 830 1254 altera
861 1219 975 1267 parte
1001 1212 1167 1254 Valerio
1191 1213 1342 1254 Flacco
1374 1214 1537 1255 tribuno
1562 1214 1639 1254 mi-

282 1273 400 1314 litum
425 1275 565 1315 tertiae
590 1275 764 1329 legionis
790 1274 1061 1329 exprobrante
1086 1274 1284 1316 Romanis
1309 1275 1537 1330 ignaviam,
1569 1275 1639 1328 qui

284 1335 405 1376 sociis
431 1342 642 1391 captorum
662 1344 886 1377 castrorum
907 1337 1175 1377 concederent
1195 1337 1338 1385 decus,
1366 1337 1415 1377 T.
1429 1337 1639 1377 Pedanius

282 1397 471 1451 princeps
490 1399 645 1452 primus
665 1399 864 1447 centurio,
891 1414 984 1439 cum
1005 1398 1201 1452 signifero
1223 1399 1385 1452 signum
1405 1398 1638 1447 ademisset,

283 1460 382 1500 ‘iam
419 1461 496 1502 hoc
533 1462 697 1517 signum
739 1469 777 1502 et
813 1461 879 1501 hic
922 1461 1122 1501 centurio'
1157 1461 1288 1513 inquit
1327 1461 1450 1500 ‘intra
1486 1460 1639 1501 vallum

283 1521 462 1562 hostium
488 1523 579 1563 erit:
624 1530 846 1576 sequantur
876 1523 945 1575 qui
979 1523 1069 1576 capi
1095 1522 1259 1577 signum
1285 1521 1335 1562 ab
1362 1521 1478 1562 hoste
1504 1521 1641 1576 prohi-

283 1582 405 1623 bituri
443 1584 566 1624 sunt'.
639 1584 914 1638 manipulares
958 1584 1021 1624 sui
1064 1584 1242 1638 primum
1285 1583 1640 1624 transcendentem

282 1644 456 1693 fossam,
496 1646 588 1685 dein
619 1645 727 1700 legio
760 1652 843 1685 tota
875 1652 1015 1685 secuta
1052 1652 1125 1686 est.
1197 1646 1277 1686 iam
1309 1652 1349 1686 et
1384 1645 1545 1694 consul,
1588 1646 1640 1686 ad

283 1714 547 1760 conspectum
575 1707 963 1761 transgredientium
994 1707 1148 1748 vallum
1180 1714 1336 1749 mutato
1362 1707 1551 1756 consilio,
1588 1707 1639 1748 ab

282 1768 511 1808 revocando
557 1767 928 1824 [remorando]quc
971 1769 1024 1809 ad
1064 1769 1292 1810 incitandos
1335 1769 1640 1823 hortandosque

282 1843 425 1869 versus
457 1830 625 1879 milites,
665 1830 898 1879 ostendere,
936 1831 977 1870 in
1009 1837 1161 1884 quanto
1193 1831 1425 1872 discrimine
1456 1846 1504 1872 ae
1534 1831 1641 1885 peri-

282 1891 373 1931 culo
409 1891 634 1933 fortissima
670 1885 816 1933 cohors
860 1892 1064 1933 sociorum
1106 1899 1146 1933 et
1182 1893 1332 1933 civium
1373 1893 1481 1947 legio
1518 1900 1638 1934 esset.

282 1952 417 2007 itaque
443 1968 516 2008 pro
543 1969 585 1995 se
611 1954 784 2008 quisque
811 1969 952 1995 omnes
978 1969 1050 2009 per
1075 1969 1206 2007 aequa
1231 1961 1353 2008 atque
1378 1955 1517 2007 iniqua
1535 1954 1637 2003 loca,

283 2028 375 2054 cum
402 2015 581 2068 undique
608 2016 687 2056 tela
713 2017 1010 2065 conicerentur,
1038 2031 1232 2069 armaque
1252 2024 1292 2056 et
1310 2031 1481 2070 corpora
1499 2016 1638 2056 hostes

282 2075 505 2125 obicerent,
526 2078 755 2132 pervadunt
772 2078 1105 2132 inrumpuntque.
1143 2078 1259 2118 multi
1278 2078 1489 2127 volnerati,
1517 2079 1638 2118 etiam

283 2153 385 2191 quos
414 2139 532 2188 vires,
561 2141 729 2196 sanguis
757 2141 979 2190 desereret,
1008 2149 1052 2181 ut
1072 2141 1177 2181 intra
1195 2140 1349 2180 vallum
1373 2140 1554 2180 hostium
1574 2155 1641 2180 ca-

283 2199 424 2243 derent
448 2201 694 2243 nitebantur.
755 2210 874 2257 capta
903 2203 1040 2256 itaque
1072 2209 1277 2243 momento
1309 2202 1503 2256 temporis
1528 2202 1640 2242 velut

283 2263 323 2302 in
348 2263 470 2317 plano
497 2264 573 2305 sita
597 2279 672 2305 nec
696 2266 927 2319 permunita
952 2273 1097 2306 castra.
1159 2265 1305 2305 caedes
1323 2265 1431 2314 inde,
1453 2279 1536 2304 non
1558 2264 1639 2304 iam

283 2338 422 2379 pugna
448 2333 532 2366 erat
557 2327 746 2367 omnibus
772 2327 876 2367 intra
901 2327 1054 2367 vallum
1073 2327 1298 2381 permixtis.
1350 2341 1473 2380 supra
1497 2325 1639 2366 decem

283 2386 393 2426 milia
429 2387 608 2428 hostium
646 2389 799 2437 occisa,
838 2404 962 2442 supra
999 2396 1156 2442 septem
1187 2388 1299 2429 milia
1330 2388 1509 2442 capitum
1546 2402 1640 2427 cum

283 2446 644 2491 frumentatoribus
684 2450 909 2504 Campanis
953 2450 1145 2503 omnique
1186 2450 1462 2504 plaustrorum
1505 2455 1544 2489 et
1579 2449 1640 2488 iu-

285 2517 513 2551 mentorum
550 2519 749 2566 apparatu
785 2520 915 2566 capta.
988 2520 1027 2552 et
1063 2512 1141 2552 alia
1176 2513 1322 2566 ingens
1360 2511 1513 2566 praeda
1547 2510 1638 2558 fuit,

285 2584 406 2622 quam
432 2572 603 2622 Hanno,
635 2573 952 2628 populabundus
978 2574 1134 2627 passim
1159 2588 1253 2614 cum
1278 2574 1395 2621 isset,
1433 2587 1484 2613 ex
1510 2572 1640 2612 socio-

221 2643 258 2672 12
285 2646 373 2672 rum
399 2635 539 2687 populi
564 2635 741 2676 Romani
767 2635 876 2689 agris
902 2642 1090 2675 traxerat.
1145 2635 1239 2675 inde
1265 2635 1432 2675 deiectis
1458 2633 1637 2673 hostium

285 2694 427 2734 castris
453 2695 737 2736 Beneventum
767 2697 960 2745 reditum,
997 2697 1273 2749 praedamque
1304 2696 1360 2736 ibi
1391 2694 1511 2735 ambo
1543 2706 1638 2732 con-
