1815 3184
330 238 415 279 234
680 244 833 278 LIBER
857 244 984 288 XXV,
1011 245 1064 278 16.
1093 247 1143 287 [a.
1159 255 1193 278 u.
1210 255 1240 279 e.
1256 245 1338 289 542]

326 347 467 388 cabilis
493 346 580 386 fore
605 345 835 395 Romanos,
862 346 1016 386 nullam
1040 361 1236 400 umquam
1266 354 1430 402 gentem
1454 350 1586 404 magis
1612 365 1681 391 ex—

325 408 520 449 orabilem
544 407 919 462 promptioremque
944 408 1087 448 veniae
1113 409 1272 449 dandae
1302 408 1444 450 fuisse.
1493 412 1679 463 quotiens

260 485 298 514 13
323 469 535 511 rebellioni
572 469 695 509 etiam
730 469 931 510 maiorum
962 484 1128 510 suorum
1159 470 1363 525 ignotum!
1423 471 1525 512 haec
1556 472 1606 512 ab
1637 488 1681 514 se

326 532 384 573 sic
414 531 535 571 dicta.
597 538 775 572 ceterum
809 531 860 572 ab
891 531 981 585 ipso
1015 529 1205 572 Graccho
1237 532 1380 572 eadem
1410 532 1512 573 haec
1542 534 1681 574 audire

324 593 445 633 malle
483 607 552 633 eos
589 593 899 647 praesentisque
936 593 1171 647 contingere
1207 593 1411 642 dextram,
1455 594 1497 633 id
1530 594 1681 648 pignus

260 669 299 697 14
325 655 419 695 fidei
446 669 585 695 secum
611 654 728 695 ferre.
789 654 925 695 locum
959 669 1001 695 se
1027 655 1201 695 consciis
1233 655 1386 695 dixisse
1412 670 1436 695 a
1461 663 1683 709 conspectu

325 724 507 757 amotum
531 716 643 756 haud
672 716 814 770 procul
845 716 989 756 castris
1016 716 1227 756 Romanis.
1286 716 1343 756 ibi
1372 716 1514 770 paucis
1548 717 1681 757 verbis

324 779 495 833 transigi
524 793 609 818 rem
642 793 782 832 posse,
820 786 863 818 ut
895 793 1014 818 omne
1040 792 1191 818 nomen
1214 778 1434 818 Lucanum
1459 778 1501 818 in
1530 777 1610 818 fide
1636 793 1683 819 ac

261 855 300 883 15
327 841 519 881 societate
545 840 733 881 Romana
771 840 833 880 sit.
896 838 1110 880 Gracchus
1146 839 1334 880 fraudem
1366 846 1405 880 et
1436 839 1613 880 sermoni
1643 847 1682 880 et

324 902 383 943 rei
408 902 552 943 abcssc
577 909 689 942 ratus
715 916 763 942 ac
789 901 1052 942 similitudine
1077 901 1162 941 veri
1188 908 1331 955 captus
1353 915 1446 941 cum
1470 901 1680 942 lictoribus

326 979 373 1004 ac
399 970 532 1004 turma
557 964 739 1017 equitum
765 978 787 1004 e
813 964 956 1004 castris
986 963 1195 1018 profectus
1227 964 1330 1003 duce
1361 962 1521 1017 hospite
1551 963 1594 1003 in
1623 963 1684 1003 in-

261 1041 299 1070 16
328 1026 453 1066 sidias
490 1026 791 1080 praecipitatur.
851 1025 991 1066 hostes
1024 1025 1159 1066 subito
1196 1025 1344 1074 exorti,
1384 1032 1441 1074 et,
1479 1040 1529 1065 nc
1560 1024 1685 1065 dubia

326 1088 502 1141 proditio
540 1095 666 1136 esset,
702 1087 858 1127 Flavus
895 1087 943 1127 iis
982 1101 1025 1127 sc
1063 1087 1260 1142 adiungit.
1322 1087 1402 1127 tela
1433 1087 1611 1140 undique
1641 1087 1683 1127 in

261 1164 299 1192 17
329 1147 565 1189 Gracchum
590 1156 711 1202 atque
743 1149 900 1201 equites
934 1148 1200 1188 coniciuntur.
1263 1146 1476 1189 Gracchus
1503 1163 1553 1188 ex
1578 1162 1683 1201 equo

327 1210 480 1259 desilit,
517 1210 626 1250 idem
657 1217 814 1250 eeteros
845 1210 979 1250 facere
1010 1209 1123 1250 iubet
1153 1209 1435 1262 hortaturque,
1473 1216 1535 1258 ut,
1573 1210 1683 1262 quod

327 1287 453 1311 unum
490 1271 691 1323 reliquum
728 1270 891 1311 fortuna
927 1270 1092 1319 fecerit,
1142 1271 1184 1310 id
1220 1271 1485 1312 cohonestent
1521 1271 1681 1311 virtute.

262 1348 301 1378 18
326 1333 524 1373 relicuum
561 1339 697 1372 autem
733 1332 832 1385 quid
868 1346 959 1372 esse
990 1332 1131 1385 paucis
1164 1347 1187 1372 a
1217 1332 1475 1372 multitudine
1506 1332 1548 1371 in
1577 1332 1682 1372 valle

328 1395 431 1435 silva
466 1409 513 1434 ac
549 1393 756 1434 montibus
795 1401 935 1446 saepta
971 1393 1257 1433 circumventis
1295 1400 1454 1447 praeter
1489 1394 1684 1433 mortem?

262 1472 300 1500 19
326 1457 366 1496 id
392 1456 562 1504 referre,
590 1464 724 1495 utrum
750 1454 991 1508 praebentes
1018 1468 1187 1507 corpora
1212 1469 1406 1507 pecorum
1426 1455 1547 1495 modo
1567 1454 1684 1494 inulti

327 1519 578 1559 trucidentur
613 1533 664 1557 an
701 1518 774 1557 toti
804 1532 827 1556 a
857 1516 1048 1570 patiendo
1085 1517 1422 1570 expectandoque
1459 1523 1608 1557 eventu
1642 1517 1684 1556 in

327 1582 525 1634 impetum
551 1586 672 1632 atque
698 1579 799 1619 iram
826 1579 950 1627 versi,
990 1584 1160 1633 agentes
1192 1578 1491 1631 audentesque,
1528 1578 1684 1633 perfusi

327 1642 506 1682 hostium
538 1655 697 1689 cruore,
737 1640 841 1680 inter
871 1639 1167 1694 exspirantium
1197 1639 1453 1681 inimicorum
1480 1640 1685 1680 cumulata

259 1717 301 1747 20
326 1717 518 1756 armaque
562 1710 600 1742 et
643 1716 813 1756 corpora
855 1702 1014 1742 cadant.
1085 1701 1303 1741 Lucanum
1346 1702 1594 1756 proditorem
1637 1716 1685 1742 ac

326 1765 584 1818 transfugam
610 1778 751 1804 omnes
777 1771 960 1817 peterent
970 1779 980 1812 3
1006 1763 1077 1816 qui
1103 1777 1192 1803 eam
1218 1763 1425 1803 victimam
1450 1778 1547 1817 prae
1569 1777 1612 1803 se
1633 1762 1685 1803 ad

326 1826 478 1866 inferos
505 1825 702 1873 misisset,
730 1840 823 1865 eum
849 1825 974 1866 decus
1001 1825 1213 1874 eximium,
1248 1825 1460 1879 egregium
1487 1824 1682 1865 solacium

260 1901 298 1929 21
329 1903 425 1928 suac
461 1887 581 1928 morti
616 1887 891 1927 inventurum.
962 1887 1067 1927 inter
1102 1886 1203 1926 haec
1245 1886 1353 1926 dicta
1393 1886 1683 1939 paludamento

327 1950 433 1990 circa
468 1949 631 1989 lacrum
667 1948 880 1989 brachium
916 1949 1064 1989 intorto
1089 1972 1122 1978 —·
1146 1963 1241 1988 nam
1277 1962 1329 1987 ne
1367 1954 1483 1988 scuta
1518 1947 1683 2000 quidem

260 2026 300 2054 ‘22
328 2025 467 2051 secum
493 2010 721 2051 extulerant
747 2036 779 2041 —
803 2011 845 2050 in
869 2010 998 2051 hostis
1024 2010 1222 2064 impetum
1247 2009 1356 2049 fecit.
1406 2009 1535 2049 maior
1560 2023 1682 2061 quam

326 2087 398 2126 pro
423 2087 592 2112 numero
618 2072 830 2113 hominum
851 2073 983 2113 editur
999 2087 1156 2126 pugna:
1183 2071 1326 2111 iaculis
1347 2071 1524 2111 maxime
1545 2078 1684 2124 aperta

327 2149 497 2188 corpora
520 2134 820 2182 Romanorum,
859 2141 898 2175 et
929 2148 1022 2174 cum
1053 2133 1232 2186 undique
1264 2148 1315 2173 ex
1346 2132 1557 2173 altioribus
1583 2132 1682 2172 locis

260 2210 300 2239 23
327 2196 367 2235 in
392 2210 535 2236 cavam
561 2196 708 2236 vallem
736 2196 915 2236 coiectus
943 2202 1063 2244 esset,
1091 2194 1398 2248 transfiguntur.
1449 2192 1684 2234 Gracchum

326 2258 407 2297 iam
433 2258 632 2297 nudatum
656 2258 861 2311 praesidio
887 2258 1026 2298 vivum
1053 2272 1197 2311 capere
1223 2257 1355 2297 Poeni
1380 2256 1581 2304 nituntur3
1620 2269 1685 2295 ce-

327 2327 459 2360 terum
490 2320 750 2373 conspicatus
775 2320 997 2360 Lucanum
1027 2319 1231 2373 hospitem
1262 2318 1366 2358 inter
1396 2317 1544 2366 hostis,
1582 2316 1684 2357 adeo

327 2382 500 2422 infestus
527 2382 733 2423 confertos
759 2382 927 2429 invasit,
964 2388 1009 2421 ut
1034 2381 1145 2435 parci
1171 2381 1207 2420 ei
1233 2380 1320 2420 sine
1350 2379 1571 2419 multorum
1595 2392 1686 2431 per-

262 2456 303 2485 21
328 2443 431 2483 nicie
467 2458 550 2483 non
584 2450 738 2497 posset.
812 2443 1042 2483 exanimem
1085 2457 1179 2483 eum
1215 2441 1344 2495 Mago
1387 2439 1592 2494 extemplo
1633 2438 1684 2479 ad

328 2505 604 2546 Hannibalem
632 2506 743 2546 misit
767 2505 945 2559 ponique
971 2520 1063 2545 cum
1090 2504 1218 2558 captis
1244 2503 1366 2544 simul
1390 2501 1573 2543 fascibus
1593 2506 1684 2541 ante

263 2580 303 2608 25
329 2566 506 2607 tribunal
551 2567 807 2622 imperatoris
855 2567 986 2607 iussit.
1062 2565 1146 2621 [si]
1184 2566 1286 2606 haec
1327 2580 1424 2605 vera
1465 2564 1576 2604 fama
1609 2568 1682 2610 est,

332 2626 545 2668 Gracchus
581 2629 623 2668 in
648 2629 832 2669 Lucanis
864 2628 915 2668 ad
952 2643 1137 2682 campos,
1175 2628 1244 2681 qui
1280 2633 1438 2667 veteres
1474 2629 1682 2670 vocantur,

331 2696 459 2741 pcrut.
