1815 3184
509 244 662 279 LIBER
687 243 833 287 XXVI,
860 243 983 277 assa
1012 245 1060 286 [a.
1077 241 1114 276 e.
1130 243 1211 286 210]
1459 233 1540 273 297

187 349 400 390 obtineret.
450 349 652 390 exercitus
679 347 737 388 eis
758 348 839 388 duo
860 346 1028 395 decreti,
1057 346 1125 399 qui
1151 345 1192 386 in
1205 345 1371 386 Etruria
1388 344 1542 387 Gallia-

188 426 267 465 que
300 417 460 461 essent3
501 425 572 451 eae
605 417 797 463 quattuor
827 415 941 449 erant
970 408 1173 463 legiones:
1226 408 1407 449 urbanae
1439 409 1544 448 duae

189 473 408 527 superioris
436 472 531 513 anni
555 472 598 512 in
621 471 848 520 Etruriam,
882 471 1004 520 duae,
1037 470 1185 523 quibus
1215 469 1423 524 Sulpicius
1450 484 1545 511 con-

189 535 252 575 sul
278 534 542 589 praefuisset,
569 535 609 573 in
629 531 807 574 Galliam
833 533 1105 581 mitterentur;
1137 531 1296 573 Galliae
1317 541 1355 573 et
1374 532 1545 588 legioni-

187 596 265 637 bus
290 603 518 651 praeesset,
556 611 678 650 quem
704 595 865 644 consul,
904 595 1019 635 cuius
1044 594 1163 635 Italia
1188 595 1397 649 provincia
1422 601 1542 644 esset,

187 659 472 712 praefecisset,
515 659 556 698 in
585 658 794 698 Etruriam
828 656 876 698 C.
905 656 1153 711 Calpurnius
1185 664 1279 711 post
1310 664 1544 711 praeturam

188 727 407 775 prorogato
433 721 474 761 in
501 735 654 761 annum
678 720 849 774 imperio
875 719 1040 760 missus.
1089 726 1128 760 et
1155 718 1206 771 Q.
1228 719 1375 759 Fulvio
1397 719 1544 774 Capua

187 783 397 836 provincia
433 783 594 823 decreta
638 788 985 836 prorogatumque
1028 782 1070 821 in
1113 797 1264 821 annum
1307 782 1542 836 imperiumg

188 845 390 885 exercitus
417 844 565 885 civium
593 844 878 895 sociorumque
898 843 1027 883 minui
1051 843 1208 892 iussus,
1236 851 1281 884 ut
1307 858 1357 884 ex
1383 843 1542 885 duabus

186 906 417 961 legionibus
454 921 536 946 una
565 906 692 960 legio,
736 905 915 958 quinque
947 905 1058 945 milia
1092 906 1276 959 peditum
1309 913 1348 946 et
1377 907 1546 947 trecenti

188 968 344 1021 equites
377 974 533 1016 essent,
571 967 752 1007 dimissis
791 967 860 1020 qui
896 967 1071 1020 plurima
1103 967 1304 1021 stipendia
1334 967 1543 1017 haberent,

188 1037 226 1070 et
259 1030 461 1070 sociorum
494 1035 651 1082 septem
682 1028 793 1067 milia
824 1028 1007 1081 peditum
1040 1034 1079 1067 et
1105 1029 1273 1068 trecenti
1300 1029 1456 1081 equites
1482 1045 1545 1070 re-

185 1092 482 1144 linquerentur,
510 1091 651 1131 eadem
677 1090 833 1130 ratione
860 1090 1156 1144 stipendiorum
1181 1090 1321 1130 habita
1340 1090 1382 1130 in
1400 1092 1546 1131 veteri-

185 1153 262 1194 bus
294 1152 491 1193 militibus
523 1151 786 1192 dimittendis.
849 1150 927 1192 Cn.
958 1151 1107 1192 Fulvio
1134 1151 1292 1192 consuli
1324 1153 1543 1206 superioris

185 1216 281 1256 anni
305 1230 380 1256 neo
406 1215 455 1255 de
481 1214 691 1269 provincia
716 1213 871 1268 Apulia
901 1228 978 1254 nee
1008 1214 1058 1254 de
1090 1214 1288 1263 exercitu,
1327 1229 1448 1268 quem
1474 1215 1546 1256 ha-

184 1277 345 1327 buerat,
372 1277 593 1331 quicquam
619 1284 841 1326 mutatum3
868 1283 1027 1317 tantum
1046 1277 1087 1317 in
1107 1292 1259 1317 annum
1279 1286 1545 1332 prorogatum

184 1340 401 1395 imperium
426 1346 499 1381 est.
561 1339 609 1380 P.
639 1338 848 1393 Sulpicius
881 1339 1053 1394 conlega
1085 1339 1171 1379 eius
1203 1355 1366 1380 omnem
1392 1341 1545 1381 exerci-

185 1411 272 1442 tum
296 1409 456 1456 praeter
489 1402 622 1443 socios
654 1402 810 1443 navalis
842 1402 980 1443 iussus
1013 1403 1215 1444 dimittere
1247 1414 1320 1444 est.
1370 1404 1468 1444 item
1494 1419 1545 1445 ex

188 1463 328 1505 Sicilia
354 1464 574 1513 exercitus,
614 1464 679 1504 cui
703 1464 764 1504 M.
794 1463 1010 1505 Cornelius
1037 1471 1265 1519 praeesset,
1303 1465 1375 1507 ubi
1401 1466 1543 1507 'consul

185 1527 226 1567 in
252 1526 503 1581 provinciam
529 1527 727 1576 venisset,
754 1527 901 1567 dimitti
927 1527 1078 1568 iussus.
1122 1528 1174 1568 L.
1198 1527 1341 1569 Cincio
1366 1529 1544 1583 praetori

187 1589 239 1629 ad
270 1588 533 1629 obtinendam
567 1587 751 1629 Siciliam
784 1588 1026 1630 Cannenses
1063 1590 1212 1630 milites
1251 1591 1334 1630 dati
1370 1591 1544 1631 duarum

185 1652 314 1692 instar
337 1651 558 1706 legionum.
608 1652 777 1692 totidem
801 1652 984 1706 legiones
1010 1653 1052 1692 in
1074 1651 1307 1693 Sardiniam
1322 1653 1370 1693 P.
1385 1653 1545 1694 Manlio

186 1713 363 1754 Vulsoni
388 1713 565 1767 praetori
590 1713 795 1762 decretae,
834 1713 982 1766 quibus
1008 1715 1061 1754 L.
1091 1713 1307 1755 Cornelius
1333 1715 1373 1755 in
1401 1716 1545 1756 eadem

185 1775 396 1829 provincia
431 1775 566 1830 priore
603 1790 710 1816 anno
746 1776 991 1829 praefuerat.
1052 1775 1231 1817 urbanas
1268 1777 1452 1831 legiones
1489 1778 1545 1818 ita

188 1837 364 1878 scribere
390 1838 579 1878 consules
605 1837 725 1886 iussi,
758 1852 808 1878 ne
834 1852 956 1890 quem
982 1838 1152 1878 militem
1179 1838 1376 1888 facerent,
1409 1839 1479 1893 qui
1504 1840 1546 1880 in

187 1899 367 1940 exercitu
403 1899 464 1940 M.
496 1899 675 1948 Valerii,
727 1899 778 1952 Q.
811 1900 934 1940 Fulvi
969 1900 1164 1949 fuissent,
1213 1916 1316 1942 neve
1353 1916 1401 1943 eo
1438 1917 1544 1943 anno

185 1961 323 2015 plures
350 1976 472 2014 quam
499 1977 579 2002 una
606 1970 643 2002 et
670 1962 813 2016 viginti
838 1961 1027 2002 Romana
1051 1962 1235 2017 legiones
1262 1970 1412 2004 essent.

270 2023 514 2064 XXVIIII.
564 2024 644 2065 His
666 2032 831 2065 senatus
852 2024 1048 2065 consultis
1075 2024 1267 2078 perfectis
1295 2025 1426 2066 sortiri
1452 2041 1545 2079 pro-

190 2085 344 2126 vincias
371 2086 572 2126 consules.
636 2085 777 2127 Sicilia
808 2093 847 2126 ct
873 2086 1018 2127 classis
1043 2086 1262 2136 Marcello,
1300 2088 1420 2128 Italia
1451 2102 1544 2127 cum

187 2146 294 2188 bello
331 2148 528 2189 adversus
560 2148 838 2189 Hannibalem
866 2149 1055 2190 Laevino
1091 2150 1238 2190 evenit.
1300 2164 1404 2203 quae
1442 2165 1542 2198 sors,

187 2209 298 2250 velut
324 2209 469 2250 iterum
496 2211 624 2265 captis
653 2209 890 2265 Syracusis,
928 2211 983 2251 ita
1010 2211 1259 2252 exanimavit
1287 2211 1449 2253 Siculos
1476 2227 1546 2252 ex-

188 2271 416 2325 pectatione
444 2273 562 2313 sortis
595 2273 636 2312 in
668 2273 883 2313 consulum
914 2281 1138 2328 conspectu
1165 2274 1327 2322 stantis,
1366 2281 1409 2314 ut
1435 2289 1546 2315 com-

187 2333 360 2388 ploratio
409 2348 550 2375 eorum
597 2335 836 2388 flebilesque
885 2350 1006 2376 voces
1056 2342 1095 2376 et
1144 2336 1349 2390 extemplo
1404 2336 1544 2377 oculos

186 2396 398 2436 hominum
425 2397 698 2438 converterint
722 2404 761 2438 et
786 2398 1003 2452 postmodo
1029 2413 1238 2439 sermones
1270 2398 1544 2453 praebuerint.

188 2458 455 2499 circumibant
481 2459 589 2499 enim
616 2467 803 2500 senatum
829 2475 921 2501 eum
941 2466 1054 2501 veste
1077 2461 1241 2501 sordida
1266 2461 1542 2510 adfirmantes,

189 2536 231 2560 se
257 2535 339 2560 non
364 2521 485 2562 modo
512 2537 629 2561 suam
661 2522 834 2575 quisque
864 2522 1057 2576 patriam,
1096 2523 1169 2563 sed
1200 2529 1325 2564 totam
1361 2522 1545 2564 Siciliam

187 2582 416 2632 relicturos,
456 2583 490 2624 si
522 2598 569 2624 eo
600 2583 824 2625 Marcellus
856 2584 1002 2625 iterum
1035 2599 1128 2624 eum
1160 2585 1330 2639 imperio
1356 2585 1542 2626 redisset.

186 2644 298 2684 nullo
325 2660 399 2685 suo
425 2645 568 2686 merito
595 2660 688 2686 eum
715 2653 808 2686 ante
833 2646 1118 2700 inplacabilem
1145 2647 1186 2687 in
1207 2663 1249 2688 se
1270 2647 1418 2688 fuisse:
1445 2647 1544 2701 quid

187 2706 352 2756 iratum,
381 2708 490 2761 quod
503 2707 680 2749 Romam
706 2708 756 2750 de
783 2724 826 2749 se
852 2715 1042 2762 questum
1062 2710 1224 2751 venisse
1243 2709 1406 2751 Siculos
1428 2711 1541 2759 sciat,

1567 360 1585 388 4

1572 858 1588 886 *l

1570 1045 1589 1074 8

1571 1170 1588 1198 9

1573 1419 1613 1448 10

1575 1544 1608 1571 11

1574 1668 1612 1695 1⁶)

1595 1688 1611 1696 -a

1573 1790 1612 1818 13

1576 2040 1586 2066 l

1571 2163 1589 2191 2

1570 2476 1588 2504 3

1570 2663 1587 2690 4
