1815 3184
437 238 590 273 LIBER
615 238 746 283 XXII,
774 238 828 272 36.
848 238 902 272 37.
931 240 979 281 [a.
997 235 1130 280 0216]
1411 227 1463 268 89

108 343 303 385 Caeretes
330 357 457 396 aquas
484 343 596 384 fonte
623 342 755 383 calido
797 339 976 397 gelida]s
1002 354 1191 381 manasse
1201 357 1211 390 3
1236 340 1278 381 id
1297 339 1463 394 quidem

106 406 247 455 etiam,
285 407 397 459 quod
430 406 593 460 saepius
620 405 841 454 acciderat,
873 403 1006 458 magis
1033 402 1221 443 terrebat.
1271 409 1310 443 et
1334 402 1376 442 in
1401 402 1467 442 via

105 468 140 508 F
143 468 340 517 ornicata‚
378 482 483 521 quae
519 468 572 508 ad
609 467 816 521 Campum
853 472 956 514 erat,
1000 465 1155 518 aliquot
1190 465 1378 505 homines
1415 464 1466 504 de

105 529 218 570 caelo
256 529 355 570 tacti
391 529 694 582 exanimatique
732 530 907 569 fuerant.
958 542 1006 568 ea
1040 527 1229 581 prodigia
1266 541 1317 567 ex
1352 525 1464 566 libris

104 598 332 645 procurata.
380 591 506 645 legati
532 606 555 631 a
573 590 726 631 Paesto
750 597 913 644 pateras
940 604 1084 629 aureas
1105 589 1283 629 Romam
1307 587 1464 628 adtule-

104 659 209 693 runt.
258 653 307 693 iis
335 652 438 693 sicut
463 652 743 707 Neapolitanis
775 651 930 706 gratiae
956 658 1090 699 actae,
1123 665 1268 691 aurum
1293 664 1375 690 non
1400 663 1467 689 ac-

105 722 282 768 ceptum.

190 775 436 817 XXXVII.
480 775 563 816 Per
588 775 755 816 eosdem
781 775 867 816 dies
894 774 944 815 ab
965 774 1148 816 Hierone
1175 773 1318 814 classis
1342 771 1464 814 Ostia

106 852 199 877 cum
225 852 375 891 magno
402 843 633 877 commeatu
658 837 843 877 accessit.
893 836 1018 890 legati
1048 836 1091 875 in
1123 842 1310 876 senatum
1335 835 1461 875 intro-

107 899 218 939 ducti
243 899 480 938 nuntiarunt
506 899 672 938 eaedem
700 897 748 938 C.
769 898 947 937 Flamini
974 897 1153 937 consulis
1180 897 1465 949 exercitusque

105 960 283 1000 adlatam
309 960 411 1000 adeo
437 974 558 1014 aegre
587 959 729 999 tulisse
749 974 890 1013 regem
910 958 1156 1006 Hieronem,
1182 965 1227 997 ut
1252 958 1365 998 nulla
1390 973 1465 997 sua

104 1022 268 1076 propria
292 1021 491 1075 regnique
518 1021 581 1061 sui
606 1020 721 1060 clade
746 1020 902 1060 moveri
928 1020 1062 1073 magis
1087 1019 1278 1073 potuerit.
1326 1020 1464 1071 itaque

104 1099 355 1138 quamquam
385 1083 513 1137 probe
546 1083 647 1123 sciat
672 1082 999 1137 magnitudinem
1025 1082 1167 1135 populi
1192 1081 1370 1121 Romani
1395 1082 1466 1121 ad-

104 1145 393 1186 mirabiliorem
428 1159 556 1198 prope
594 1145 777 1185 adversis
814 1143 938 1184 rebus
976 1158 1099 1196 quam
1138 1143 1328 1183 secundis
1361 1157 1465 1191 esse,

105 1216 242 1248 tamen
269 1221 312 1247 se
339 1207 494 1255 omnia,
529 1206 678 1259 quibus
705 1221 729 1246 a
753 1205 872 1246 bonis
898 1205 1172 1258 fidelibusque
1206 1204 1327 1245 sociis
1358 1204 1467 1244 bella

103 1270 235 1310 iuvari
261 1268 436 1317 soleant,
470 1268 652 1317 misisse3
685 1282 791 1321 quae
816 1283 866 1307 ne
892 1267 1077 1321 accipere
1103 1267 1285 1307 abnuant
1316 1280 1467 1320 magno

106 1345 228 1385 opere
261 1345 304 1371 se
335 1340 472 1384 patres
505 1330 759 1384 conscriptos
792 1343 919 1370 orare.
974 1329 1057 1369 iam
1082 1329 1263 1369 omnium
1290 1328 1467 1382 primum

104 1393 251 1434 ominis
285 1407 409 1432 causa
443 1391 671 1433 Victoriam
703 1406 869 1432 auream
902 1391 1039 1445 pondo
1071 1391 1294 1431 ducentum
1325 1404 1373 1430 ac
1409 1389 1469 1429 vi-

104 1455 208 1511 ginti
230 1455 389 1495 adferre
411 1468 519 1494 sese:
547 1454 779 1508 acciperent
798 1467 889 1493 eam
914 1459 1181 1506 tenerentque
1208 1459 1247 1493 et
1271 1451 1469 1492 haberent

104 1517 310 1570 propriam
342 1523 381 1556 ct
412 1523 665 1570 perpetuam.
727 1515 945 1555 advexisse
982 1515 1105 1554 etiam
1143 1522 1325 1554 trecenta
1355 1513 1467 1554 milia

104 1578 287 1619 111011111111
313 1578 452 1627 tritici,
491 1578 666 1618 ducenta
691 1577 852 1626 hordei,
890 1591 942 1617 ne
974 1583 1228 1617 commeatus
1262 1577 1465 1624 deessent,

105 1647 142 1679 et
174 1646 374 1692 quantum
405 1645 615 1693 praeterea
646 1654 749 1693 opus
782 1646 910 1687 esset,
943 1653 1024 1691 quo
1049 1639 1268 1679 iussissent
1294 1637 1468 1679 subvec-

104 1708 231 1742 turos.
294 1701 420 1741 milite
457 1707 578 1754 atque
611 1701 746 1753 equite
780 1701 882 1741 scire
914 1700 992 1741 nisi
1022 1700 1212 1740 Romano
1242 1700 1467 1752 Latinique

103 1763 280 1803 nominis
323 1778 406 1803 11011
441 1763 500 1802 uti
535 1762 735 1816 populum
772 1762 1027 1809 Romanum,
1070 1762 1223 1801 levium
1261 1776 1467 1802 armorum

104 1824 256 1864 auxilia
287 1824 409 1864 etiam
441 1834 610 1864 externa
640 1824 794 1864 vidisse
824 1824 865 1863 in
898 1824 1041 1864 eastris
1072 1823 1290 1864 Romanis:
1329 1823 1466 1875 itaque

103 1885 266 1926 misisse
291 1886 401 1926 mille
428 1886 732 1940 sagittariorum
758 1900 804 1925 ac
830 1885 1101 1933 funditorum,
1135 1891 1273 1939 aptam
1299 1899 1466 1924 manum

104 1947 302 1988 adversus
339 1948 524 1988 Baliares
563 1962 609 1988 ac
642 1946 814 1987 Mauros
851 1961 1145 2002 pugnacesque
1182 1947 1283 1986 alias
1321 1946 1466 1986 missili

103 2009 183 2049 telo
208 2015 365 2063 gentes.
415 2010 468 2050 ad
498 2024 546 2050 ea
577 2010 685 2050 dona
716 2009 932 2049 eonsilium
964 2023 1128 2062 quoque
1159 2008 1383 2056 addebant,
1423 2015 1467 2047 ut

103 2078 278 2124 praetor,
313 2072 378 2111 0111
411 2071 622 2125 provincia
649 2070 792 2112 Sicilia
822 2070 1047 2119 evenisset,
1081 2071 1256 2110 classem
1287 2069 1329 2109 in
1352 2068 1468 2108 Afri-

105 2148 194 2172 cam
221 2133 425 2182 traiceret,
457 2141 502 2174 ut
527 2140 565 2174 et
596 2134 736 2174 hostes
769 2133 811 2172 111
841 2139 948 2173 terra
979 2148 1054 2173 sua
1085 2131 1239 2172 bellum
1270 2130 1467 2171 haberent

105 2194 322 2247 minusque
346 2195 569 2236 laxamenti
595 2195 759 2235 daretur
784 2194 846 2234 his
875 2194 926 2234 ad
951 2193 1103 2234 auxilia
1122 2192 1350 2233 Hannibali
1371 2192 1467 2233 sub-

107 2256 317 2296 mittenda.

191 2318 261 2359 Ab
288 2325 433 2359 senatu
456 2319 514 2359 ita
538 2333 783 2373 responsum
808 2319 897 2373 regi
917 2324 996 2367 est,
1023 2318 1156 2358 virum
1175 2316 1331 2358 bonum
1351 2331 1466 2372 egre-

106 2380 302 2434 giumque
340 2381 497 2421 socium
528 2379 756 2421 Hieronem
794 2395 903 2429 esse,
947 2386 1069 2432 atque
1106 2394 1187 2419 uno
1218 2386 1376 2428 tenore,
1415 2394 1466 2419 ex

107 2456 187 2494 quo
217 2442 259 2481 111
291 2442 511 2482 amicitiam
543 2442 684 2496 populi
714 2442 893 2482 Romani
923 2441 1097 2490 venerit,
1135 2441 1259 2480 fidem
1290 2440 1467 2481 coluisse

107 2518 155 2544 ac
184 2518 271 2544 rem
302 2503 535 2544 Romanam
572 2504 683 2545 omni
714 2511 896 2558 tempore
929 2518 976 2543 ac
1006 2503 1096 2543 loco
1127 2503 1319 2543 munifice
1351 2503 1467 2543 adiu-

106 2565 229 2606 visse.
272 2566 313 2605 id
332 2566 501 2620 perinde
526 2581 573 2607 ao
599 2566 765 2608 deberet
789 2574 952 2621 gratum
971 2566 1124 2620 populo
1145 2565 1333 2606 Romano
1359 2580 1463 2606 esse.

105 2642 250 2667 aumim
282 2635 320 2668 et
352 2643 375 2668 a
407 2627 640 2668 civitatibus
673 2628 921 2681 quibusdam
952 2627 1134 2668 adlatum
1160 2627 1292 2682 gratia
1315 2627 1374 2668 rei
1398 2642 1465 2668 ac-

105 2696 222 2743 cepta
248 2704 325 2730 non
349 2690 557 2745 accepisse
578 2690 774 2745 populum
796 2690 1049 2731 Romanum:
1075 2689 1301 2730 Victoriam
1324 2703 1465 2730 omen-

1490 353 1509 382 8

1491 537 1507 565 9

1488 849 1505 877 te

1492 1217 1512 1245 4

1494 1343 1512 1370 ἶ)

1494 1527 1511 1555 6

1495 1712 1510 1740 7

1492 1836 1511 1864 S

1491 2022 1508 2050 9

1493 2331 1532 2360 10

1492 2641 1527 2670 11

1492 2702 1530 2731 12
