1815 3184
468 251 620 286 LIBER
644 251 753 296 XXI,
779 251 833 285 40.
851 251 906 284 41.
935 247 1130 293 [a.e.21s]
1424 237 1478 278 33

125 372 203 411 que
229 357 441 398 Romanus
474 355 619 403 voluit,
657 369 753 409 ego,
791 360 834 394 ut
865 352 1074 394 consulem
1107 350 1253 391 ducem
1280 350 1477 390 adversus
1503 364 1523 392 4

125 419 404 460 Hannibalem
430 432 477 458 ac
496 417 659 457 Poenos
680 416 906 464 haberetis,
932 415 1020 469 ipse
1045 429 1111 454 me
1135 413 1230 453 huic
1249 412 1479 453 voluntario

125 481 336 521 certamini
355 479 495 528 obtuli,
522 494 628 519 novo
648 477 882 532 imperatori
902 476 1011 530 apud
1030 490 1159 516 novos
1180 474 1329 514 milites
1349 487 1481 527 pauca

125 542 251 583 verba
276 541 464 582 facienda
490 548 596 581 sunt.
651 555 701 580 ne
726 554 857 594 genus
883 538 979 579 belli
1004 552 1107 578 neve
1132 537 1294 577 hostem
1319 536 1481 590 ignore-

125 605 195 653 tis,
228 618 320 643 cum
347 603 410 643 his
443 608 504 643 est
534 601 671 651 vobis,
710 601 878 650 milites,
915 599 1204 654 pugnandum,
1242 612 1344 651 quos
1376 603 1482 637 terra

124 666 307 718 marique
344 664 476 718 priore
513 663 620 703 bello
656 663 832 711 vicistis,
878 677 902 702 a
937 660 1086 714 quibus
1125 659 1373 714 stipendium
1409 673 1483 712 per

125 727 271 781 viginti
302 740 430 766 annos
464 725 677 779 exegistis,
716 740 740 764 a
770 723 918 777 quibus
945 733 1063 776 capta
1088 722 1183 762 belli
1208 721 1391 775 praemia
1417 720 1483 761 Si-

125 789 258 829 ciliam
285 803 333 828 ac
360 787 593 829 Sardiniam
618 786 791 827 habetis.
847 786 920 826 erit
944 785 1068 839 igitur
1092 784 1133 824 in
1159 784 1237 824 1100
1262 783 1482 824 certamine

124 852 158 892 is
185 851 302 891 vobis
328 850 490 903 illisque
516 850 695 898 animus,
723 849 792 902 qui
815 847 1035 888 victoribus
1057 854 1096 887 et
1117 847 1233 887 victis
1255 861 1345 887 esse
1367 846 1482 886 solet.

125 927 200 953 nec
219 927 326 952 nunc
347 912 415 959 illi,
443 911 539 964 quia
558 911 727 958 audent,
757 911 828 950 sed
848 909 943 962 quia
962 923 1132 948 necesse
1155 915 1234 956 est,
1262 907 1483 962 pugnaturi

126 980 238 1022 sunt,
265 973 344 1013 nisi
365 972 548 1021 creditis,
575 971 645 1024 qui
666 971 847 1011 exercitu
866 970 1061 1010 incolumi
1080 984 1262 1023 pugnam
1283 969 1483 1009 detracta-

126 1049 238 1082 vere,
266 1049 336 1074 eos
357 1033 517 1074 duabus
536 1031 721 1086 partibus
741 1032 926 1086 peditum
952 1031 1218 1083 equitumque
1242 1031 1284 1070 in
1310 1030 1483 1070 transitu

124 1096 297 1149 Alpium
332 1095 495 1135 amissis
528 1109 609 1147 quo
640 1094 777 1148 plures
808 1107 938 1148 paene
969 1092 1162 1146 perierint
1193 1106 1316 1144 quam
1343 1105 1485 1144 super-

126 1157 223 1206 sint,
256 1156 348 1210 plus
376 1156 462 1210 spei
487 1164 630 1196 nactos
657 1170 760 1195 esse.
816 1161 856 1195 at
888 1155 995 1194 enim
1027 1154 1148 1208 pauci
1179 1153 1344 1206 quidem
1377 1160 1483 1199 sunt,

126 1219 199 1259 sed
242 1218 427 1272 vigentes
472 1217 618 1258 animis
656 1216 999 1271 corporibusque,
1043 1230 1218 1268 quorum
1254 1214 1403 1255 robora
1438 1228 1485 1254 ac

125 1280 231 1321 vires
257 1280 327 1320 vix
353 1279 561 1320 sustinere.
581 1279 642 1319 vis
668 1278 751 1318 ulla
775 1278 918 1332 possit.
963 1277 1143 1332 effigies,
1170 1277 1296 1317 immo
1316 1275 1485 1316 umbrae

125 1341 338 1382 hominum
364 1340 492 1390 fame,
519 1341 691 1395 frigore,
723 1340 894 1387 inluvie,
928 1339 1117 1392 squalore
1143 1339 1293 1387 enecti,
1326 1337 1485 1378 contusi

127 1418 174 1443 ao
205 1403 404 1443 debilitati
434 1403 538 1443 inter
569 1418 670 1443 saxa
699 1416 924 1456 rupesque3
963 1401 1015 1441 ad
1045 1401 1121 1441 hoc
1154 1400 1335 1455 praeusti
1360 1406 1484 1448 artus,

127 1465 219 1505 nive
245 1465 422 1519 rigentes
448 1464 581 1513 nervi,
608 1463 793 1504 membra
813 1463 965 1504 torrida
983 1463 1097 1518 gelu,
1126 1469 1321 1516 quassata
1338 1462 1487 1502 fracta-

127 1541 206 1579 que
233 1541 362 1575 arma,
390 1526 524 1566 claudi
550 1540 598 1566 ac
617 1525 772 1566 debiles
793 1525 971 1578 equi——z
1000 1539 1092 1565 011111
1113 1525 1191 1565 1100
1211 1524 1365 1577 equite,
1392 1538 1485 1564 cum

127 1588 205 1629 1100
242 1588 377 1642 pedite
412 1588 633 1642 pugnaturi
672 1588 788 1636 estis,
825 1587 1017 1640 reliquias
1051 1594 1254 1627 extremas
1291 1585 1485 1632 hostium,

128 1665 210 1690 non
241 1649 402 1689 hostem
432 1648 649 1689 habebitis.
699 1663 746 1690 110
776 1649 876 1689 1111111
908 1649 1040 1703 magis
1073 1663 1228 1697 vereor,
1266 1660 1389 1701 quam
1420 1662 1485 1696 nc,

129 1726 203 1752 vos
230 1726 322 1752 cum
348 1711 647 1765 pugnaveritis,
680 1711 812 1765 Alpes
840 1711 988 1752 vicisse
1013 1710 1293 1751 Hannibalem
1319 1710 1486 1750 videan-

130 1780 206 1813 tur.
262 1773 334 1813 sed
359 1773 414 1813 ita
439 1772 610 1813 forsitan
636 1773 790 1821 decuit,
822 1787 914 1813 011111
941 1772 1155 1813 foederum
1186 1779 1351 1826 ruptore
1381 1772 1485 1812 duce

130 1849 176 1875 ac
196 1834 348 1888 populo
368 1835 466 1875 deos
492 1834 604 1888 ipsos
632 1835 719 1875 sine
743 1835 827 1875 ulla
851 1835 1031 1875 humana
1056 1848 1133 1889 ope
1160 1834 1414 1874 committere
1440 1847 1486 1874 ac

129 1896 346 1950 profligare
371 1896 542 1945 bellum,
569 1911 663 1945 nos,
690 1897 759 1949 qui
786 1897 1012 1937 secundum
1039 1897 1138 1937 deos
1164 1896 1304 1936 violati
1330 1910 1486 1943 sumus,

131 1958 396 1998 commissum
422 1973 469 1998 ac
493 1958 755 2012 profligatum
781 1958 994 1999 conficere.

215 2018 444 2059 XXXXL
493 2019 587 2061 Non
617 2035 772 2069 vereor,
809 2034 860 2060 ne
892 2020 983 2073 quis
1015 2034 1080 2060 me
1116 2019 1218 2059 haec
1255 2018 1381 2059 vestri
1417 2018 1489 2058 ad-

132 2081 321 2122 hortandi
364 2096 488 2122 causa
529 2083 746 2137 magnifice
783 2083 895 2136 loqui
933 2083 1155 2130 existimet,
1199 2082 1336 2136 ipsum
1374 2081 1490 2121 aliter

134 2143 269 2183 animo
307 2143 515 2183 adfectum
552 2159 656 2185 esse.
711 2144 825 2184 licuit
855 2145 896 2184 in
928 2144 1197 2198 Hispaniam,
1235 2143 1488 2197 provinciam

134 2218 286 2252 meam,
325 2219 405 2257 quo
438 2205 518 2244 iam
550 2205 759 2259 profectus
793 2220 925 2254 eram,
964 2220 1058 2245 cum
1089 2204 1270 2245 exercitu
1300 2204 1357 2244 ire
1384 2219 1487 2253 meo,

135 2265 205 2305 ubi
231 2272 269 2305 et
294 2265 460 2306 fratrem
486 2267 643 2307 consilii
668 2267 907 2321 participem
929 2282 975 2307 ac
997 2266 1167 2320 periculi
1188 2266 1344 2306 socium
1364 2266 1490 2307 habe-

135 2341 240 2374 rem,
278 2333 317 2366 et
347 2326 655 2368 Hasdrubalem
687 2329 822 2381 potius
855 2343 977 2381 quam
1004 2327 1282 2368 Hannibalem
1314 2328 1487 2376 hostem,

136 2396 173 2428 ct
199 2388 397 2428 minorem
423 2389 533 2445 haud
558 2389 680 2430 dubie
706 2390 854 2430 molem
876 2390 988 2430 belli:
1015 2396 1170 2438 tamen,
1199 2404 1290 2431 cum
1311 2398 1490 2444 praeter-

135 2450 305 2490 veherer
329 2450 502 2491 navibus
530 2449 690 2491 Galliae
716 2466 847 2499 oram,
880 2452 932 2492 ad
956 2451 1110 2492 famam
1134 2451 1256 2492 huius
1287 2452 1416 2492 hostis
1448 2452 1488 2492 in

136 2520 284 2553 terram
316 2527 507 2567 egressus
538 2513 765 2567 praemisso
797 2513 981 2566 equitatu
1012 2514 1064 2554 ad
1094 2513 1343 2554 Rhodanum
1379 2514 1489 2554 movi

1507 550 1526 578 5

1511 920 1526 949 *Ι

1514 1537 1553 1566 10

1514 1785 1547 1813 1]

1515 2154 1533 2184 ΚΟ

136 2582 280 2614 castra.
330 2575 508 2628 equestri
539 2575 711 2629 proelio,
749 2590 831 2628 qua
861 2582 975 2629 parte
1007 2575 1217 2629 copiarum
1248 2575 1488 2616 conserendi
1514 2588 1533 2617 4

135 2651 302 2676 manum
338 2636 502 2677 fortuna
532 2638 627 2678 data
658 2644 737 2687 est,
775 2637 936 2678 hostem
970 2637 1075 2687 fudi3
1112 2638 1294 2691 peditum
1326 2652 1487 2692 agmen,

94 2731 97 2734 ,
135 2698 245 2750 quod
270 2698 311 2738 in
337 2698 503 2739 modum
530 2699 773 2754 fugientium
800 2699 947 2754 raptim
967 2699 1176 2755 agebatur,
1203 2699 1299 2752 quia
1318 2699 1488 2752 adsequi

202 2764 267 2791 Livi
287 2765 339 2792 υυΙ.
357 2764 389 2790 11.
1240 2765 1262 2798 3
