1815 3184
463 234 616 267 LIBER
640 233 827 275 XXVIII,
853 233 906 266 24.
927 231 980 265 25.
1009 234 1057 274 [a.
1074 231 1112 265 C.
1128 232 1209 275 206]
1433 222 1514 261 411

165 354 214 379 ea
238 352 342 391 quae
367 338 512 378 fierent
537 344 578 377 et
602 336 741 377 conari
765 335 930 376 obviam
954 335 1012 375 ire
1038 342 1078 375 et
1101 334 1316 389 propalam
1337 334 1516 373 abnuere

164 400 314 440 furoris
341 414 483 439 eorum
508 413 552 438 se
577 398 738 438 futuros
764 397 898 438 socios
925 403 1156 436 senserunt.
1199 395 1353 450 fugatis
1379 395 1517 446 itaque

166 478 187 502 e
212 461 422 516 principiis
449 475 496 501 ac
520 468 616 514 post
639 460 762 515 paulo
789 474 810 500 e
836 459 981 499 castris
1008 458 1201 506 tribunis,
1235 458 1287 498 ad
1310 457 1517 512 principes

166 524 398 571 seditionis,
435 522 648 577 gregarios
680 521 850 570 milites,
890 519 939 561 C.
965 520 1139 560 Albium
1166 518 1371 560 Calenum
1401 526 1441 558 et
1467 515 1517 558 C.

165 585 332 625 Atrium
356 586 582 632 Umbrum,
621 583 801 623 delatum
839 582 1022 622 omnium
1058 596 1265 622 consensu
1300 579 1518 634 imperium

165 654 240 688 est.
301 647 371 700 qui
406 660 669 699 nequaquam
705 644 917 685 tribunicis
956 643 1138 684 contenti
1174 642 1425 683 ornamentis
1456 641 1518 682 in-

167 709 301 763 signia
325 709 449 749 etiam
476 708 625 748 summi
649 707 812 761 imperi,
839 706 974 746 fasces
1002 719 1262 757 securesque,
1290 704 1518 744 adtrectare

166 770 274 810 ausi:
312 784 445 823 neque
472 769 585 810 venit
608 769 650 809 in
674 777 855 808 mentem
881 767 966 807 suis
993 767 1119 821 tergis
1151 766 1320 819 suisque
1351 765 1520 806 cervici—

166 832 242 871 bus
280 832 419 886 virgas
455 831 547 871 illas
585 844 834 882 securesque
870 829 1101 877 imminere,
1141 842 1243 881 quas
1277 828 1329 868 ad
1363 834 1520 867 metum

166 892 338 932 aliorum
362 892 630 946 praeferrent.
690 906 801 931 mors
829 888 1036 944 Scipionis
1061 889 1167 929 falso
1194 890 1348 930 credita
1372 889 1520 930 obcae-

166 954 286 994 cabat
311 954 488 1001 animos,
516 954 593 993 sub
620 952 735 992 cuius
762 952 974 1005 vulgatam
998 967 1096 991 mox
1121 951 1276 991 famam
1299 966 1383 991 non
1402 950 1520 990 dubi-

165 1016 307 1055 tabant
332 1022 460 1054 totam
485 1013 736 1067 Hispaniam
761 1027 947 1052 arsuram
971 1013 1099 1052 bello:
1136 1012 1178 1052 in
1204 1027 1252 1053 eo
1277 1012 1455 1052 tumultu
1481 1020 1519 1051 et

166 1076 287 1117 sociis
312 1075 508 1130 pecunias
535 1075 728 1128 imperari
754 1081 794 1114 et
819 1073 939 1127 diripi
963 1073 1216 1127 propinquas
1238 1074 1361 1113 urbes
1380 1087 1519 1126 posse,

165 1144 206 1177 et
230 1136 403 1176 turbatis
428 1136 571 1184 rebus,
599 1149 692 1175 cum
718 1135 856 1175 omnia
881 1149 1023 1175 omnes
1051 1135 1266 1183 auderent,
1297 1134 1433 1174 minus
1459 1133 1521 1173 in-

165 1198 300 1252 signia
325 1198 413 1238 fore
440 1212 545 1250 quae
570 1197 651 1251 ipsi
675 1197 886 1237 fecissent.

248 1258 400 1301 XXV.
450 1258 559 1299 Cum
585 1258 687 1299 alios
716 1258 890 1298 subinde
914 1257 1092 1298 recentis
1114 1257 1279 1298 nuntios
1305 1271 1388 1297 non
1413 1271 1521 1297 mor-

164 1321 216 1362 tis
251 1322 395 1370 modo,
446 1321 520 1361 sed
557 1320 681 1360 etiam
716 1320 874 1360 funeris
912 1327 1179 1374 expectarent
1214 1333 1348 1371 neque
1380 1333 1522 1373 super-

166 1383 323 1424 veniret
342 1383 561 1435 quisquam
581 1388 929 1434 evanesceretque
949 1389 1102 1421 temere
1123 1388 1236 1421 ortus
1256 1395 1408 1428 rumor,
1435 1389 1522 1420 tum

164 1444 287 1500 primi
312 1452 499 1484 auctores
524 1443 679 1496 requiri
705 1443 850 1497 coepti.
913 1451 953 1483 et
979 1442 1247 1483 subtrahente
1275 1457 1317 1482 sc
1344 1456 1520 1494 quoque,

165 1514 211 1546 ut
236 1505 460 1545 credidisse
485 1506 622 1560 potius
655 1513 809 1545 temere
840 1519 964 1557 quam
993 1504 1164 1544 finxisse
1194 1519 1283 1544 rem
1313 1504 1437 1543 talem
1463 1503 1523 1543 vi-

168 1568 254 1608 deri
277 1575 438 1622 posset,
477 1567 662 1607 destituti
693 1567 818 1606 duces
850 1567 933 1606 iam
965 1581 1041 1606 sua>
1070 1566 1151 1620 ipsi
1179 1566 1359 1620 insignia
1384 1573 1423 1605 et
1448 1580 1522 1619 pro

169 1645 275 1670 vana.
303 1629 483 1683 imagine
513 1629 684 1683 imperi,
722 1629 834 1681 quod
864 1635 1079 1682 gererent,
1117 1643 1259 1668 veram
1288 1627 1522 1679 iustamque

167 1708 264 1733 mox
294 1692 336 1732 in
363 1706 406 1731 se
433 1706 647 1731 versuram
676 1697 925 1744 potestatem
955 1689 1189 1729 horrebant.
1251 1696 1442 1742 stupente
1467 1688 1523 1729 ita

169 1754 369 1794 seditione
395 1767 487 1793 cum
513 1752 651 1793 vivere
677 1752 827 1807 primo,
853 1766 951 1792 mox
976 1751 1097 1791 etiam
1125 1751 1262 1790 valere
1285 1749 1523 1805 Scipionem

167 1817 267 1857 certi
316 1824 503 1856 auctores
553 1815 779 1862 adferrent,
829 1813 982 1853 tribuni
1029 1813 1205 1853 militum
1253 1820 1412 1867 septem
1455 1812 1523 1865 qui

169 1878 363 1933 [lenirent
400 1877 643 1918 seditionem
678 1874 813 1930 missi]
854 1876 905 1915 ab
935 1875 1026 1928 ipso
1060 1873 1255 1928 Scipione
1292 1880 1399 1914 sunt.
1472 1874 1524 1914 ad

168 1954 342 1993 quorum
372 1939 551 1994 primum
583 1938 805 1978 adventum
838 1936 1071 1991 exasperati
1103 1936 1246 1985 animi,
1288 1951 1386 1976 mox
1420 1935 1522 1990 ipsis

167 2001 329 2055 placido
357 2016 544 2041 sermone
570 1999 920 2054 permulcentibus
946 2005 1086 2047 notos,
1124 2012 1219 2038 cum
1251 1998 1400 2050 quibus
1427 2012 1524 2038 con-

169 2063 302 2117 gressi
339 2070 478 2111 erant,
526 2062 641 2103 leniti
678 2057 786 2102 sunt.
869 2060 1158 2100 circumeuntis
1203 2060 1312 2100 enim
1349 2059 1524 2100 tentoria

168 2126 319 2179 primo,
346 2125 493 2165 deinde
518 2125 561 2164 in
585 2123 815 2179 principiis,
842 2122 1064 2177 praetorio,
1091 2122 1161 2162 ubi
1188 2136 1398 2162 sermones
1419 2121 1524 2161 inter

170 2202 213 2227 se
252 2187 474 2227 serentium
506 2187 680 2226 circulos
719 2185 944 2233 vidissent,
988 2184 1315 2236 adloquebantur
1350 2196 1525 2237 percun-

170 2256 327 2289 ctantes
352 2249 505 2303 magis,
533 2263 637 2301 quae
664 2262 789 2288 causa
813 2247 897 2287 irae
918 2245 1343 2298 consternationisque
1365 2245 1524 2285 subitae

170 2311 293 2360 foret,
331 2324 455 2363 quam
491 2310 648 2350 factum
685 2316 941 2350 accusantes.
1001 2308 1128 2362 vulgo
1161 2306 1412 2362 stipendium
1441 2322 1524 2347 non

170 2373 311 2412 datum
337 2373 388 2412 ad
415 2372 523 2412 diem
547 2372 777 2412 iactabatur
803 2378 861 2420 et,
900 2385 993 2411 cum
1025 2371 1171 2411 eodem
1202 2379 1405 2423 tempore,
1443 2383 1523 2421 quo

171 2434 305 2475 scelus
331 2434 687 2488 Iliturgitanorum
713 2432 935 2481 extitisset,
972 2439 1069 2487 post
1098 2432 1273 2472 duorum
1302 2430 1524 2484 imperato-

169 2511 259 2536 rum
286 2496 541 2548 (luorumque
568 2495 794 2536 exercitum
825 2502 1007 2549 stragem
1033 2509 1108 2534 sua
1131 2493 1281 2534 virtute
1307 2493 1525 2533 defensum

169 2574 319 2600 nomen
340 2559 575 2599 Romanum
595 2572 642 2598 ac
666 2564 827 2597 retenta
850 2556 1063 2610 provincia
1087 2562 1214 2604 esset,
1239 2554 1523 2609 Iliturgitanos

168 2636 345 2676 poenam
369 2634 502 2661 noxae
527 2619 716 2660 meritam
742 2619 913 2667 habere,
951 2618 1037 2659 suis
1061 2624 1171 2658 recte
1203 2617 1323 2657 factis
1349 2615 1525 2670 gratiam

169 2683 237 2737 qui
262 2683 450 2724 exsolvat
474 2697 556 2723 non
583 2696 688 2722 esse.
745 2681 841 2721 talia
866 2679 1073 2733 querentis
1100 2694 1232 2732 aequa
1256 2693 1372 2720 orare
1399 2691 1523 2731 seque

1554 406 1593 434 13

1546 654 1585 683 14

1548 902 1586 930 15

1550 1024 1586 1053 16

1549 1457 1566 1484 [ἐκ

1551 2692 1566 2719 7
