1815 3184
276 210 359 251 408
592 216 746 250 LIBER
769 211 955 259 xxviii,
981 216 1036 249 22.
1064 218 1159 258 [a.u.
1176 216 1299 259 0.548]

277 320 503 375 appellant,
541 319 643 358 duas
670 317 886 372 opulentas
913 317 1099 358 civitates
1127 318 1215 358 sine
1240 319 1462 359 certamine
1491 319 1534 360 in
1558 320 1624 361 de-

277 383 473 422 ditionem
511 379 680 433 aceepit.
740 380 906 434 Astapa
940 379 1039 420 urbs
1077 386 1182 429 erat,
1222 377 1629 435 Carthaginiensium

277 457 439 496 semper
463 441 611 496 partis3
639 454 772 493 neque
797 440 840 480 id
864 448 949 480 tam
968 440 1140 495 dignum
1164 441 1225 481 ira
1245 449 1350 490 erat,
1377 455 1500 494 quam
1521 443 1630 495 quod

277 511 394 545 extra
417 503 687 544 necessitates
712 502 811 543 belli
834 503 1102 557 praecipuum
1126 503 1168 542 in
1192 503 1405 544 Romanos
1431 504 1630 558 gerebant

233 582 250 610 3
277 565 429 606 odium.
488 578 565 605 nec
589 565 736 605 urbem
761 572 832 604 aut
857 564 937 604 situ
969 572 1038 605 aut
1068 564 1323 605 munimento
1349 572 1478 605 tutam
1504 565 1631 606 habe-

275 628 392 676 bant,
419 641 524 679 quae
549 627 771 667 ferociores
797 626 846 667 iis
879 627 1037 668 animos
1063 626 1236 676 faceret,
1275 627 1349 668 sed
1378 627 1546 681 ingenia
1568 627 1630 667 in·-

276 689 459 729 colarum
505 688 719 729 latrocinio
766 688 876 728 laeta
921 696 967 729 ut
1014 689 1280 729 excursiones
1327 689 1370 729 in
1410 689 1629 729 finitimum

277 766 422 805 agrum
459 751 666 792 sociorum
700 750 843 805 populi
872 751 1052 792 Romani
1088 751 1273 791 facerent
1307 751 1554 806 impulerant
1590 759 1631 791 et

275 829 406 868 vagos
432 814 582 854 milites
597 814 811 854 Romanos
837 813 1025 867 lixasque
1051 820 1092 854 et
1110 821 1358 854 mercatores
1379 813 1627 868 exciperent.

230 890 249 918 4
275 891 473 929 magnum
516 875 639 916 etiam
684 875 948 924 comitatum,
997 875 1094 929 quia
1130 876 1272 930 paucis
1314 891 1460 930 parum
1496 882 1629 915 tutum

275 937 428 986 fuerat,
471 937 843 995 transgredientem
874 937 1155 992 fines'positis
1186 937 1345 977 insidiis
1377 937 1631 977 circumven-

232 1014 250 1042 5
276 1006 363 1038 tum
386 999 527 1052 iniquo
551 999 642 1040 loeo
668 999 974 1039 interfecerunt.
1013 999 1065 1039 ad
1089 999 1195 1039 hanc
1220 999 1365 1039 urbem
1386 1013 1631 1052 oppugnan-

276 1061 371 1100 dam
402 1075 496 1101 eum
528 1062 718 1102 admotus
750 1060 953 1101 exercitus
986 1068 1115 1109 esset,
1153 1060 1352 1115 oppidani
1379 1059 1630 1101 conscientia

277 1123 498 1172 scelerum,
526 1124 622 1177 quia
645 1138 722 1164 nec
747 1123 901 1163 deditio
927 1131 1015 1164 tuta
1040 1124 1092 1163 ad
1117 1131 1200 1163 tam
1220 1123 1393 1163 infestos
1414 1122 1629 1162 videbatur

275 1199 410 1237 neque
437 1200 531 1240 spes
557 1185 774 1226 moenibus
801 1193 872 1224 aut
896 1185 1019 1225 armis
1046 1185 1222 1225 tuendae
1256 1184 1398 1224 salutis
1425 1191 1530 1232 erat,
1567 1183 1629 1222 fa-

232 1260 250 1290 6
277 1246 392 1286 cinus
417 1246 459 1287 in
485 1262 529 1287 56
555 1262 601 1287 ac
629 1262 725 1288 suos
752 1246 920 1287 foedum
946 1260 992 1286 ac
1017 1246 1151 1287 ferum
1171 1245 1443 1287 consciscunt.
1491 1244 1629 1285 locum

275 1309 317 1349 in
343 1309 433 1350 foro
460 1309 686 1358 destinant,
724 1323 805 1361 quo
837 1308 1138 1363 pretiosissima
1165 1323 1303 1348 rerum
1334 1323 1501 1348 suarum
1532 1321 1628 1347 con-

275 1378 479 1425 gererent.
541 1386 663 1425 super
689 1386 783 1411 eum
814 1370 1023 1410 cumulum
1053 1370 1249 1423 coniuges
1277 1383 1324 1409 ac
1353 1369 1505 1409 liberos
1532 1383 1628 1409 eon-

278 1432 411 1473 sidere
437 1447 530 1473 cum
554 1432 792 1480 iussissent,
830 1432 944 1485 ligna
969 1439 1162 1471 extruunt
1187 1431 1405 1482 fascesque
1430 1429 1629 1483 virgulto-

231 1508 248 1536 7
274 1509 365 1535 rum
403 1495 621 1536 coniciunt.
688 1494 987 1547 quinquaginta
1023 1493 1170 1533 deinde
1208 1492 1374 1532 armatis
1411 1491 1629 1532 iuvenibus

274 1557 550 1612 praecipiunt,
599 1564 661 1606 ut,
713 1557 843 1597 donec
879 1556 1060 1596 incertus
1099 1563 1271 1596 eventus
1307 1569 1472 1610 pugnae
1504 1560 1627 1603 essct,

275 1619 529 1673 praesidium
576 1634 624 1659 eo
671 1619 762 1659 loco
806 1618 1064 1659 fortunarum
1107 1632 1274 1658 suarum
1316 1630 1627 1671 corporumque,

231 1691 249 1720 8
277 1696 381 1735 quae
407 1681 565 1722 cariora
590 1680 765 1721 fortunis
787 1687 944 1729 essent,
972 1687 1202 1720 servarent:
1230 1679 1264 1719 si
1287 1693 1374 1719 rem
1393 1678 1629 1718 inclinatam

275 1744 461 1784 viderent
487 1752 609 1796 atque
634 1743 676 1783 in
702 1757 750 1783 eo
775 1742 857 1782 iam
883 1757 994 1790 esse,
1020 1749 1064 1782 ut
1091 1742 1186 1781 urbs
1210 1748 1436 1796 caperetur,
1465 1740 1627 1787 scirent,

275 1806 428 1855 omnis,
456 1804 719 1859 quoseuntis
744 1804 786 1844 in
811 1804 1013 1859 proelium
1033 1811 1259 1851 cernerent,
1284 1810 1459 1843 mortem
1477 1802 1519 1842 in
1538 1802 1630 1855 ipsa

231 1877 248 1906 9
275 1883 418 1922 pugna
454 1867 662 1915 obituros,
722 1867 815 1907 illos
854 1881 897 1906 se
933 1881 1007 1919 per
1045 1866 1143 1907 deos
1183 1880 1354 1919 superos
1390 1864 1628 1916 inferosque

275 1944 410 1978 orare,
459 1938 503 1969 ut
538 1943 742 1969 memores
779 1928 999 1976 libertatis,
1050 1941 1154 1980 quae
1190 1927 1260 1968 illo
1297 1926 1361 1967 die
1399 1933 1468 1966 aut
1498 1932 1629 1965 morte

275 1991 450 2032 honesta
481 1998 551 2031 aut
582 1990 777 2031 servitute
808 1989 953 2030 infami
982 1989 1163 2035 finienda
1193 1996 1327 2037 esset,
1370 1987 1471 2027 nihil
1506 1987 1630 2027 relin-

210 2068 250 2097 10
275 2060 466 2106 qucrent,
504 2052 546 2092 in
583 2053 694 2106 quod
731 2052 890 2092 saevire
926 2052 1053 2092 iratus
1092 2051 1222 2092 hostis
1258 2058 1414 2105 posset.
1474 2049 1631 2090 ferrum

274 2115 495 2170 ignemque
526 2114 568 2154 in
598 2114 788 2154 manibus
821 2128 925 2154 6556.
986 2113 1141 2154 amicae
1173 2127 1220 2153 ac
1249 2112 1392 2153 fideles
1419 2111 1555 2166 potius
1582 2126 1631 2151 ea

275 2192 380 2230 quae
405 2177 587 2231 peritura
611 2184 751 2217 essent
776 2176 1041 2216 absumerent
1063 2190 1210 2215 manus
1237 2189 1359 2227 quam
1385 2173 1632 2214 insultarent

209 2254 247 2283 11
276 2239 454 2293 superbo
490 2238 666 2279 ludibrio
703 2238 847 2279 hostis.
919 2237 982 2277 his
1026 2236 1380 2278 adhortationibus
1424 2234 1630 2276 execratio

276 2301 364 2341 dira.
395 2300 572 2349 adiecta,
612 2299 646 2340 si
677 2314 799 2352 quem
830 2314 854 2339 a
878 2298 1090 2353 proposito
1122 2313 1217 2352 spes
1249 2297 1473 2338 mollitiave
1506 2295 1630 2336 animi

275 2363 471 2403 flexisset.
519 2362 615 2402 inde
642 2361 844 2402 concitato
871 2361 1035 2416 agmine
1059 2360 1296 2414 patentibus
1322 2359 1451 2414 portis
1471 2357 1629 2413 ingenti

212 2439 249 2467 12
277 2425 454 2464 tumultu
480 2431 712 2478 erumpunt.
761 2438 895 2476 neque
921 2430 1009 2463 erat
1031 2422 1116 2463 ulla
1141 2422 1240 2463 satis
1266 2422 1384 2462 firma
1410 2420 1530 2462 statio
1556 2435 1629 2474 op-

275 2487 427 2541 posita,
455 2487 551 2539 quia
575 2486 676 2526 nihil
700 2486 836 2526 minus
863 2500 987 2538 quam
1009 2492 1056 2525 ut
1080 2485 1222 2539 egredi
1247 2484 1387 2525 hostes
1413 2482 1629 2524 moenibus

278 2549 474 2589 auderent
500 2549 633 2589 timeri
657 2555 837 2602 poterat:
862 2561 1095 2602 perpaucae
1121 2547 1303 2600 equitum
1330 2553 1487 2585 turmae
1506 2543 1629 2585 levis-

277 2624 356 2662 que
377 2618 582 2650 armatura
599 2617 768 2664 repente
789 2625 810 2650 e
830 2609 974 2650 castris
997 2609 1050 2649 ad
1067 2609 1110 2649 id
1123 2609 1260 2663 ipsum
1274 2608 1426 2649 emissa
1439 2605 1625 2648 occurrit.

214 2684 252 2714 13
279 2671 407 2712 acrior
434 2671 591 2726 impetu
617 2680 738 2725 atque
765 2671 911 2712 animis
937 2685 1061 2724 quam
1087 2669 1352 2724 compositior
1376 2668 1459 2708 ullo
1485 2665 1626 2708 ordine

231 396 250 425 [ὗ
