1815 3184
335 240 415 282 518
632 245 783 279 LIBER
808 245 934 288 XXX,
959 245 1014 278 33.
1027 244 1080 277 34.
1109 246 1156 286 [a.
1170 255 1204 278 u.
1219 255 1249 277 e.
1262 244 1342 288 552]

333 364 425 390 cum
450 349 557 388 viam
582 346 827 400 elephantis,
864 360 915 386 ne
939 347 1236 395 obtererentur,
1272 346 1483 396 fecissent,
1519 348 1560 389 in
1590 365 1659 389 an-

333 409 463 463 cipitis
490 409 542 448 ad
565 409 690 447 ictum
713 407 915 460 utrimque
939 406 1193 447 coniciebant
1218 407 1376 456 hastas,
1406 422 1481 448 nec
1504 408 1586 462 pila
1610 410 1659 450 ab

269 487 306 516 16
333 469 610 524 antesignanis
637 469 872 516 cessabant,
909 468 1039 508 donec
1068 468 1246 520 undique
1275 468 1546 509 incidentibus
1571 470 1660 510 telis

331 531 463 572 exacti
498 545 549 571 ex
571 530 760 571 Romana
796 529 880 569 acie
916 529 957 568 hi
992 543 1152 581 quoque
1187 529 1229 568 in
1261 544 1334 570 suo
1365 529 1506 570 dextro
1537 544 1660 570 cornu

330 593 441 646 ipsos
457 590 860 646 Carthaginiensium
885 589 1040 642 equites
1066 590 1107 629 in
1132 590 1274 644 fugam
1298 597 1516 630 verterunt.
1552 590 1663 631 Lae-

330 654 408 694 lius
433 661 477 693 ut
501 653 684 693 turbatos
709 651 810 692 vidit
834 651 982 700 hostis,
1009 651 1164 691 addidit
1187 652 1384 706 perculsis
1411 659 1616 693 terrorem.

288 731 303 760 1
412 714 662 754 XXXHH.
742 713 960 765 Utrimque
1006 713 1160 753 nudata
1205 713 1338 766 equite
1386 721 1471 753 erat
1504 713 1662 753 Punica

331 776 456 824 acies,
483 790 575 815 cum
598 775 724 829 pedes
752 775 972 823 concurrit,
998 789 1074 815 nec
1099 789 1170 829 spe
1195 789 1271 815 nec
1295 775 1447 815 viribus
1471 774 1551 815 iam
1575 791 1660 830 par.

331 838 383 877 ad
406 837 484 877 hoc
509 836 618 876 dictu
642 851 786 891 parva,
814 836 886 875 sed
910 851 1061 890 magna
1085 836 1229 876 cadem
1251 836 1293 875 in
1316 851 1359 875 re
1379 836 1558 890 gerenda
1576 851 1663 877 mo-

328 905 483 938 menta:
521 912 749 951 congruens
775 897 927 937 clamor
952 912 975 937 a
992 897 1189 937 Romanis
1215 911 1344 949 eoque
1368 897 1496 938 maior
1520 904 1560 938 et
1584 906 1663 937 ter-

327 960 498 1008 ribilior,
532 960 721 1001 dissonae
746 960 844 1008 illis,
881 966 925 999 ut
949 959 1132 1013 gentium
1156 959 1374 999 multarum
1399 959 1663 1013 discrepanti-

285 1038 302 1066 2
329 1023 404 1062 bus
440 1022 608 1075 linguis,
656 1036 796 1070 voces3
850 1036 990 1077 pugna
1023 1021 1212 1062 Romana
1248 1021 1403 1062 stabilis
1440 1029 1479 1062 et
1515 1036 1588 1062 suo
1623 1028 1664 1061 et

329 1098 533 1123 armorum
561 1083 740 1137 pondere
771 1083 1091 1122 incumbentium
1120 1083 1162 1122 in
1192 1083 1370 1131 hostem,
1409 1083 1662 1123 concursatio

285 1160 303 1188 3
330 1152 369 1185 et
398 1144 590 1184 velocitas
621 1144 731 1183 illinc
760 1144 888 1184 maior
918 1158 1039 1196 quam
1064 1144 1138 1184 vis.
1197 1144 1319 1197 igitur
1348 1144 1479 1197 primo
1508 1145 1662 1198 impetu

328 1205 531 1259 extemplo
556 1220 719 1245 movere
743 1205 833 1246 loco
858 1205 1036 1245 hostium
1056 1205 1182 1245 aciem
1196 1205 1385 1245 Romani.
1428 1205 1491 1244 ala
1516 1205 1661 1245 deinde

327 1274 367 1307 ct
390 1267 567 1307 umbone
592 1266 822 1320 pulsantes,
848 1266 890 1306 in
915 1273 1139 1306 summotos
1160 1267 1290 1320 gradu
1309 1266 1452 1314 inlato,
1479 1266 1662 1319 aliquan-

283 1343 303 1371 4
327 1335 413 1368 tum
438 1327 542 1382 spati
567 1328 678 1367 velut
706 1328 817 1368 nullo
847 1327 1062 1368 resistente
1093 1327 1314 1373 incessere,
1351 1328 1590 1381 urgentibus
1622 1335 1661 1368 et

327 1388 561 1428 novissimis
585 1388 756 1442 primos,
787 1396 832 1428 ut
857 1389 982 1428 semel
1007 1396 1159 1428 motam
1185 1388 1313 1428 aciem
1338 1403 1521 1437 sensere,
1552 1389 1662 1441 quod

285 1467 303 1494 5
327 1451 462 1505 ipsum
486 1451 569 1490 vim
593 1466 785 1504 magnam
810 1451 861 1490 ad
884 1450 1119 1504 pellendum
1137 1450 1299 1490 hostem
1318 1450 1505 1490 addebat.
1554 1450 1662 1503 apud

326 1511 455 1552 hostis
481 1511 686 1552 auxiliaris
718 1511 899 1551 cedentis
932 1511 1111 1551 secunda
1141 1511 1267 1559 acies,
1303 1510 1398 1550 Afri
1423 1517 1463 1550 et
1488 1509 1662 1550 Cartha-

325 1572 557 1627 ginienses,
584 1573 685 1613 adeo
710 1588 792 1613 non
818 1573 1091 1621 sustinebant,
1116 1580 1162 1612 ut
1186 1579 1326 1613 contra
1351 1572 1490 1621 etiam,
1522 1587 1573 1612 ne
1597 1587 1660 1612 re-

327 1634 506 1674 sistentis
543 1634 802 1689 pertinaciter
837 1634 990 1688 primos
1028 1634 1235 1675 caedendo
1271 1634 1323 1673 ad
1358 1648 1401 1674 se
1431 1633 1662 1688 perveniret

284 1712 301 1740 6
327 1696 475 1745 hostis,
510 1696 657 1750 pedem
680 1697 891 1737 referrent.
949 1696 1073 1751 igitur
1098 1696 1312 1736 auxiliares
1339 1704 1454 1750 terga
1478 1695 1576 1735 dant
1598 1710 1658 1736 re-

325 1765 471 1812 pente,
521 1764 560 1797 et
594 1758 636 1797 in
673 1773 769 1798 suos
806 1758 913 1798 versi
950 1757 1097 1812 partim
1137 1758 1325 1811 refugere
1360 1757 1402 1796 in
1439 1757 1658 1797 secundam

326 1821 472 1869 aciem,
508 1820 656 1874 partim
680 1836 761 1861 non
785 1820 1026 1875 recipientes
1054 1820 1240 1868 caedere,
1277 1827 1322 1859 ut
1352 1826 1391 1859 et
1419 1819 1542 1873 paulo
1567 1826 1660 1859 ante

283 1896 298 1924 7
325 1897 407 1923 non
437 1882 563 1922 adiuti
593 1890 633 1922 et
663 1893 759 1922 tune
790 1882 958 1922 exclusi.
1018 1889 1057 1922 et
1084 1896 1213 1936 prope
1245 1881 1324 1921 duo
1354 1881 1435 1920 iam
1458 1881 1661 1934 permixta

325 1943 479 1997 proelia
509 1951 641 1992 erant,
678 1958 770 1983 cum
796 1942 1160 1998 Carthaginienses
1194 1942 1313 1983 simul
1343 1956 1434 1982 cum
1458 1941 1657 1990 hostibus,

281 2018 300 2047 8
327 2006 446 2045 simul
472 2020 563 2045 eum
589 2006 673 2046 suis
700 2014 943 2061 cogerentur
966 2021 1111 2046 manus
1138 2019 1363 2046 conserere.
1416 2019 1499 2044 non
1523 2011 1660 2044 tamen

325 2067 381 2106 ita
416 2067 625 2121 perculsos
662 2067 868 2120 iratosque
904 2068 945 2108 in
977 2068 1104 2108 aciem
1136 2067 1335 2121 accipere,
1374 2066 1446 2106 sed
1478 2065 1657 2105 densatis

325 2128 533 2168 ordinibus
558 2128 600 2168 in
625 2143 777 2170 cornua
795 2143 1049 2182 vacuumque
1069 2129 1175 2169 circa
1200 2142 1387 2182 campum
1409 2134 1523 2168 extra
1542 2141 1659 2181 proe-

324 2189 422 2229 lium
447 2189 595 2239 eicere,
631 2206 682 2231 ne
708 2191 857 2245 pavido
884 2191 1002 2245 suga,
1040 2190 1276 2231 vulneribus
1308 2189 1433 2229 milite
1459 2188 1659 2228 sinceram

281 2264 298 2293 9
325 2258 364 2290 et
387 2251 589 2305 integram
614 2252 743 2292 aciem
766 2253 996 2294 miscerent.
1056 2260 1235 2292 ceterum
1266 2259 1379 2292 tanta
1404 2257 1561 2303 strages
1587 2249 1660 2290 ho-

324 2312 478 2352 minum
509 2328 794 2366 armorumque
825 2314 978 2362 locum,
1015 2313 1056 2353 in
1087 2327 1166 2366 quo
1199 2319 1394 2353 steterant
1417 2311 1539 2366 paulo
1565 2317 1658 2350 ante

325 2374 560 2423 auxiliares,
610 2376 903 2429 compleverat,
950 2382 995 2415 ut
1040 2390 1167 2430 prope
1215 2373 1417 2414 difficilior
1463 2372 1656 2412 transitus

262 2447 300 2476 10
325 2444 451 2484 esset,
478 2451 599 2488 quam
622 2452 695 2491 per
721 2438 924 2477 confertos
945 2437 1083 2477 hostes
1104 2438 1247 2477 suerat.
1296 2436 1432 2488 itaque
1452 2433 1519 2486 qui
1538 2433 1658 2488 primi

325 2507 450 2545 crant,
465 2498 613 2538 hastati
630 2514 703 2553 per
722 2499 905 2540 cumulos
927 2513 1140 2553 corporum
1160 2511 1443 2549 armorumque
1463 2503 1502 2536 et
1521 2495 1658 2535 tabem

326 2560 534 2613 sanguinis
561 2576 641 2614 qua
665 2561 835 2614 quisque
859 2569 1019 2616 poterat
1049 2568 1265 2613 sequentes
1290 2559 1451 2600 hostem
1475 2564 1514 2598 et
1540 2557 1656 2610 signa

326 2626 365 2658 et
389 2621 550 2661 ordines
576 2623 859 2663 confuderunt.
895 2623 1124 2677 principum
1148 2636 1309 2674 quoque
1335 2620 1453 2674 signa
1470 2617 1656 2658 fluctuari

264 2692 298 2720 11
326 2690 541 2734 coeperant
570 2698 717 2737 vagam
747 2692 839 2725 ante
872 2699 915 2724 se
946 2683 1148 2724 cernendo
1180 2683 1320 2723 aciem.
1380 2680 1488 2733 quod
1515 2677 1652 2731 Scipio
