1815 3184
254 227 334 268 150
592 234 746 268 LIBER
770 234 917 277 xxm,
944 234 997 267 35.
1025 236 1121 277 [a.u.
1139 233 1265 277 0539]

253 353 300 379 eo
326 344 493 378 senatus
519 337 675 377 veniret
700 337 753 377 ad
777 336 1093 377 consultandum
1125 336 1411 386 communiter,
1448 343 1494 377 ut
1517 351 1606 380 eos-

206 414 226 442 4
252 400 345 439 dem
381 405 552 451 uterque
587 398 765 452 populus
804 398 937 439 socios
973 398 1195 451 hostesque
1230 397 1418 439 haberet:
1455 400 1608 453 praesi-

255 461 368 500 dium
404 460 461 501 ibi
497 467 700 500 armatum
737 474 780 501 se
815 460 1052 509 habituros,
1101 474 1152 500 ne
1194 460 1293 514 quid
1334 460 1385 501 ab
1421 460 1608 502 Romano

252 523 447 564 Poenove
493 522 664 576 periculi
712 530 832 563 esset.
907 521 1085 563 Cumani
1127 536 1375 576 quamquam
1419 529 1611 577 suspecta

253 584 367 625 fraus
393 590 497 633 erat,
534 584 635 624 nihil
666 583 864 633 abnuere,
901 584 957 624 ita
981 585 1065 639 tegi
1095 583 1223 624 fallax
1248 584 1462 625 consilium
1486 598 1609 639 posse

208 660 228 689 5
252 647 339 687 rati.
388 646 551 686 interim
577 645 641 686 Ti.
665 644 935 700 Sempronius
961 646 1105 686 consul
1129 646 1342 686 Romanus
1371 644 1608 694 Sinuessae,

252 723 333 761 quo
370 708 421 748 ad
458 707 784 748 conveniendum
822 708 931 748 diem
967 707 1173 757 edixerat,
1223 707 1403 748 exercitu
1439 707 1610 748 lustrato

254 777 536 825 transgressus
573 769 823 810 Volturnum
871 769 1023 809 flumen
1070 769 1178 810 circa
1207 769 1425 810 Liternum
1472 769 1610 823 posuit

211 845 228 874 6
255 838 399 872 castra.
460 831 517 872 ibi
555 831 652 884 quia
687 832 819 872 otiosa
857 831 1005 872 stativa
1041 838 1173 879 erant,
1220 830 1360 872 crebro
1397 832 1610 872 decurrere

251 893 400 934 milites
437 893 629 948 cogebat,
672 900 717 933 ut
752 894 904 934 tirones
930 918 964 922 —-
988 908 1036 934 ea
1072 893 1250 934 maxima
1286 908 1380 947 pars
1417 893 1611 934 volonum

253 962 367 996 erant
390 980 423 984 —
448 956 738 997 adsuescerent
765 956 883 1011 signa
909 956 1025 1009 sequi
1051 963 1089 997 et
1119 956 1159 996 in
1186 955 1271 996 acie
1297 970 1521 1010 agnoscere
1547 970 1612 996 or-

210 1032 225 1060 7
253 1018 368 1058 dines
407 1032 516 1058 SUOS.
575 1018 680 1058 inter
715 1032 821 1071 quae
858 1018 1037 1059 maxima
1073 1024 1159 1058 erat
1195 1032 1292 1058 cura
1322 1017 1434 1066 duci,
1473 1017 1610 1070 itaque

252 1079 398 1134 legatis
436 1079 690 1132 tribunisque
720 1086 1002 1134 praeceperat,
1040 1094 1091 1120 ne
1122 1094 1204 1133 qua
1234 1078 1494 1133 exprobratio
1526 1078 1611 1119 cui-

253 1155 378 1194 quam
413 1141 562 1181 veteris
599 1141 787 1181 fortunae
825 1142 1071 1182 discordiam
1106 1141 1211 1182 inter
1240 1141 1402 1182 ordines
1440 1147 1608 1181 sereret:

252 1210 371 1243 vetus
408 1203 525 1243 miles
563 1202 700 1251 tironi,
749 1202 852 1243 liber
886 1203 1022 1244 voloni
1059 1217 1149 1244 sese
1186 1202 1406 1256 exaequari
1442 1202 1610 1251 sineret3

210 1278 229 1308 8
257 1266 389 1306 omnis
416 1265 514 1306 satis
540 1265 734 1306 honestos
759 1280 1064 1320 generososque
1089 1265 1296 1314 ducerent,
1323 1264 1472 1318 quibus
1499 1279 1612 1305 arma

254 1342 330 1368 sua
361 1327 561 1382 signaque
597 1327 773 1381 populus
805 1327 1018 1368 Romanus
1050 1327 1346 1376 commisisset3
1395 1341 1500 1379 quae
1531 1326 1613 1366 for-

210 1402 227 1430 9
254 1396 352 1430 tuna
378 1389 581 1444 coegisset
604 1389 661 1430 ita
686 1389 790 1439 fieri,
828 1389 1000 1430 eandem
1031 1403 1177 1443 cogere
1208 1388 1312 1428 tueri
1337 1388 1504 1427 factum.
1565 1401 1614 1427 ea

253 1465 336 1492 non
360 1452 512 1492 maiore
539 1466 634 1491 cura
658 1458 875 1505 praccepta
901 1450 952 1491 ab
979 1450 1153 1491 ducibus
1186 1456 1280 1490 sunt
1311 1463 1435 1502 quam
1461 1464 1485 1489 a
1509 1448 1614 1488 mili-

254 1512 364 1554 tibus
414 1512 654 1562 observata,
709 1512 906 1582 brevique
954 1519 1066 1552 tanta
1113 1511 1332 1553 concordia
1379 1510 1614 1551 coaluerant

255 1575 437 1615 omnium
471 1575 614 1623 animi,
651 1582 694 1614 ut
726 1589 853 1628 prope
884 1575 926 1614 in
957 1574 1207 1615 oblixionem
1238 1574 1412 1623 veniret,
1451 1587 1533 1627 qua
1562 1587 1614 1613 ex

255 1637 494 1677 condicione
520 1637 693 1690 quisque
719 1644 827 1677 esset
853 1637 970 1677 miles
996 1636 1143 1677 factus.

191 1712 230 1740 10
340 1698 459 1739 Haec
484 1699 623 1753 agenti
650 1697 840 1739 Graccho
864 1698 990 1753 legati
1017 1698 1194 1739 Cumani
1222 1698 1475 1747 nuntiarunt,
1508 1712 1613 1751 quae

254 1777 278 1801 a
304 1760 528 1814 Campanis
554 1760 705 1815 legatio
729 1775 884 1814 paucos
916 1767 1008 1801 ante
1040 1761 1127 1801 dies
1153 1760 1334 1801 xenisset
1366 1767 1405 1800 et
1435 1760 1534 1813 quid
1564 1760 1614 1801 iis

190 1836 226 1864 11
255 1823 333 1877 ipsi
369 1823 700 1876 respondissent:
750 1823 884 1863 triduo
920 1829 1015 1877 post
1051 1838 1145 1863 eum
1176 1823 1286 1863 diem
1316 1822 1469 1863 festum
1500 1837 1613 1872 esse3

254 1899 336 1925 non
362 1893 549 1925 senatum
575 1885 708 1926 solum
734 1900 897 1925 omnem
922 1884 979 1925 ibi
1002 1884 1205 1933 futurum,
1235 1885 1307 1925 sed
1332 1891 1465 1925 castra
1491 1885 1613 1924 etiam

191 1960 229 1988 12
257 1953 296 1988 et
321 1948 543 1987 exercitum
561 1947 834 2002 Campanum.
874 1945 1088 1988 Gracchus
1113 1947 1236 1988 iussis
1259 1946 1458 1988 Cumanis
1479 1946 1615 1987 onmia

255 2024 306 2049 ex
332 2009 441 2064 agris
467 2010 508 2049 in
533 2009 678 2051 urbem
703 2010 930 2050 convehere
957 2017 995 2050 et
1020 2024 1184 2050 manere
1209 2009 1313 2050 intra
1337 2024 1495 2058 muros,
1527 2009 1615 2063 ipse

254 2071 385 2125 pridie
420 2086 545 2125 quam
582 2079 734 2113 statum
772 2072 1015 2113 sacrificium
1054 2071 1279 2126 Campanis
1317 2079 1426 2112 esset
1459 2070 1615 2113 Cumas

191 2146 230 2176 13
256 2140 394 2174 movet
430 2142 576 2175 castra.
637 2135 800 2175 Hamae
836 2135 930 2175 inde
968 2134 1044 2175 tria
1074 2135 1185 2174 milia
1215 2149 1415 2188 passuum
1451 2133 1613 2176 absunt.

256 2195 337 2235 iam
365 2194 567 2250 Campani
593 2211 640 2237 eo
667 2197 901 2250 frequentes
929 2212 979 2237 cx
1004 2197 1217 2251 conposito
1243 2202 1516 2237 convenerant
1541 2211 1617 2237 nec

257 2258 401 2312 procul
441 2258 536 2300 inde
579 2259 621 2298 in
664 2259 822 2300 occulto
859 2259 1018 2300 Marius
1057 2259 1192 2300 Alfius
1230 2259 1369 2299 medix
1409 2259 1559 2299 tuticus
1584 2283 1618 2287 -

259 2335 445 2361 summus
471 2321 736 2376 magistratus
763 2329 847 2362 erat
875 2320 1100 2376 Campanis
1120 2347 1153 2350 —
1173 2336 1265 2362 cum
1292 2321 1618 2374 quattuordecim

192 2396 233 2424 11
259 2383 423 2424 milibus
456 2391 704 2425 armatorum
736 2385 913 2426 habebat
946 2392 1098 2434 castra,
1148 2384 1346 2424 sacrificio
1381 2383 1617 2438 adparando

259 2451 297 2485 et
332 2445 436 2486 inter
472 2446 515 2486 id
549 2446 811 2487 instruendae
853 2447 989 2487 fraudi
1025 2447 1233 2500 aliquanto
1268 2446 1459 2486 intentior
1494 2459 1618 2499 quam

194 2520 233 2549 15
258 2507 489 2548 muniendis
516 2509 659 2549 castris
686 2517 756 2550 aut
781 2509 852 2549 ulli
878 2509 1041 2549 militari
1066 2509 1190 2563 operi.
1241 2508 1440 2558 (triduum
1465 2507 1618 2549 sacrifi-

260 2577 395 2610 catum
428 2571 479 2611 ad
505 2571 700 2626 Hamas.)
759 2580 1004 2613 nocturnum
1036 2578 1120 2612 crat
1153 2586 1332 2620 sacrum,
1369 2571 1426 2611 ita
1458 2577 1500 2610 ut
1525 2575 1617 2610 ante

196 2644 234 2673 15
260 2632 437 2672 mediam
461 2640 624 2674 noctem
650 2635 917 2689 conpleretur.
978 2634 1074 2674 huic
1101 2632 1314 2675 Gracchus
1340 2631 1616 2672 insidiandum

259 2695 431 2748 tempori
456 2703 581 2746 ratus,
608 2697 847 2738 custodibus
873 2697 923 2738 ad
949 2703 1088 2750 portas
1113 2696 1271 2750 positis,
1298 2709 1348 2735 nc
1374 2694 1464 2747 quis
1490 2707 1616 2733 enun-
