1815 3184
495 245 646 279 LIBER
669 244 839 289 XXIIII,
866 245 920 279 22.
941 245 994 279 23.
1023 247 1070 288 [a.
1087 245 1126 279 c.
1141 244 1222 288 214]
1448 235 1527 277 187

181 347 391 389 sectandas
422 354 535 389 ratus
567 362 658 388 esse
688 348 816 397 viam,
855 347 889 388 si
918 348 960 388 in
989 348 1220 402 praesentia
1244 347 1416 402 tempori
1441 361 1529 388 ces-

181 409 314 451 sisset.
374 409 511 462 itaque
546 408 703 464 legatos
739 410 970 450 renuntiare
1005 410 1142 459 iussit,
1190 409 1373 449 futurum
1410 423 1453 450 se
1487 409 1530 449 in

181 477 346 512 senatus
372 485 419 511 ac
443 470 584 524 populi
607 477 821 524 potestate.

265 532 439 572 Postero
464 532 529 572 die
553 532 643 572 luce
669 532 800 586 prima
823 532 1039 586 patefactis
1070 532 1228 573 insulae
1252 532 1379 586 portis
1403 531 1447 571 in
1470 531 1532 572 fo-

178 608 269 634 rum
294 593 556 634 Achradinae
581 594 703 634 venit.
762 593 819 634 ibi
848 594 890 634 in
920 610 1032 634 aram
1058 593 1331 643 Concordiae,
1369 608 1420 634 ex
1450 608 1531 646 qua

179 655 308 708 pridie
333 654 566 708 Polyaenus
593 655 848 696 contionatus
874 662 976 704 erat,
1015 656 1196 696 escendit
1227 655 1532 708 orationemque

180 731 270 757 cam
296 731 413 757 orsus
440 723 520 765 est,
547 731 628 770 qua
651 717 830 770 primum
855 717 1123 758 cunctationis
1151 731 1248 757 suae
1273 717 1436 757 veniam
1460 730 1531 770 pe-

180 777 287 817 tivit:
331 792 374 818 se
411 777 518 817 enim
556 777 716 818 clausas
752 777 948 819 habuisse
982 784 1122 832 portas
1158 793 1240 818 non
1273 783 1529 831 separantem

181 853 276 879 suas
312 853 377 878 res
409 853 434 879 a
462 837 656 892 publicis,
695 845 756 879 set
792 839 940 880 strictis
973 839 1098 879 semel
1129 839 1276 893 gladiis
1306 839 1530 887 timentem,

179 899 249 952 qui
274 899 365 938 finis
392 899 585 939 caedibus
611 905 718 940 esset
744 899 925 948 futurus,
962 907 1117 948 utrum,
1154 900 1264 952 quod
1290 900 1387 940 satis
1412 899 1533 940 liber-

179 961 252 1000 tati
276 960 400 1009 foret,
439 960 617 1001 contenti
640 975 739 1001 nece
765 960 927 1014 tyranni
952 967 1088 1000 essent
1113 976 1166 1000 an
1190 961 1436 1014 quicumque
1462 967 1532 1001 aut

179 1021 480 1075 propinquitate
505 1028 575 1061 aut
599 1021 809 1062 adfinitate
838 1027 908 1061 aut
937 1021 1084 1073 aliquis
1109 1021 1344 1061 ministeriis
1375 1021 1532 1075 regiam

179 1082 446 1136 contigissent
477 1081 632 1122 alienae
669 1082 813 1135 culpae
848 1081 907 1122 rei
943 1082 1251 1122 trucidarentur.
1311 1088 1531 1135 postquam

178 1143 463 1183 animadvertit
494 1157 582 1192 eos,
619 1143 689 1196 qui
719 1143 962 1184 liberassent
991 1143 1183 1197 patriam,
1222 1157 1383 1183 servare
1410 1143 1533 1183 etiam

178 1203 392 1245 liberatam
411 1204 514 1245 velle
540 1211 661 1257 atque
685 1205 866 1258 undique
887 1205 1045 1246 consuli
1069 1205 1110 1245 in
1129 1205 1323 1253 medium,
1350 1219 1433 1245 non
1458 1204 1534 1245 du-

177 1265 329 1307 bitasse
353 1266 452 1319 quin
477 1272 516 1307 et
546 1280 693 1320 corpus
720 1281 841 1307 suum
873 1274 912 1307 et
942 1274 1076 1307 cetera
1105 1267 1259 1316 omnia,
1298 1281 1403 1320 quae
1434 1281 1533 1307 suae

176 1327 272 1367 fidei
296 1327 525 1380 tutelaeque
552 1334 706 1376 essent,
738 1328 931 1380 quoniam
957 1343 1050 1369 eum
1075 1328 1146 1382 qui
1170 1327 1408 1369 mandasset
1433 1342 1533 1368 suus

177 1388 291 1429 furor
315 1388 632 1443 absumpsisset,
658 1390 814 1443 patriae
838 1390 1080 1431 restitueret.
1136 1404 1360 1431 conversus
1386 1390 1532 1430 deinde

179 1450 231 1491 ad
259 1449 539 1491 interfectores
571 1451 732 1504 tyranni
762 1466 808 1491 ac
839 1452 1003 1492 nominc
1034 1452 1245 1506 appellans
1272 1451 1533 1492 Theodotum

179 1526 226 1552 ac
258 1510 382 1552 Sosin
414 1511 611 1552 ‘facinus’
641 1512 773 1565 inquit
804 1513 1086 1554 ‘memorabile
1117 1513 1291 1554 fecistis:
1329 1513 1403 1555 sed
1432 1513 1532 1554 mihi

179 1573 342 1621 credite,
368 1573 557 1614 incohata
581 1580 717 1614 vestra
739 1574 881 1628 gloria,
909 1576 1091 1616 nondum
1115 1575 1298 1630 perfecta
1322 1583 1401 1625 est,
1428 1576 1534 1629 peri-

179 1634 398 1687 culumque
422 1635 568 1689 ingens
594 1642 732 1675 manet
755 1636 835 1676 nisi
859 1637 951 1690 paci
977 1643 1016 1678 et
1041 1637 1281 1678 concordiae
1307 1637 1531 1686 consulitis,

180 1711 230 1738 ne
255 1696 382 1738 libera
407 1697 599 1738 efferatur
623 1711 687 1738 res
717 1696 827 1752 [p.]’.

261 1759 439 1799 XXIII.
499 1759 602 1800 Post
625 1759 732 1800 hanc
757 1761 982 1800 orationem
1014 1759 1150 1800 claves
1175 1765 1383 1813 portarum
1407 1773 1532 1814 pecu-

177 1821 348 1874 niaeque
373 1821 510 1875 regiae
541 1828 633 1861 ante
658 1821 783 1875 pedes
815 1835 955 1861 eorum
984 1821 1133 1875 posuit.
1193 1828 1314 1874 atque
1344 1821 1414 1861 illo
1445 1821 1534 1874 qui-

178 1882 271 1922 dem
296 1882 360 1922 die
386 1882 545 1923 dimissi
570 1898 621 1923 ex
646 1883 834 1923 contione
859 1882 954 1922 laeti
987 1882 1094 1923 circa
1122 1882 1219 1923 fana
1249 1882 1386 1923 omnia
1410 1882 1533 1923 deum

179 1944 511 1998 supplicaverunt
536 1958 629 1985 cum
655 1944 899 1999 coniugibus
925 1958 973 1984 ac
996 1943 1154 1993 liberis,
1185 1950 1350 1998 postero
1375 1944 1440 1985 die
1466 1959 1534 1985 co-

178 2005 290 2045 mitia
314 2005 569 2059 praetoribus
596 2006 780 2046 creandis
802 2005 953 2045 habita.
1003 2012 1162 2046 creatus
1180 2006 1223 2046 in
1241 2006 1382 2059 primis
1397 2005 1533 2046 Adra-

178 2066 375 2115 nodorus,
403 2067 525 2107 ceteri
544 2082 696 2122 magna
715 2082 765 2107 ex
785 2074 898 2121 parte
917 2066 1197 2108 interfectores
1223 2067 1403 2121 tyranni3
1430 2067 1532 2108 duos

180 2127 301 2167 etiam
326 2127 536 2177 absentes,
569 2128 791 2182 Sopatrum
817 2143 864 2168 ac
887 2127 1168 2177 Dinomenen,
1205 2128 1403 2169 fecerunt.
1463 2128 1534 2181 qui

180 2188 327 2229 auditis
352 2189 420 2237 iis,
458 2204 561 2242 quae
589 2189 807 2244 Syracusis
833 2196 923 2230 acta
953 2195 1086 2239 erant,
1122 2189 1339 2244 pecuniam
1363 2190 1532 2245 regiam,

180 2264 283 2303 quac
309 2250 350 2290 in
375 2251 591 2292 Leontinis
618 2258 721 2300 erat,
756 2250 984 2305 Syracusas
1011 2252 1223 2292 devectam
1249 2251 1533 2304 quaestoribus

180 2312 232 2352 ad
257 2312 297 2352 id
322 2312 458 2366 ipsum
483 2313 628 2354 creatis
654 2313 925 2363 tradiderunt3
958 2319 997 2354 et
1022 2328 1070 2354 ea
1094 2328 1198 2366 quae
1222 2313 1265 2353 in
1288 2313 1424 2354 insula
1448 2320 1534 2354 erat

180 2373 460 2414 Achradinam
485 2375 632 2416 tradita
657 2382 736 2423 est,
762 2375 949 2428 murique
975 2389 1023 2416 ea
1045 2389 1160 2429 pars,
1193 2389 1298 2428 quae
1323 2374 1374 2416 ab
1400 2381 1534 2416 cetera

180 2435 279 2476 urbe
305 2436 425 2477 nimis
451 2436 568 2477 firmo
593 2437 846 2477 munimento
870 2436 1188 2491 intersaepiebat
1211 2436 1406 2485 insulam,
1439 2451 1534 2477 con-

181 2511 304 2537 sensu
339 2498 523 2538 onmium
559 2498 716 2539 deiecta
746 2504 819 2538 est.
881 2505 1045 2539 secutae
1076 2505 1116 2539 et
1146 2504 1303 2539 ceterae
1332 2513 1397 2539 res
1428 2498 1534 2539 hanc

179 2559 483 2600 inclinationem
509 2560 738 2601 animorum
763 2559 816 2600 ad
839 2559 1067 2601 libertatem
1095 2558 1374 2615 [pacem]que.

1558 422 1596 451 12

1558 606 1597 635 13

1558 790 1599 818 14

1560 1097 1599 1125 15

1559 1403 1600 1432 16

1561 1527 1598 1555 17

1559 2019 1576 2047 10

264 2620 540 2675 Hippocrates
585 2628 707 2675 atque
747 2621 957 2676 Epicydes
1005 2622 1145 2663 audita
1185 2628 1315 2663 morte
1356 2622 1528 2676 tyranni,
1557 2636 1576 2665 5

178 2696 301 2736 quam
322 2682 597 2737 Hippocrates
623 2683 745 2724 etiam
770 2683 913 2724 nuntio
938 2683 1152 2725 interfecto
1178 2683 1309 2725 celare
1334 2683 1530 2734 voluerat,
