1815 3184
348 227 429 268 ‘286
640 234 792 268 LIBER
817 234 965 277 xxvi,
993 234 1120 268 18.19.
1149 237 1198 278 [a.
1212 246 1247 268 u.
1263 246 1293 269 e.
1307 236 1389 279 543]

344 338 523 391 perditas
554 351 619 377 res
652 337 995 390 desperatumque
1026 337 1076 377 de
1106 351 1148 376 re
1173 336 1337 390 publica
1363 352 1470 387 esse,
1507 347 1553 379 ut
1575 355 1696 381 nemo

302 414 317 441 7
346 399 493 439 audeat
522 398 564 438 in
594 398 843 452 Hispaniam
874 398 1091 452 imperium
1122 398 1324 452 accipere,
1363 413 1456 439 cum
1489 400 1622 442 subito
1645 402 1694 442 P.

345 459 580 508 Cornelius,
617 459 665 499 P.
694 458 892 508 Cornelii,
931 460 1000 512 qui
1024 460 1067 499 in
1090 459 1295 513 Hispania
1320 460 1538 510 ceciderat,
1574 462 1695 512 filius,

343 528 535 574 quattuor
559 528 599 562 et
622 522 767 576 viginti
792 522 921 562 ferme
941 536 1069 562 annos
1093 530 1232 571 natus,
1258 522 1472 576 professus
1499 537 1543 563 se
1560 530 1697 577 petere

299 596 318 626 8
343 583 386 622 in
406 584 632 637 superiore,
659 584 767 624 unde
788 583 970 637 conspici
988 590 1146 637 posset,
1172 584 1261 624 loco
1281 584 1473 625 constitit.
1516 585 1558 625 in
1576 600 1697 638 quem

342 652 563 698 postquam
593 645 775 686 omnium
806 659 877 685 ora
902 659 1100 685 conversa
1126 652 1238 694 sunt,
1277 645 1453 686 clamore
1485 661 1531 687 ac
1556 647 1696 688 favore

300 721 317 749 9
345 707 514 746 ominati
539 707 743 760 extemplo
770 713 863 747 sunt
889 707 989 747 felix
1018 706 1283 760 faustumque
1307 707 1535 761 imperium.
1595 709 1697 749 iussi

343 768 489 809 deinde
526 769 626 809 inire
664 768 907 823 suffragium
944 769 995 808 ad
1033 783 1159 808 unum
1195 783 1337 810 omnes
1373 784 1456 810 non
1492 771 1697 810 centuriae

344 831 485 879 modo,
524 831 597 870 sed
627 830 749 871 etiam
779 830 966 871 homines
997 829 1045 870 P.
1075 829 1257 884 Scipioni
1287 831 1502 885 imperium
1534 846 1626 872 esse
1656 832 1697 871 in

278 906 316 935 10
342 892 548 947 Hispania
572 893 790 934 iusserunt.
847 899 1027 933 ceterum
1051 899 1144 946 post
1168 907 1254 933 rem
1279 900 1429 942 actam,
1462 900 1507 933 ut
1530 894 1612 934 iam
1636 908 1699 933 re-

342 955 502 995 sederat
548 955 725 1009 impetus
774 955 1003 995 animorum
1044 955 1263 1008 ardorque,
1313 956 1518 996 silentium
1562 956 1697 997 subito

342 1024 475 1056 ortum
507 1024 546 1057 et
576 1017 698 1058 tacita
729 1017 940 1071 cogitatio,
979 1017 1174 1069 quidnam
1205 1017 1412 1071 egissent?
1458 1033 1555 1058 num
1581 1018 1698 1058 favor

279 1093 314 1120 11
342 1077 434 1131 plus
473 1079 671 1119 valuisset
706 1093 829 1131 quam
865 1079 993 1119 ratio?
1050 1079 1193 1119 aetatis
1230 1079 1408 1119 maxime
1444 1079 1694 1132 paenitebat3

342 1140 509 1192 quidam
546 1140 752 1180 fortunam
786 1140 907 1180 etiam
945 1141 1090 1180 domus
1128 1140 1346 1181 horrebant
1383 1155 1614 1194 nomenque
1645 1156 1696 1181 ex

341 1201 517 1242 funestis
549 1201 709 1242 duabus
741 1202 906 1242 familiis
938 1202 978 1241 in
1011 1216 1079 1242 eas
1110 1202 1360 1256 provincias,
1399 1201 1469 1242 ubi
1498 1203 1603 1243 inter
1634 1217 1697 1243 se-

340 1263 482 1316 pulcra
523 1264 648 1317 patris
691 1264 906 1318 patruique
948 1278 1013 1304 res
1055 1264 1259 1318 gerendae
1302 1270 1457 1313 essent,
1513 1264 1697 1318 proficis-

342 1325 483 1366 centis.

298 1400 313 1427 1
425 1387 620 1428 XVIIII.
683 1386 819 1439 Quam
852 1387 922 1428 ubi
953 1386 1004 1427 ab
1034 1402 1077 1427 re
1109 1394 1220 1428 tanto
1251 1388 1406 1441 impetu
1432 1395 1522 1428 acta
1547 1388 1696 1429 sollici-

341 1449 524 1489 tudinem
549 1463 770 1502 curamque
796 1449 1008 1489 hominum
1034 1448 1338 1497 animadvertit,
1377 1449 1577 1490 advocata
1601 1464 1696 1491 con-

340 1511 448 1550 tione
474 1511 530 1550 ita
555 1510 604 1551 de
630 1517 761 1550 aetate
788 1525 861 1550 sua
887 1510 1137 1563 imperioque
1164 1510 1356 1550 mandato
1377 1517 1415 1550 et
1435 1510 1560 1560 bello,
1587 1512 1697 1564 quod

339 1572 569 1625 gerundum
595 1578 721 1620 esset,
759 1586 910 1625 magno
937 1571 1124 1624 elatoque
1150 1572 1286 1612 animo
1317 1572 1526 1620 disseruit,
1566 1579 1609 1612 ut
1634 1588 1696 1614 ar-

339 1633 478 1673 dorem
511 1648 603 1674 eum
635 1633 705 1686 qui
735 1633 941 1673 resederat
971 1634 1166 1674 excitaret
1197 1649 1337 1674 rursus
1374 1640 1625 1687 novaretque
1657 1642 1696 1675 et

338 1694 524 1747 impleret
549 1694 735 1734 homines
762 1694 943 1735 certioris
971 1695 1076 1749 spei,
1108 1709 1231 1748 quam
1257 1702 1452 1748 quantam
1476 1695 1578 1737 fides
1603 1711 1696 1750 pro-

338 1756 453 1796 missi
490 1756 658 1796 humani
693 1763 762 1796 aut
798 1756 901 1796 ratio
933 1771 983 1797 ex
1013 1756 1163 1797 fiducia
1193 1772 1329 1797 rerum
1361 1756 1545 1798 subicere
1579 1757 1693 1798 solet.

295 1831 312 1857 ε’»
338 1817 415 1857 fuit
451 1818 559 1858 enim
591 1816 732 1872 Scipio
769 1832 851 1858 non
887 1818 993 1859 veris
1031 1824 1189 1859 tantum
1227 1818 1446 1860 virtutibus
1482 1819 1692 1868 mirabilis,

338 1879 411 1919 scd
447 1887 532 1920 arte
574 1894 738 1933 quoque
780 1880 957 1934 quadam
1001 1879 1052 1921 ab
1094 1881 1260 1921 iuventa
1301 1881 1344 1920 in
1379 1881 1694 1921 ostentationem

292 1956 311 1983 4
338 1956 478 1982 earum
515 1942 784 1996 compositus,
822 1942 1017 1997 pleraque
1053 1949 1151 1996 aput
1186 1942 1487 1983 multitudinem
1525 1950 1593 1983 aut
1622 1957 1696 1997 per

336 2010 555 2044 nocturnas
581 2004 692 2044 visas
719 2005 877 2058 species
909 2011 980 2045 aut
1009 2004 1121 2045 velut
1152 2004 1347 2045 divinitus
1373 2011 1510 2045 mente
1540 2005 1695 2045 monita

337 2080 482 2120 agens,
517 2066 602 2107 sive
629 2074 668 2107 et
692 2067 781 2120 ipse
807 2067 915 2121 capti
940 2067 1118 2120 quadam
1145 2067 1432 2121 superstitione
1458 2068 1583 2108 animi
1609 2068 1694 2108 sive

336 2136 380 2167 ut
404 2128 575 2182 imperia
600 2129 852 2182 consiliaque
877 2129 989 2170 velut
1015 2136 1121 2171 sorte
1147 2130 1301 2170 oraculi
1331 2130 1459 2170 missa
1484 2130 1571 2171 sine
1597 2145 1695 2171 cun-

292 2203 310 2231 5
337 2190 512 2231 ctatione
539 2199 871 2244 exsequerentur.
933 2191 985 2232 ad
1015 2191 1094 2232 hoc
1123 2192 1205 2232 iam
1236 2192 1330 2232 inde
1363 2191 1414 2232 ab
1439 2192 1552 2232 initio
1577 2206 1694 2246 prae-

336 2266 484 2305 parans
511 2253 686 2301 animos,
725 2267 776 2293 ex
801 2267 882 2306 quo
908 2260 1047 2308 togam
1072 2253 1229 2294 virilem
1261 2254 1455 2308 sumpsit,
1492 2253 1604 2294 nullo
1629 2254 1694 2294 die

335 2314 448 2367 prius
474 2314 600 2354 ullam
624 2314 832 2369 publicam
857 2315 1140 2369 privatamque
1171 2330 1257 2357 rem
1288 2317 1372 2370 egit
1397 2331 1520 2369 quam
1544 2316 1587 2356 in
1613 2315 1694 2357 Ca-

335 2375 523 2428 pitolium
547 2376 623 2417 iret
647 2377 941 2431 ingressusque
967 2378 1110 2418 aedem
1136 2378 1365 2418 consideret
1391 2385 1430 2418 et
1455 2377 1693 2431 plerumque

294 2449 310 2478 6
338 2437 448 2478 solus
474 2438 515 2478 in
542 2445 698 2479 secreto
724 2438 781 2479 ibi
805 2446 967 2493 tempus
993 2446 1150 2480 tereret.
1205 2440 1271 2480 hie
1295 2455 1403 2488 mos,
1434 2438 1594 2494 [quem]
1621 2453 1693 2493 per

337 2513 499 2540 omnem
525 2501 652 2541 vitam
680 2500 886 2550 servabat,
914 2516 987 2542 seu
1013 2501 1199 2543 consulto
1226 2516 1299 2542 seu
1324 2508 1476 2542 temere
1501 2502 1691 2556 vulgatae

338 2561 518 2614 opinioni
554 2562 678 2603 fidem
714 2569 812 2616 aput
847 2563 1049 2616 quosdam
1086 2563 1198 2612 fecit,
1238 2563 1373 2617 stirpis
1407 2578 1500 2604 eum
1531 2563 1690 2602 divinae

296 2633 311 2662 7
338 2622 470 2662 virum
496 2638 606 2673 esse,
632 2625 867 2677 rettulitque
892 2625 1046 2665 famam
1070 2625 1112 2665 in
1136 2625 1377 2666 Alexandro
1403 2638 1553 2679 magno
1577 2623 1688 2676 prius

337 2683 565 2737 vulgatam,
603 2694 642 2727 et
672 2688 850 2728 vanitate
882 2694 921 2727 et
950 2687 1092 2728 fabula
1121 2702 1280 2741 parem,
1318 2686 1464 2740 anguis
1500 2683 1688 2725 immanis

296 1585 313 1613 {0
