1815 3184
294 220 350 261 60
601 229 751 263 LIBER
778 230 910 270 XXII,
935 231 1047 264 4—6.
1076 232 1172 275 [a.u.
1189 231 1313 274 e.537]

249 346 265 375 7
292 333 618 373 decucurrerant.
685 332 897 372 Romanus
946 332 1123 373 clamore
1169 333 1282 387 prius
1330 334 1510 388 undique
1559 344 1646 377 orto

243 838 261 867 N>

237 2575 253 2604 1

236 2698 254 2727 2

291 408 415 446 quam
444 393 542 433 satis
569 400 749 433 cerneret
776 408 818 433 se
844 394 1167 435 circumventum
1195 409 1285 436 csse
1311 396 1456 445 sensit,
1490 406 1526 437 et
1554 407 1646 438 ante

289 455 331 495 in
361 455 537 495 frontem
569 454 778 507 lateraque
808 457 983 509 pugnari
1009 464 1198 510 coeptum
1225 464 1286 497 est
1312 471 1435 510 quam
1462 459 1561 499 satis
1586 460 1648 499 in-

291 523 513 557 strueretur
531 516 639 556 acies
659 524 729 556 aut
749 517 931 570 expediri
951 533 1065 558 arma
1085 518 1311 573 stringique
1325 519 1449 573 gladii
1464 528 1646 574 possent.

374 578 426 618 V.
483 577 642 619 Consul
666 579 865 633 perculsis
891 579 1082 620 omnibus
1108 580 1196 634 ipse
1223 580 1340 629 satis,
1367 588 1410 621 ut
1436 582 1478 621 in
1501 596 1544 622 re
1570 589 1648 622 tre-

287 640 402 694 pida,
441 640 660 694 inpavidus
693 640 877 681 turbatos
910 641 1072 682 ordines
1104 649 1287 683 vertente
1320 657 1363 683 se
1395 657 1558 696 quoque
1595 644 1648 684 ad

289 702 478 742 dissonos
510 701 709 742 clamores
741 702 905 744 instruit
934 710 978 743 ut
1009 710 1170 758 tempus
1196 703 1393 757 locusque
1418 705 1570 759 patitur
1594 714 1645 754 et,

288 778 547 817 quacumque
572 764 683 804 adire
709 764 922 818 audirique
947 772 1099 819 potest,
1133 765 1370 806 adhortatur
1395 781 1442 807 ac
1468 774 1574 807 stare
1599 781 1647 807 ac

289 840 473 880 pugnare
493 825 625 866 iubet:
651 840 726 867 nec
747 827 854 867 enim
875 827 969 867 inde
990 827 1095 868 votis
1122 835 1191 868 aut
1215 828 1483 882 inploratione
1510 829 1644 878 deum,

289 888 361 927 sed
387 888 426 926 vi
453 902 499 928 ac
525 888 673 928 virtute
699 889 957 929 evadendum
984 903 1088 930 esse.
1131 904 1204 943 per
1228 890 1383 930 medias
1411 890 1518 932 acies
1539 890 1646 931 ferro

286 950 394 990 viam
422 950 510 991 fieri
535 957 591 1000 et,
619 965 705 1004 quo·
726 951 880 992 timoris
906 951 1041 992 minus
1069 952 1137 1001 sit,
1166 967 1214 992 eo
1239 952 1373 993 minus
1394 952 1521 993 ferme
1541 953 1647 1006 peri-

288 1012 368 1052 culi
389 1028 492 1053 esse.
531 1020 710 1054 ceterum
737 1028 833 1068 prae
860 1014 1031 1068 strepitu
1056 1028 1103 1055 ac
1129 1014 1305 1054 tumultu
1330 1029 1405 1055 nec
1431 1014 1645 1055 consilium

286 1088 362 1114 nec
398 1074 615 1128 imperium
652 1075 781 1129 accipi
811 1083 988 1129 poterat,
1029 1083 1268 1128 tantumque
1299 1075 1456 1124 aberat,
1495 1084 1539 1116 ut
1571 1091 1645 1116 sua.

287 1136 406 1190 signa
431 1145 552 1189 atquc
578 1137 740 1178 ordines
767 1145 805 1178 et
831 1138 968 1178 locum
1000 1145 1235 1187 noscerent,
1273 1145 1315 1178 ut
1348 1138 1417 1178 vix
1449 1138 1500 1178 ad
1532 1153 1645 1178 arma

287 1198 486 1251 capienda
517 1199 777 1252 aptandaque
802 1214 967 1254 pugnae
993 1206 1227 1254 conpeteret
1253 1199 1412 1240 animus
1440 1200 1645 1254 opprime-

286 1265 504 1312 renturque
536 1260 701 1312 quidam
734 1262 886 1302 onerati
919 1261 1051 1315 magis
1083 1261 1146 1301 his
1178 1276 1301 1314 quam
1333 1261 1439 1301 tecti.
1495 1269 1534 1302 et
1559 1269 1644 1301 crat

285 1320 325 1360 in
351 1331 463 1361 tanta
488 1321 661 1376 caligine
687 1323 816 1363 maior
841 1338 940 1364 usus
968 1323 1126 1364 aurium
1152 1338 1274 1376 quam
1307 1323 1530 1364 oculorum.
1591 1324 1643 1364 ad

284 1383 463 1436 gemitus
506 1384 721 1424 vulnerum
763 1385 950 1438 ictusque
994 1400 1210 1439 corporum
1254 1392 1321 1425 aut
1360 1399 1565 1425 armorum
1604 1393 1643 1425 et

284 1444 434 1485 mixtos
479 1446 746 1499 strepentium
790 1447 1108 1501 paventiumque
1146 1446 1344 1487 clamores
1383 1446 1644 1487 circumfere-

284 1504 383 1546 bant
413 1521 482 1546 ora
513 1507 749 1560 oculosque.
811 1509 878 1548 alii
904 1509 1110 1562 fugientes
1136 1508 1407 1562 pugnantium
1434 1507 1557 1562 globo
1583 1509 1644 1548 in-

282 1566 354 1607 lati
385 1567 625 1617 haerebant,
665 1569 766 1610 alios
798 1570 1015 1610 redeuntes
1047 1570 1088 1610 in
1119 1585 1301 1624 pugnam
1332 1569 1542 1610 avertebat
1578 1570 1644 1609 fu-

282 1629 483 1683 gientium
509 1646 670 1685 agmen.
726 1632 892 1680 deinde,
919 1632 990 1673 ubi
1014 1632 1056 1672 in
1081 1632 1212 1673 omnis
1238 1632 1365 1686 partis
1391 1632 1641 1685 nequiquam

281 1692 460 1746 impetus
487 1693 613 1746 capti,
649 1701 686 1733 et
713 1693 764 1734 ab
790 1693 985 1734 lateribus
1013 1701 1173 1735 montes
1205 1709 1252 1734 ac
1282 1694 1415 1743 lacus,
1454 1710 1476 1734 a
1508 1694 1642 1735 fronte

283 1766 322 1793 et
353 1753 404 1794 ab
436 1761 551 1809 tergo
584 1754 763 1795 hostium
790 1756 898 1796 acies
925 1755 1161 1804 claudebat,
1194 1756 1462 1809 apparuitque
1487 1756 1642 1796 nullam

284 1815 362 1856 nisi
386 1816 428 1856 in
453 1817 617 1857 dextera
645 1818 834 1870 ferroque
861 1818 1003 1858 salutis
1031 1832 1145 1871 spem
1171 1832 1280 1866 esse,
1314 1826 1400 1857 tum
1427 1817 1505 1858 sibi
1530 1818 1642 1870 quis-

282 1892 362 1930 que
393 1878 477 1918 dux
509 1878 825 1932 adhortatorque
857 1880 990 1920 factus
1023 1880 1075 1919 ad
1105 1894 1190 1919 rem
1222 1880 1444 1934 gerendam
1471 1887 1508 1919 et
1534 1894 1641 1919 nova

282 1940 332 1979 de
363 1939 522 1995 integro
555 1947 693 1981 exorta
725 1955 865 1995 pugna
897 1949 976 1989 est,
1014 1957 1097 1981 non
1127 1941 1194 1981 illa
1226 1941 1409 1981 ordinata
1435 1955 1507 1994 per
1531 1941 1641 1994 prin-

282 2001 393 2055 cipes
414 2001 678 2056 hastatosque
701 2018 746 2043 ac
767 2003 938 2051 triarios,
966 2018 1041 2043 nec
1061 2010 1104 2043 ut
1124 2018 1198 2057 pro
1218 2003 1345 2057 signis
1367 2002 1638 2056 antesignani,

279 2071 374 2118 post
399 2065 517 2119 signa
542 2065 620 2106 alia
646 2073 846 2120 pugnaret
874 2066 1000 2115 acies,
1026 2080 1102 2106 nce
1123 2073 1165 2105 ut
1186 2066 1227 2105 in
1249 2081 1322 2105 sua
1340 2065 1502 2120 legione
1521 2065 1638 2105 miles

281 2133 351 2166 aut
377 2127 540 2167 cohorte
567 2136 636 2168 aut
662 2128 871 2182 manipulo
897 2135 1024 2169 esset:
1057 2128 1141 2168 fors
1169 2127 1387 2182 conglobat
1413 2134 1450 2167 et
1477 2127 1637 2168 animus

282 2204 381 2229 suus
409 2189 555 2242 cuique
581 2197 673 2230 ante
699 2196 768 2230 aut
793 2197 887 2244 post
911 2190 1123 2245 pugnandi
1156 2190 1338 2230 ordinem
1371 2189 1513 2238 dabat3
1551 2197 1640 2229 tan—

280 2258 428 2304 tusque
447 2251 524 2292 fuit
544 2253 664 2293 ardor
683 2253 931 2302 animorum,
958 2253 1060 2293 adeo
1079 2253 1258 2293 intentus
1278 2267 1441 2306 pugnae
1461 2252 1635 2301 animus,

279 2321 324 2353 ut
344 2329 437 2354 eum
457 2321 613 2355 motum
634 2322 775 2364 terrae,
797 2316 867 2368 qui
886 2315 1106 2355 multarum
1125 2315 1287 2355 urbium
1302 2314 1443 2355 Italiae
1465 2329 1636 2369 magnas

280 2383 416 2430 partes
453 2378 673 2431 prostravit
709 2378 935 2430 avertitque
974 2392 1096 2418 cursu
1131 2377 1294 2431 rapidos
1332 2377 1482 2425 amnis,
1525 2391 1636 2416 mare

280 2438 516 2479 fluminibus
552 2439 726 2487 invexit,
763 2448 923 2481 montes
960 2439 1080 2494 lapsu
1115 2439 1271 2494 ingenti
1301 2439 1476 2493 proruit,
1513 2453 1634 2479 nemo

280 2501 550 2554 pugnantium
578 2502 761 2542 senserit.

364 2562 439 2603 VI.
501 2563 594 2604 Tris
620 2563 749 2604 ferme
774 2563 895 2604 horas
922 2571 1151 2619 pugnatum
1176 2570 1256 2610 est,
1289 2569 1327 2603 et
1351 2561 1502 2615 ubique
1528 2568 1633 2602 atro-

280 2624 390 2664 citer.
441 2625 546 2665 circa
567 2626 777 2667 consulem
797 2634 932 2667 tamen
953 2627 1083 2667 acrior
1100 2626 1367 2678 infestiorque
1392 2640 1532 2679 pugna
1556 2629 1630 2663 est.

281 2699 374 2726 euin
405 2693 445 2726 et
474 2686 621 2728 robora
653 2688 832 2728 virorum
865 2688 1140 2742 sequebantur
1170 2694 1209 2729 et
1233 2688 1341 2742 ipse,
1373 2698 1630 2739 quacumque
