1815 3184
301 237 383 278 268
628 243 778 277 LIBER
802 243 939 287 xxvi,
965 244 997 277 2.
1019 243 1049 277 3.
1078 246 1125 286 [a.
1141 255 1174 277 u.
1191 255 1219 278 e.
1234 244 1316 288 543]

238 362 277 391 15
302 347 420 388 Italia
454 345 690 395 decesserit,
743 352 782 385 et
816 345 893 386 hoe
929 346 1037 386 idem
1072 345 1113 385 in
1151 344 1228 386 Cn.
1259 345 1381 385 Fulvi
1414 346 1644 400 legionibus

237 546 275 575 16

260 1835 278 1863 6

262 2020 277 2048 xl

262 2387 279 2416 9

242 2509 281 2538 10

242 2630 280 2659 11

300 423 429 462 nuper
447 407 672 448 decretum:
701 406 776 447 Cn.
796 406 942 448 Fulvio
967 406 1110 462 fugam
1129 421 1179 447 ex
1198 407 1350 461 proelio
1368 407 1497 461 ipsius
1521 414 1647 449 teme-

300 470 415 510 ritate
442 469 661 510 commisso
686 469 926 522 impunitam
953 483 1060 517 esse,
1089 474 1128 509 et
1152 483 1245 508 eum
1269 469 1311 508 in
1336 483 1468 522 ganea
1491 468 1648 509 lustris-

302 545 399 584 que,
436 530 506 571 ubi
535 531 742 571 iuventam
775 530 919 584 egerit,
958 536 1209 570 senectutem
1239 536 1443 578 acturum,
1464 529 1645 581 *milites,

302 592 371 645 qui
395 591 495 631 nihil
521 592 630 632 aliud
649 591 924 645 peccaverint,
950 605 1072 643 quam
1092 591 1202 644 quod
1220 590 1474 644 imperatoris
1496 590 1647 631 similes

301 653 468 702 suerint,
495 653 696 707 relegatos
722 667 847 706 prope
872 652 914 691 in
939 652 1104 692 exilium
1129 652 1443 706 ignominiosam
1467 651 1551 705 pati
1575 651 1649 691 mi-

300 714 441 755 litiam.
490 714 591 755 adeo
623 715 822 767 imparem
851 714 1078 754 libertatem
1103 713 1261 755 Romae
1292 714 1366 754 diti
1395 727 1443 754 ac
1466 713 1647 767 pauperi,

301 777 497 817 honorato
523 783 643 829 atque
668 776 908 816 inhonorato
934 790 1036 816 esse.

386 838 466 878 III.
525 838 637 878 Reus
669 838 720 878 ab
747 853 789 878 sc
815 838 977 891 culpam
1008 838 1048 878 in
1072 838 1219 878 milites
1251 837 1542 878 transferebat:
1580 851 1649 878 eos

302 899 490 940 ferociter
523 914 705 954 pugnam
734 899 939 953 poscentis
970 899 1189 953 productos
1224 899 1265 939 in
1296 899 1443 948 aciem,
1486 913 1567 939 non
1603 913 1650 939 eo

303 976 383 1014 quo
408 961 627 1010 voluerint,
655 961 749 1014 quia
775 975 911 1001 serum
936 961 1016 1000 diei
1040 960 1180 1010 fuerit,
1208 961 1279 1001 sed
1304 967 1466 1014 postero
1492 960 1574 1010 die,
1612 967 1652 1000 et

303 1031 483 1077 tempore
520 1031 558 1063 et
594 1023 683 1063 loco
725 1037 854 1075 aequo
895 1023 1113 1063 instructos
1157 1037 1229 1063 seu
1270 1022 1423 1063 samam
1460 1037 1532 1063 seu
1567 1022 1650 1062 vim

302 1085 480 1126 hostium
505 1100 586 1125 non
613 1085 866 1125 sustinuisse.
928 1099 1021 1124 cum
1046 1084 1175 1124 effuse
1201 1099 1342 1125 omnes
1368 1084 1574 1138 fugerent,
1607 1098 1650 1124 se

303 1161 466 1200 quoque
503 1146 619 1186 turba
656 1146 860 1194 ablatum,
909 1152 952 1186 ut
987 1145 1214 1186 Varronem
1253 1145 1461 1186 Cannensi
1496 1160 1648 1200 pugna,

303 1215 347 1248 ut
372 1208 520 1248 multos
546 1208 647 1248 alios
673 1208 948 1261 imperatores.
1009 1207 1077 1260 qui
1103 1214 1239 1247 autem
1265 1207 1397 1248 solum
1423 1222 1465 1248 se
1496 1214 1651 1248 restan-

303 1277 385 1310 tem
409 1270 604 1323 prodesse
633 1269 690 1309 rei
720 1269 927 1322 publicae,
964 1268 1043 1308 nisi
1074 1270 1108 1308 si
1138 1283 1246 1309 mors
1275 1284 1348 1309 sua
1372 1269 1551 1309 remedio
1576 1284 1650 1323 pu-

303 1332 420 1373 blicis
446 1332 629 1372 cladibus
656 1332 791 1371 futura
816 1338 940 1379 esset,
968 1331 1175 1384 potuisse?
1204 1346 1287 1371 non
1312 1346 1355 1371 se
1379 1332 1517 1385 inopia
1542 1346 1651 1372 com-

304 1400 480 1442 meatus,
507 1409 586 1434 non
611 1394 652 1433 in
676 1393 766 1433 loca
784 1393 921 1445 iniqua
941 1393 1101 1432 incaute
1121 1393 1360 1440 deductum,
1386 1407 1469 1432 non
1488 1393 1651 1446 agmine

304 1455 554 1509 inexplorato
602 1461 764 1494 euntem
810 1454 967 1494 insidiis
1017 1454 1362 1493 circumventum:
1411 1453 1452 1493 vi
1499 1461 1650 1507 aperta,

304 1517 445 1565 armis,
482 1517 567 1556 acie
593 1516 757 1555 victum.
817 1529 892 1554 1100
924 1529 1089 1555 suorum
1120 1514 1276 1555 animos
1307 1528 1382 1555 nec
1406 1514 1586 1555 hostium
1611 1515 1652 1555 in

303 1584 503 1632 potestate
528 1577 739 1617 habuisse:
786 1591 903 1616 suum
936 1576 1081 1628 cuique
1106 1576 1315 1630 ingenium
1346 1576 1559 1616 audaciam
1584 1584 1652 1617 aut

303 1653 494 1692 pavorem
531 1638 677 1678 facere.
738 1637 800 1678 bis
838 1644 897 1677 cst
937 1644 1151 1677 accusatus
1188 1637 1442 1691 pecuniaque
1472 1638 1652 1691 anquisi-

304 1707 408 1749 tu1n3
441 1700 575 1747 tertio,
602 1699 774 1740 testibus
801 1699 924 1747 datis,
952 1714 1063 1748 cum,
1090 1706 1374 1752 praeterquam
1394 1700 1504 1752 quod
1524 1699 1653 1740 omni-

302 1760 379 1801 bus
416 1760 573 1814 probris
611 1760 870 1809 onerabatur,
913 1760 1033 1800 iurati
1068 1760 1258 1814 permulti
1295 1761 1492 1810 dicerent,
1528 1760 1652 1815 fugae

303 1823 545 1876 pavorisque
571 1822 729 1861 initium
755 1837 777 1862 a
801 1828 985 1876 praetore
1016 1829 1166 1871 ortum,
1205 1822 1255 1863 ab
1288 1837 1335 1862 eo
1367 1822 1548 1863 desertos
1579 1822 1654 1862 mi-

303 1884 412 1932 lites,
451 1898 544 1923 cum
574 1883 684 1923 haud
714 1898 866 1923 vanum
896 1884 1081 1923 timorem
1117 1884 1232 1924 ducis
1270 1884 1496 1932 crederent,
1539 1890 1654 1938 terga

305 1945 485 1993 dedisse,
534 1952 645 1985 tanta
680 1945 740 1985 ira.
775 1959 947 1985 accensa
983 1952 1061 1993 031,
1108 1951 1153 1984 ut
1189 1945 1319 1998 capite
1356 1945 1653 1997 anquirendum

306 2007 439 2046 contio
471 2006 750 2046 succlamaret.
800 2007 850 2046 de
882 2021 929 2046 eo
965 2020 1128 2059 quoque
1163 2021 1315 2046 novum
1352 2013 1554 2046 certamen
1591 2020 1654 2046 01·-

305 2074 407 2107 tum:
450 2083 544 2107 nam
575 2082 667 2107 cum
698 2067 760 2108 bis
786 2068 960 2121 pecunia
990 2067 1254 2120 anquisisset,
1292 2068 1408 2107 tertio
1440 2067 1583 2120 capitis
1610 2081 1653 2106 se
1700 2104 1706 2108 .

305 2130 516 2182 anquirere
552 2130 721 2178 diceret,
771 2129 921 2170 tribuni
956 2129 1087 2183 plebis
1125 2129 1316 2184 appellati
1353 2129 1547 2183 conlegae
1584 2143 1655 2169 ne-

305 2198 452 2245 garunt
478 2206 521 2231 se
546 2191 588 2231 in
612 2206 725 2231 mora
751 2206 859 2240 esse,
897 2206 978 2244 quo
1002 2192 1157 2241 minus,
1196 2192 1305 2244 quod
1331 2192 1368 2231 ei
1392 2206 1504 2231 more
1528 2191 1655 2231 maio-

304 2267 394 2292 rum
430 2253 675 2306 permissum
713 2260 838 2301 esset,
878 2268 950 2293 scu
984 2253 1144 2307 legibus
1183 2268 1255 2294 seu
1291 2253 1471 2293 moribus
1503 2253 1653 2301 mallet,

305 2314 551 2366 anquireret,
589 2314 724 2367 quoad
748 2314 813 2354 vel
838 2314 980 2367 capitis
1013 2314 1078 2367 pel
1104 2315 1299 2368 pecuniae
1330 2314 1551 2354 iudicasset
1575 2313 1657 2367 pri-

306 2382 410 2415 vato.
481 2382 566 2414 tum
613 2374 880 2429 Sempronius
928 2376 1215 2428 perduellionis
1264 2390 1307 2415 se
1360 2375 1538 2415 iudicare
1576 2374 1653 2415 Cn.

305 2435 452 2475 Fulvio
484 2436 584 2476 dixit
615 2437 803 2489 diemque
836 2437 1009 2485 comitiis
1046 2436 1096 2477 ab
1130 2436 1177 2477 C.
1212 2436 1436 2491 Calpurnio
1471 2448 1655 2490 praetore

307 2496 417 2536 urbis
443 2498 555 2550 petit.
604 2498 697 2538 inde
723 2499 802 2538 alia
827 2513 920 2552 spes
947 2498 998 2538 ab
1022 2513 1091 2538 reo
1117 2505 1312 2552 temptata
1337 2505 1417 2547 est,
1453 2499 1486 2538 si
1511 2499 1655 2538 adesse

306 2557 454 2599 iudicio
471 2558 648 2610 Quintus
669 2560 840 2600 Fulvius
866 2560 990 2600 frater
1013 2567 1172 2613 posset,
1198 2560 1345 2600 florens
1371 2566 1457 2599 tum
1483 2565 1522 2599 et
1546 2559 1656 2598 fama

307 2633 439 2659 rerum
465 2627 672 2673 gestarum
698 2628 737 2661 et
767 2622 995 2675 propinqua
1026 2636 1098 2675 spe
1125 2621 1292 2675 Capuae
1323 2620 1555 2674 potiundae.
1614 2618 1655 2657 id

309 2693 400 2718 cum
436 2695 509 2732 per
538 2681 690 2722 litteras
728 2682 1011 2722 miserabiliter
1045 2697 1118 2736 pro
1155 2683 1290 2722 fratris
1322 2681 1452 2735 capite
1484 2679 1652 2732 scriptas
