1815 3184
329 240 411 282 288
634 246 787 280 LIBER
811 246 958 289 XXVI,
984 247 1038 280 20.
1058 247 1111 289 21.
1142 248 1191 288 [a.
1207 258 1240 279 u.
1258 258 1287 280 e.
1304 247 1386 290 543]

328 351 459 405 pionis
487 356 571 389 erat
595 362 719 401 quam
745 349 854 403 apud
879 349 979 389 civis
1007 349 1237 402 sociosque,
1276 355 1315 389 et
1340 349 1534 390 divinatio
1559 364 1683 403 quae-

328 413 422 452 dam
447 411 593 459 futuri,
631 425 711 463 quo
742 411 877 451 minus
908 410 1010 450 ratio
1042 410 1197 451 timoris
1228 410 1343 450 reddi
1367 416 1526 464 poterat
1550 411 1681 451 oborti

284 488 301 516 6
329 482 498 522 temere,
524 473 721 513 maiorem
746 473 926 513 inferens
952 479 1118 512 metum.
1169 473 1210 512 in
1229 472 1399 513 hiberna
1417 472 1569 512 diversi
1587 486 1683 513 con-

328 542 552 583 cesserant,
584 534 824 575 Hasdrubal
851 533 1049 589 Gisgonis
1075 548 1206 587 usque
1232 535 1284 574 ad
1309 548 1507 574 oceanum
1534 540 1573 574 et
1599 532 1683 575 Ga-

328 598 409 646 dis,
441 597 571 651 Mago
596 597 638 636 in
663 597 960 637 mediterranea
986 596 1163 636 maxime
1190 611 1313 650 supra
1339 595 1683 636 Castulonensem

329 659 502 707 saltum3
551 657 792 698 Hasdrubal
828 657 1078 698 Hamilcaris
1122 657 1228 698 filius
1270 657 1481 711 proximus
1524 656 1682 697 Hibero

328 721 435 760 circa
463 719 695 774 Saguntum
722 719 963 760 hibernavit.

413 781 597 822 Aestatis
624 782 710 822 eius
738 788 938 830 extremo,
965 796 1047 834 qua
1072 787 1191 835 capta
1216 787 1277 822 est
1303 780 1449 834 Capua
1475 786 1513 820 et
1540 779 1681 834 Scipio

326 845 368 884 in
393 844 641 897 Hispaniam
672 843 801 892 venit,
839 843 997 883 Punica
1028 843 1170 884 elassis
1203 858 1254 883 ex
1287 841 1426 884 Sicilia
1458 842 1682 882 Tarentum

327 906 455 946 accita
481 906 533 945 ad
559 905 755 945 arcendos
783 911 1035 945 commeatus
1061 904 1254 959 praesidii
1278 904 1472 952 Romani,
1505 903 1615 956 quod
1640 904 1683 942 in

282 981 301 1010 s
328 982 419 1008 arce
446 967 669 1007 Tarentina
694 973 797 1015 erat,
836 966 1037 1007 clauserat
1068 967 1234 1019 quidem
1265 966 1395 1006 omnis
1422 966 1475 1006 ad
1500 980 1634 1006 arcem
1659 980 1683 1005 a

326 1029 429 1069 mari
454 1029 607 1077 aditus,
647 1029 719 1069 sed
745 1029 970 1069 adsidendo
996 1029 1147 1068 diutius
1174 1028 1362 1068 artiorem
1389 1041 1592 1068 annonam
1619 1041 1682 1067 so-

284 1105 301 1133 9
328 1091 400 1130 ciis
433 1105 555 1143 quam
588 1090 774 1131 hostibus
806 1089 996 1130 faciebat.
1057 1105 1139 1130 non
1175 1090 1283 1129 enim
1320 1096 1476 1129 tantum
1509 1087 1681 1129 subvehi

327 1152 542 1206 oppidanis
579 1166 652 1205 per
688 1157 833 1205 pacata
868 1151 986 1191 litora
1022 1157 1264 1204 apertosque
1300 1157 1441 1203 portus
1477 1149 1681 1203 praesidio

327 1214 493 1254 navium
507 1212 758 1253 Punicarum
783 1219 952 1266 poterat,
980 1220 1176 1265 quantum
1202 1211 1396 1251 frumenti
1421 1211 1564 1251 classis
1589 1211 1680 1264 ipsa

328 1274 446 1315 turba
470 1274 606 1314 navali
631 1274 758 1314 mixta
790 1289 839 1314 ex
870 1273 980 1314 omni
1010 1288 1159 1327 genere
1185 1273 1396 1313 hominum
1422 1271 1677 1319 adsumebat‚

264 1352 302 1381 10
328 1344 372 1377 ut
397 1337 499 1377 arcis
525 1336 774 1391 praesidium
800 1336 920 1376 etiam
954 1336 1039 1376 sine
1064 1336 1243 1383 invecto,
1281 1335 1376 1387 quia
1406 1335 1526 1388 pauci
1553 1340 1677 1381 erant,

327 1414 377 1439 ex
402 1406 494 1439 ante
519 1404 760 1452 praeparato
787 1397 1004 1438 sustentari
1029 1404 1186 1450 posset,
1220 1396 1451 1436 Tarentinis
1478 1396 1679 1448 classique

261 1476 299 1504 11
326 1476 377 1502 ne
412 1461 620 1500 invectum
655 1459 821 1512 quidem
859 1459 1077 1499 sufficeret.
1150 1458 1314 1497 tandem
1358 1457 1511 1497 maiore
1550 1457 1680 1511 gratia

327 1538 450 1575 quam
476 1528 643 1562 venerat
668 1521 811 1561 elassis
844 1520 1015 1560 dimissa
1046 1527 1119 1559 est.
1181 1534 1341 1559 annona
1371 1519 1482 1559 haud
1506 1518 1681 1558 multum

326 1585 551 1632 laxaverat,
589 1583 685 1635 quia
719 1588 876 1622 remoto
912 1581 1115 1622 maritimo
1151 1581 1355 1635 praesidio
1389 1579 1562 1621 subvehi
1596 1580 1681 1620 fru-

326 1652 507 1685 mentum
533 1659 614 1685 non
639 1650 809 1699 poterat.

284 1723 297 1750 1
411 1707 540 1747 XXI.
601 1706 804 1748 Eiusdem
841 1707 1007 1747 aestatis
1046 1706 1157 1747 exitu
1188 1705 1248 1746 M.
1275 1705 1497 1746 Marcellus
1531 1720 1583 1746 ex
1615 1704 1680 1746 Si-

325 1769 416 1809 cilia
452 1768 661 1822 provincia
697 1783 790 1808 cum
827 1768 879 1808 ad
915 1767 1057 1809 urbem
1089 1768 1284 1816 venisset,
1323 1783 1345 1808 a
1377 1766 1426 1808 C.
1455 1767 1680 1821 Calpurnio

281 1844 298 1872 2
325 1837 509 1884 praetore
536 1836 702 1870 senatus
729 1830 765 1869 ei
791 1829 842 1870 ad
863 1830 1007 1870 aedem
1020 1830 1216 1870 Bellonae
1242 1830 1361 1870 datus
1388 1836 1460 1870 est.
1510 1829 1678 1870 ibicum

324 1894 373 1933 de
410 1892 531 1934 rebus
569 1892 619 1933 ab
658 1907 701 1933 se
737 1892 864 1946 gestis
902 1892 1180 1940 disseruisset,
1219 1898 1388 1944 questus
1425 1891 1569 1931 leniter
1598 1905 1679 1931 non

325 1970 441 1995 suam
478 1954 609 2009 magis
647 1969 771 2007 quam
807 1954 981 1994 militum
1016 1954 1166 2002 vicem,
1204 1953 1314 2006 quod
1344 1952 1553 2006 provincia
1584 1967 1679 1993 con-

323 2017 430 2057 fecta
467 2016 690 2056 exercitum
727 2016 940 2069 deportare
976 2030 1059 2056 non
1093 2015 1293 2063 licuisset,
1344 2014 1583 2068 postulavit,
1634 2021 1677 2054 ut

280 2093 297 2121 3
324 2078 588 2132 triumphanti
614 2077 757 2118 urbem
782 2078 882 2118 inire
907 2077 1057 2118 liceret.
1116 2077 1158 2117 id
1183 2091 1264 2117 non
1291 2076 1535 2130 impetravit.
1585 2089 1679 2115 eum

322 2141 460 2181 multis
486 2139 621 2181 verbis
647 2146 784 2180 actum
809 2146 935 2189 esset,
962 2146 1097 2179 utrum
1122 2139 1257 2178 minus
1284 2137 1534 2187 conveniret,
1561 2137 1677 2177 euius

322 2202 486 2243 nomine
511 2201 692 2242 absentis
719 2200 770 2242 ob
791 2216 856 2242 res
881 2216 1075 2256 prospere
1101 2201 1226 2240 ductu
1251 2201 1337 2240 eius
1363 2206 1502 2254 gestas
1523 2199 1677 2253 suppli-

323 2265 427 2305 catio
453 2264 616 2304 decreta
641 2263 747 2304 foret
778 2269 816 2303 et
848 2263 911 2303 dis
941 2262 1239 2303 immortalibus
1265 2261 1429 2302 habitus
1454 2261 1604 2309 honos,
1642 2261 1678 2300 ei

279 2340 297 2368 4
323 2326 527 2380 praesenti
552 2339 703 2380 negare
729 2324 1000 2379 triumphum,
1039 2340 1091 2365 an
1123 2339 1245 2377 quem
1270 2324 1428 2364 tradere
1454 2323 1676 2363 exercitum

324 2388 551 2429 successori
575 2387 811 2435 iussissent,
839 2387 949 2440 quod
967 2387 1047 2427 nisi
1067 2393 1256 2427 manente
1276 2386 1316 2426 in
1335 2385 1545 2440 provincia
1569 2384 1676 2425 bello

323 2465 404 2490 non
429 2450 731 2497 decerneretur,
770 2463 864 2488 eum
895 2449 1013 2501 quasi
1043 2448 1245 2489 debellato
1276 2447 1545 2501 triumphare,
1584 2461 1675 2487 eum

324 2512 524 2551 exereitus
563 2511 677 2551 testis
714 2510 847 2550 meriti
884 2518 1005 2563 atque
1040 2510 1232 2550 immeriti
1268 2509 1462 2563 triumphi
1499 2507 1673 2554 abesset,

281 2587 298 2614 ῑ)
324 2573 504 2612 medium
529 2573 683 2620 visum,
710 2578 755 2611 ut
781 2576 919 2612 ovans'
935 2571 1078 2612 urbem
1102 2572 1233 2611 iniret.
1295 2571 1445 2611 tribuni
1470 2569 1599 2623 plebis
1625 2582 1675 2607 ex

325 2634 561 2674 auctoritate
588 2639 752 2674 senatus
779 2634 831 2673 ad
856 2633 1053 2687 populum
1079 2633 1275 2682 tulerunt,
1307 2640 1351 2672 ut
1374 2632 1436 2672 M.
1462 2628 1672 2676 Marcello,

281 2710 298 2737 ο·
325 2708 405 2746 quo
431 2695 495 2734 die
520 2694 660 2735 urbem
688 2708 815 2734 ovans
835 2694 971 2743 iniret,
998 2695 1214 2748 imperium
1233 2699 1353 2735 esset.
1403 2691 1531 2745 pridie
1551 2704 1674 2742 quam
