1815 3184
294 250 374 291 182
573 255 726 289 LIBER
749 238 918 298 ΧΧΠΠ,
945 255 1072 288 1819.
1102 256 1202 296 [a.u.
1219 265 1248 288 ο.
1266 255 1348 298 540]

289 361 520 411 tionemque
546 371 615 398 eos
641 357 838 398 adversus
863 371 950 397 rem
974 356 1181 410 publicam
1206 356 1418 406 habuisse,
1445 371 1526 410 quo
1546 373 1641 400 con-

245 437 263 465 5
288 420 433 461 iuratio
459 419 708 459 deserendae
733 418 877 459 Italiae
902 432 1027 458 causa
1051 418 1177 459 fieret.
1239 418 1465 459 secundum
1490 433 1559 460 eos
1585 420 1641 460 ci-

288 482 360 522 tati
384 480 504 520 nimis
531 480 665 520 callidi
690 480 929 521 exsolvendi
958 480 1056 520 iuris
1087 480 1247 521 iurandi
1276 480 1535 534 interpretes,
1572 483 1642 533 qui

288 543 541 596 captivorum
573 556 623 582 ex
654 542 796 582 itinere
825 542 1004 596 regressi
1029 541 1133 582 clam
1163 542 1205 582 in
1236 548 1368 582 castra
1393 541 1641 582 Hannibalis

244 620 261 648 6
289 604 484 652 solutum,
524 603 634 656 quod
658 603 891 643 iuraverant
914 603 1132 652 redituros,
1169 603 1374 644 rebantur.
1433 603 1496 643 his
1523 618 1643 657 supe-

286 665 542 718 rioribusque
567 664 646 705 illis
677 665 771 718 equi
796 665 968 718 dempti,
1007 665 1076 718 qui
1100 665 1310 719 publicum
1342 679 1493 718 equum
1517 664 1643 705 habe-

245 741 260 770 7
288 727 404 775 bant,
442 726 630 779 tribuque
667 727 767 767 moti
803 727 932 767 aerari
969 741 1110 768 omnes
1152 726 1262 767 facti.
1328 741 1460 779 neque
1497 733 1642 767 senatu

287 789 410 829 modo
429 795 498 828 aut
518 788 696 841 equestri
715 788 855 829 ordine
874 789 1055 842 regendo
1074 803 1171 829 cura
1190 803 1233 830 se
1254 803 1470 830 censorum
1495 789 1641 829 tenuit:

286 850 452 891 nomina
488 850 670 891 omnium
708 864 758 890 ex
793 851 998 891 iuniorum
1034 850 1183 892 tabulis
1221 857 1530 904 excerpserunt,
1573 851 1644 904 qui

286 912 552 965 quadriennio
582 926 666 952 non
696 912 958 961 militassent,
997 912 1146 965 quibus
1176 926 1309 965 neque
1340 912 1500 953 vacatio
1535 912 1644 953 iusta

243 987 261 1016 8
288 974 454 1014 militiae
490 988 623 1027 neque
660 974 828 1015 morbus
866 989 991 1015 causa
1027 974 1186 1015 fuisset.
1259 981 1298 1015 et
1329 989 1377 1015 ea
1407 989 1531 1028 supra
1561 975 1642 1014 duo

288 1036 400 1077 milia
435 1036 646 1076 nominum
682 1036 724 1076 in
760 1037 937 1077 aerarios
974 1036 1101 1076 relata
1137 1035 1326 1088 tribuque
1358 1050 1499 1077 omnes
1529 1035 1641 1083 moti,

243 1112 260 1140 9
287 1097 554 1149 additumque
589 1104 673 1138 tam
710 1098 901 1138 taetricae
938 1097 1146 1138 censoriae
1180 1104 1302 1138 notae
1332 1097 1446 1138 triste
1477 1103 1643 1138 senatus

287 1158 538 1207 consultum,
565 1166 610 1198 ut
635 1159 672 1199 ei
697 1173 857 1208 omnes,
884 1174 986 1212 quos
1007 1173 1196 1200 censores
1217 1165 1441 1207 notassent,
1467 1158 1642 1212 pedibus

288 1228 489 1261 mererent
520 1221 855 1274 mitterenturque
886 1221 927 1261 in
961 1219 1144 1262 Siciliam
1181 1221 1232 1261 ad
1265 1220 1496 1262 Cannensis
1530 1236 1644 1261 exer-

289 1282 392 1322 citus
417 1282 627 1335 reliquias,
656 1282 721 1322 cui
745 1282 919 1322 militum
939 1282 1079 1337 generi
1096 1297 1179 1323 non
1198 1282 1324 1336 priuS,
1351 1296 1475 1335 quam
1498 1282 1642 1336 pulsus

287 1344 405 1384 Italia
430 1344 559 1384 hostis
586 1351 711 1393 esset,
738 1344 897 1384 finitum
924 1344 1218 1398 stipendiorum
1244 1351 1405 1397 tempus
1432 1351 1528 1384 erat.

223 1419 262 1448 10
376 1405 483 1446 Cum
510 1420 699 1447 censores
732 1406 783 1446 ob
814 1406 994 1459 inopiam
1025 1406 1155 1446 aerari
1186 1420 1230 1446 se
1259 1406 1342 1445 iam
1371 1405 1642 1447 locationibus

287 1467 537 1508 abstinerent
585 1469 747 1509 aedium
804 1482 1010 1508 sacrarum
1064 1466 1306 1506 tuendarum
1360 1466 1643 1520 curuliumque

222 1543 259 1572 11
289 1544 487 1582 equorum
511 1530 838 1585 praebendorum
864 1543 911 1569 ac
938 1528 1131 1568 similium
1151 1528 1214 1568 his
1233 1543 1388 1577 rerum,
1416 1543 1643 1569 convenere

287 1591 339 1632 ad
370 1606 439 1632 eos
470 1591 705 1644 frequentes
738 1591 807 1644 qui
838 1591 980 1631 hastae
1011 1590 1132 1630 huius
1164 1590 1326 1645 generis
1358 1591 1641 1640 adsueverant,

285 1652 518 1705 hortarique
551 1667 761 1701 censores,
800 1660 845 1692 ut
875 1652 1012 1693 onmia
1042 1652 1210 1707 perinde
1241 1658 1426 1707 agerent,
1463 1652 1644 1693 locarent

286 1728 332 1754 ac
366 1714 400 1753 si
430 1714 605 1767 pecunia
635 1715 677 1754 in
707 1715 863 1755 aerario
895 1721 1022 1755 esset:
1065 1714 1271 1755 neminem
1303 1714 1381 1755 nisi
1411 1713 1518 1755 bello
1549 1728 1644 1754 con-

222 1787 259 1817 1‘2
286 1774 394 1814 secto
435 1775 652 1828 pecuniam
696 1776 747 1816 ab
785 1776 940 1817 aerario
976 1776 1198 1830 petiturum
1241 1790 1344 1816 esse.
1417 1789 1643 1816 convenere

286 1836 431 1876 deinde
446 1837 772 1886 dominicorum,
799 1852 902 1891 quos
924 1837 988 1878 Ti.
1005 1836 1273 1892 Sempronius
1293 1838 1344 1878 ad
1358 1837 1643 1878 Beneventum

284 1913 409 1939 manu
445 1898 652 1948 emiserat,
696 1900 997 1952 arcessitosque
1029 1914 1072 1939 sc
1103 1899 1154 1940 ab
1185 1899 1406 1940 triumviris
1443 1901 1642 1939 mensaris

285 1974 376 2000 esse
401 1959 608 2009 dixerunt,
635 1968 679 2001 ut
703 1962 833 2015 pretia
859 1976 1069 2002 servorum
1089 1961 1336 2015 acciperent:
1363 1968 1542 2000 ceterum
1560 1975 1643 2000 non

220 2034 258 2064 13
285 2028 377 2061 ante
402 2035 526 2074 quam
552 2021 659 2063 bello
686 2023 872 2064 confecto
898 2029 1139 2077 accepturos
1172 2037 1275 2063 esse.
1337 2036 1430 2062 cum
1455 2021 1557 2062 hacc
1581 2022 1643 2061 in-

285 2083 447 2124 clinatio
479 2084 706 2124 animorum
743 2084 874 2139 plebis
907 2085 959 2125 ad
991 2085 1272 2126 sustinendam
1302 2084 1482 2137 inopiam
1513 2083 1643 2124 aerari

284 2144 414 2193 fieret,
441 2146 639 2199 pecuniae
659 2161 822 2199 quoque
841 2147 1063 2201 pupillares
1083 2147 1233 2200 primo,
1260 2146 1406 2186 deinde
1427 2145 1643 2186 viduarum

221 2219 259 2248 14
286 2213 452 2260 coeptae
473 2207 666 2257 conferri,
693 2223 897 2261 nusquam
917 2223 985 2249 eas
1005 2208 1131 2249 tutius
1152 2208 1414 2260 sanctiusque
1440 2207 1643 2261 deponere

285 2268 543 2310 credentibus
581 2270 652 2322 qui
688 2270 928 2311 deferebant
963 2284 1087 2323 quam
1123 2271 1165 2310 in
1201 2269 1366 2324 publica
1395 2268 1488 2309 fide.
1548 2268 1643 2309 inde

286 2329 320 2369 si
357 2330 455 2382 quid
492 2338 676 2385 emptum
710 2338 981 2385 paratumque
1012 2332 1178 2386 pupillis
1210 2346 1258 2372 ac
1294 2331 1429 2371 xiduis
1461 2330 1583 2378 foret,
1621 2345 1645 2370 a

222 2404 260 2433 15
286 2400 501 2444 quaestore
526 2393 866 2447 perscribebatur.
904 2394 1085 2434 manavit
1110 2409 1157 2434 ca
1181 2393 1433 2447 privatorum
1458 2391 1644 2445 benigni-

286 2461 347 2494 tas
374 2469 425 2494 ex
449 2454 549 2496 urbe
575 2455 697 2496 etiam
727 2456 769 2495 in
801 2462 952 2504 castra,
990 2463 1033 2495 ut
1058 2470 1140 2496 non
1166 2469 1311 2508 eques,
1348 2469 1431 2495 non
1461 2453 1644 2494 centurio

288 2515 533 2568 stipendium
550 2517 750 2571 acciperet
763 2517 1169 2571 mercennariumque
1181 2517 1438 2570 increpantes
1453 2521 1644 2556 vocarent

287 2577 356 2628 qui
381 2579 619 2631 accepisset.

246 2650 260 2677 1
370 2639 565 2680 XVIIII.
628 2640 679 2693 Q.
705 2641 861 2682 Fabius
893 2633 1038 2682 consul
1069 2641 1120 2681 ad
1153 2640 1382 2682 Casilinum
1408 2646 1542 2680 castra
1570 2638 1642 2677 ha-

287 2697 427 2748 bebat,
454 2702 564 2753 quod
583 2702 709 2742 duum
729 2702 886 2742 milium
902 2701 1208 2757 Campanorum
1229 2709 1268 2743 et
1293 2702 1641 2756 septingentorum
