1815 3184
258 431 278 461 8

259 494 276 522 9

240 677 278 706 10

238 800 275 829 11

238 923 276 952 12

239 1231 277 1261 13

239 1354 279 1382 14

239 1539 278 1567 15

239 1724 277 1753 16

237 1903 276 1932 17

237 2096 276 2126 18

238 2401 276 2430 19

264 2646 276 2674 1

311 243 391 285 144
561 250 713 285 LIBER
737 240 889 294 ΧΧΠΙ,
914 250 969 284 30.
986 250 1041 284 31.
1069 252 1116 293 [a.
1130 261 1164 283 u.
1180 260 1209 284 e.
1223 249 1299 285 538.
1311 250 1393 294 539]

303 361 476 402 retenta,
513 354 555 393 in
591 368 715 407 quam
750 353 854 394 inter
884 352 1105 393 tumultum
1135 358 1278 406 captae
1313 351 1425 392 urbis
1463 367 1485 393 e
1520 354 1654 395 media

304 418 427 458 caede
453 416 619 470 quidam
645 417 839 471 effugere.
899 424 940 457 et
963 417 1196 457 Locrenses
1223 416 1431 457 descivere
1457 416 1509 457 ad
1532 417 1654 458 Brut-

303 479 379 519 tios
404 478 650 531 Poenosque
675 478 835 531 prodita
859 478 1119 518 multitudine
1144 493 1167 518 a
1190 477 1456 532 principibus.
1505 478 1655 533 Regini

302 541 585 581 tantummodo
609 540 787 594 regionis
814 540 901 580 eius
927 547 967 580 et
990 540 1031 580 in
1056 540 1136 580 fide
1162 555 1259 595 erga
1283 540 1493 581 Romanos
1520 548 1560 581 et
1583 556 1655 595 po-

302 602 460 643 testatis
487 616 585 642 suae
610 602 662 642 ad
686 601 874 641 ultimum
898 608 1148 642 manserunt.

388 664 438 704 In
449 662 633 705 Siciliam
647 678 808 716 quoque
829 663 971 703 eadem
985 663 1192 704 inclinatio
1213 663 1438 703 animorum
1457 663 1653 717 pervenit,

303 734 341 767 et
366 741 417 767 ne
438 727 583 767 domus
610 726 776 779 quidem
790 725 984 766 Hieronis
1011 732 1095 766 tota
1121 725 1171 766 ab
1197 725 1425 766 defectione
1445 726 1653 766 abstinuit.

302 803 478 842 namque
495 787 618 837 Gelo,
645 788 848 828 maximus
870 787 1026 842 stirpis,
1054 794 1286 842 contempta
1307 787 1428 828 simul
1447 794 1654 828 senectute

301 850 448 904 patris,
487 849 608 890 simul
639 856 732 903 post
759 849 1020 890 Cannensem
1057 849 1214 890 cladem
1238 849 1428 890 Romana
1464 849 1656 890 societate

303 911 355 952 ad
379 911 542 952 Poenos
569 911 736 960 defecit,
774 911 1052 964 movissetque
1082 911 1124 951 in
1151 909 1293 952 Sicilia
1321 925 1406 960 res,
1443 910 1523 951 nisi
1546 925 1655 952 mors

302 973 406 1013 adeo
431 979 677 1026 opportuna,
710 979 753 1012 ut
777 979 935 1026 patrem
961 987 1123 1026 quoque
1150 972 1382 1026 suspicione
1407 978 1654 1027 aspergeret,

303 1042 528 1074 armantem
559 1049 652 1075 eum
689 1034 991 1074 multitudinem
1023 1034 1389 1086 sollicitantemque
1421 1034 1553 1074 socios
1585 1032 1656 1074 ab-

304 1096 560 1149 sumpsisset.
609 1095 710 1136 haec
735 1110 783 1136 eo
809 1110 915 1136 anno
940 1096 982 1135 in
1007 1095 1145 1144 Italia,
1171 1095 1213 1135 in
1236 1094 1399 1143 Africa,
1431 1095 1472 1134 in
1500 1093 1654 1143 Sicilia,

302 1156 345 1196 in
369 1156 574 1210 Hispania
598 1157 710 1197 vario
737 1163 885 1197 eventu
910 1164 1011 1197 acta.

387 1218 517 1258 Exitu
548 1218 643 1258 anni
675 1217 727 1270 Q.
753 1218 908 1259 Fabius
941 1218 1151 1259 Maximus
1184 1234 1208 1260 a
1240 1225 1383 1259 senatu
1417 1217 1653 1271 postulavit,

304 1286 346 1320 ut
371 1280 515 1320 aedem
539 1279 713 1320 Veneris
738 1279 962 1328 Erucinae,
999 1295 1122 1333 quam
1152 1280 1324 1320 dictator
1348 1280 1548 1328 vovisset,
1586 1279 1656 1319 de-

305 1341 440 1382 dicare
464 1341 614 1382 liceret.
665 1348 829 1382 senatus
856 1341 1051 1390 decrevit,
1078 1348 1122 1381 ut
1137 1341 1199 1381 Ti.
1219 1340 1486 1395 Sempronius
1513 1340 1656 1381 consul

304 1403 563 1457 designatus,
602 1417 695 1443 cum
732 1403 908 1457 primum
944 1402 1140 1443 honorem
1176 1403 1337 1451 inisset,
1376 1403 1426 1442 ad
1458 1401 1656 1455 populum

303 1464 443 1512 ferret,
481 1472 526 1504 ut
551 1463 602 1516 Q.
628 1463 804 1504 Fabium
830 1464 1092 1503 duumvirum
1118 1478 1208 1504 esse
1238 1463 1425 1504 iuberent
1450 1463 1562 1503 aedis
1587 1463 1657 1503 de-

304 1525 501 1565 dicandae
533 1540 669 1565 causa.
731 1531 769 1565 et
793 1524 854 1565 M.
880 1524 1059 1564 Aemilio
1089 1524 1270 1578 Lepido,
1319 1524 1388 1577 qui
1418 1523 1481 1565 bis
1514 1525 1656 1565 consul

304 1601 514 1640 augurque
541 1586 690 1634 fuerat,
717 1586 773 1625 fili
801 1586 1112 1634 tres—Lucius,
1138 1585 1320 1635 Marcus,
1350 1585 1577 1638 Quintus—
1595 1586 1656 1626 lu-

304 1649 377 1688 dos
403 1648 595 1688 funebres
623 1663 694 1701 per
719 1648 897 1687 triduum
929 1654 967 1688 et
992 1647 1263 1701 gladiatorum
1289 1648 1402 1701 paria
1426 1648 1507 1688 duo
1533 1654 1572 1688 et
1597 1648 1656 1688 vi-

304 1709 405 1764 ginti
432 1708 527 1763 (per
551 1710 754 1761 triduum)
779 1709 820 1749 in
845 1709 934 1750 foro
960 1709 1170 1749 dederunt.
1231 1709 1383 1750 aediles
1417 1709 1576 1750 curules
1604 1708 1652 1750 C.

302 1771 521 1811 Laetorius
554 1778 591 1811 et
624 1771 687 1811 Ti.
718 1769 985 1825 Sempronius
1020 1769 1250 1820 Gracchus,
1294 1771 1436 1812 consul
1467 1771 1657 1826 designa-

303 1841 387 1881 tus,
424 1833 493 1885 qui
518 1833 559 1872 in
584 1833 787 1873 aedilitate
814 1833 1010 1887 magister
1034 1833 1216 1885 equitum
1241 1832 1391 1882 fuerat,
1429 1833 1547 1873 ludos
1572 1833 1656 1874 Ro-

303 1909 445 1935 manos
473 1894 671 1943 fecerant,
710 1895 779 1948 qui
809 1910 882 1949 per
911 1895 1088 1934 triduum
1119 1894 1331 1934 instaurati
1357 1900 1462 1934 sunt.
1521 1893 1656 1948 plebei

302 1955 389 1995 ludi
413 1956 603 1996 aedilium
629 1956 690 1996 M.
716 1956 863 1997 Aureli
889 1955 1035 1997 Cottae
1061 1962 1100 1996 et
1123 1954 1184 1996 M.
1213 1954 1360 1996 Claudi
1385 1955 1573 1996 Marcelli
1597 1962 1657 1996 ter

301 2018 527 2058 instaurati.

389 2080 648 2121 Circumacto
685 2080 801 2121 tertio
840 2095 946 2121 anno
976 2079 1124 2120 Punici
1159 2079 1255 2120 belli
1287 2079 1350 2120 Ti.
1387 2078 1656 2133 Sempronius

302 2142 442 2182 consul
468 2142 602 2183 idibus
627 2141 790 2182 Martiis
817 2142 1102 2196 magistratum
1126 2141 1213 2182 init.
1262 2147 1469 2195 praetores
1491 2140 1542 2193 Q.
1557 2140 1657 2182 Ful-

301 2203 392 2244 vius
417 2203 611 2252 Flaccus,
649 2203 719 2256 qui
750 2211 843 2244 ante
875 2203 936 2244 bis
969 2203 1111 2244 consul
1143 2217 1368 2256 censorque
1398 2202 1549 2251 fuerat,
1590 2218 1656 2242 ur-

303 2264 469 2314 banam,
496 2264 557 2305 M.
577 2265 768 2306 Valerius
795 2265 1008 2305 Laevinus
1033 2265 1291 2319 peregrinam
1317 2271 1467 2306 sortem
1491 2265 1533 2304 in
1556 2264 1655 2305 iuris

302 2326 477 2367 dictione
502 2326 662 2375 habuit,
695 2326 776 2380 Ap.
807 2325 1006 2367 Claudius
1032 2326 1211 2367 Pulcher
1237 2325 1441 2375 Siciliam,
1481 2325 1533 2378 Q.
1559 2325 1656 2365 Mu-

303 2388 388 2428 cius
423 2387 623 2429 Scaevola
651 2387 884 2429 Sardiniam
921 2387 1049 2428 sortiti
1087 2395 1193 2428 sunt.
1253 2387 1315 2428 M.
1347 2387 1546 2428 Marcello
1582 2402 1656 2441 pro

303 2450 469 2490 consule
503 2450 720 2503 imperium
756 2464 847 2490 esse
882 2449 1058 2503 populus
1095 2450 1232 2498 iussit,
1270 2450 1380 2502 quod
1416 2455 1510 2503 post
1547 2448 1658 2490 Can-

302 2525 470 2551 nensem
503 2511 659 2551 cladem
690 2526 796 2551 unus
828 2510 1108 2551 Romanorum
1137 2511 1429 2565 imperatorum
1464 2511 1507 2551 in
1538 2511 1656 2551 Italia

303 2586 497 2626 prospere
521 2588 608 2613 rem
634 2573 845 2627 gessisset.

387 2633 567 2675 XXXI.
609 2633 800 2683 Senatus,
816 2648 897 2686 quo
918 2634 982 2674 die
1001 2634 1179 2688 primum
1198 2641 1259 2675 est
1278 2635 1318 2674 in
1335 2633 1539 2688 Capitolio
1560 2647 1655 2673 con-

306 2693 456 2743 sultus,
493 2695 671 2736 decrevit
696 2702 740 2735 ut
766 2710 813 2735 eo
841 2710 947 2735 anno
974 2695 1125 2749 duplex
1150 2695 1346 2736 tributum
1377 2696 1652 2748 imperaretur,
