1815 3184
578 245 731 280 LIBER
754 246 959 290 XXV11,1.
983 249 1031 290 [a.
1047 245 1085 281 c.
1099 246 1182 291 210]
1473 237 1556 279 323

535 592 823 645 [PERIOCHA
852 595 993 632 LIBRI
1022 593 1212 645 xxvii]

300 669 390 713 [Cn.
404 669 559 703 Fulvius
584 670 786 714 proconsul
807 680 887 703 cum
908 669 1072 703 exercitu
1091 670 1138 703 ab
1159 669 1373 703 Hannibale
1398 669 1444 703 ad
1464 668 1557 703 Her-

209 721 366 755 doneam
382 730 512 753 caesus
533 724 600 753 est.
648 721 799 754 meliore
821 724 956 754 eventu
974 720 1021 754 ab
1038 719 1194 754 Claudio
1209 720 1390 754 Marcello
1406 720 1557 753 consule

208 771 387 805 adversus
402 771 558 804 eundem
574 772 621 804 ad
637 770 912 805 Numistronem
931 774 1137 815 pugnatum
1152 774 1220 804 est.
1267 770 1352 804 inde
1367 770 1559 804 Hannibal

208 825 318 855 nocte
344 820 516 863 recessit3
560 820 760 854 Marcellus
784 821 974 855 insecutus
1001 825 1075 863 est,
1114 825 1151 854 et
1181 820 1339 855 subinde
1366 821 1559 855 cedentem

207 871 360 915 pressit,
398 871 518 904 donec
554 870 783 914 confligeret.
845 871 968 915 priore
998 882 1126 915 pugna
1156 870 1347 905 Hannibal
1379 870 1557 915 superior,

209 921 408 955 Marcellus
435 921 616 965 sequenti.
671 921 812 954 Fabius
840 921 1021 955 Maximus
1048 921 1178 954 consul
1203 926 1308 965 pater
1333 921 1560 955 Tarentinos

207 983 274 1016 per
287 971 534 1016 proditionem
547 970 698 1014 recepit.
731 971 909 1004 Claudius
924 971 1136 1015 Marcellus,
1153 971 1197 1005 Τ.
1213 971 1409 1011 Quinctius
1424 970 1559 1015 Crispi-

206 1033 276 1055 nus
304 1022 493 1063 consules,
521 1021 738 1064 speculandi
766 1031 878 1054 causa
903 1021 1094 1065 progressi
1120 1032 1139 1055 e
1166 1022 1316 1065 castris,
1342 1021 1486 1055 insidiis
1512 1022 1560 1056 ab

206 1072 421 1105 Hannibale
436 1071 673 1104 circumventi
693 1074 788 1104 sunt.
836 1071 1036 1105 Marcellus
1053 1071 1216 1113 occisus,
1245 1071 1437 1115 Crispinus
1452 1071 1558 1116 fugit.

206 1121 363 1154 lustrum
388 1132 410 1154 a
435 1120 653 1154 censoribus
680 1120 869 1154 eonditum
894 1124 962 1154 est.
1029 1131 1141 1155 censa
1167 1124 1252 1154 sunt
1278 1121 1411 1154 civium
1437 1123 1561 1165 capita

206 1175 352 1205 centum
373 1170 526 1215 triginta
546 1173 688 1214 septem
708 1171 808 1204 milia
829 1174 975 1205 centum
995 1174 1032 1204 et
1052 1175 1156 1214 octo,
1182 1182 1227 1205 ex
1241 1182 1313 1215 quo
1328 1182 1481 1206 numero
1497 1183 1559 1216 ap-

205 1221 344 1265 paruit,
372 1224 551 1265 quantum
565 1221 754 1254 hominum
767 1224 824 1254 tot,
843 1221 1069 1265 proeliorum
1083 1222 1242 1255 adversa
1255 1221 1405 1255 fortuna
1417 1223 1559 1266 populo

204 1272 373 1305 Romano
393 1271 621 1305 abstulisset.
669 1271 707 1305 in
727 1271 911 1315 Hispania
929 1271 977 1305 ad
995 1271 1197 1305 Baeculam
1218 1271 1341 1316 Scipio
1363 1283 1445 1306 cum
1464 1272 1560 1307 Has—

206 1321 362 1355 drubale
378 1325 415 1355 et
428 1321 639 1356 Hamilcare
656 1320 823 1355 conflixit
838 1327 874 1356 et
887 1321 985 1355 vicit.
1033 1321 1130 1355 inter
1143 1322 1218 1356 alia
1232 1326 1381 1366 captum
1396 1323 1559 1367 regalem

205 1383 358 1416 puerum
383 1371 538 1406 eximiae
569 1371 710 1406 formae
742 1373 791 1406 ad
821 1373 1045 1407 avunculum
1072 1372 1307 1407 Masinissam
1339 1384 1421 1407 cum
1453 1373 1560 1407 donis

206 1422 355 1455 dimisit.
403 1422 637 1466 Hasdrubal,
660 1422 819 1467 quicum
833 1423 997 1457 exercitu
1017 1434 1114 1457 novo
1130 1421 1245 1467 Alpes
1261 1424 1558 1467 transcenderat,

206 1476 246 1505 ut
261 1483 298 1506 se
313 1472 518 1506 Hannibali
534 1473 792 1518 coniungeret,
821 1484 902 1508 cum
916 1473 1065 1507 milibus
1081 1474 1270 1507 hominum
1286 1474 1561 1519 quinquaginta

207 1533 271 1556 sex
298 1533 429 1556 caesus
455 1526 531 1566 est,
575 1528 685 1567 capta
711 1524 876 1568 quinque
902 1524 1003 1558 milia
1027 1524 1186 1558 trecenti
1212 1524 1260 1557 M.
1286 1524 1370 1558 Livi
1396 1525 1560 1559 consulis

207 1573 337 1615 ductu,
364 1573 429 1606 sed
448 1584 523 1607 non
542 1573 682 1607 minore
705 1585 818 1618 opera
833 1573 963 1608 Claudi
979 1575 1138 1609 Neronis
1160 1575 1342 1618 consulis,
1370 1575 1450 1619 qui,
1478 1586 1561 1608 cum

207 1623 414 1657 Hannibali
434 1624 628 1668 oppositus
649 1629 765 1666 esset,
791 1624 932 1659 relictis
954 1626 1084 1658 castris
1103 1625 1156 1658 ita
1175 1629 1215 1657 ut
1234 1625 1381 1659 hostem
1400 1625 1559 1669 falleret,

208 1684 290 1707 cum
321 1674 441 1707 electa
472 1685 581 1707 manu
612 1673 804 1718 profectus
830 1674 1107 1708 Hasdrubalem
1140 1675 1442 1709 circumvenerat.
1501 1686 1560 1709 res

206 1727 401 1768 praeterea
421 1734 443 1757 a
462 1724 500 1757 P.
517 1723 690 1767 Scipione
710 1724 747 1757 iu
767 1724 951 1769 Hispania
970 1728 1007 1758 et
1027 1736 1048 1758 a
1062 1725 1103 1758 Ρ.
1119 1723 1284 1769 Sulpicio
1305 1729 1479 1770 praetore
1498 1726 1560 1760 ad-

209 1784 335 1807 versus
350 1773 562 1819 Philippum
576 1778 613 1808 et
625 1773 800 1809 Achaeos
815 1779 942 1819 gestas
957 1774 1151 1818 continet]

709 1955 862 2008 ΤΙΤΙ
897 1955 1059 2008 LIVI

527 2059 614 2096 AB
662 2058 848 2096 VRBE
898 2058 1238 2098 CONDITA

691 2171 858 2210 LIBER
887 2172 1066 2210 XXVII.

292 2249 325 2289 Ι.
386 2250 469 2290 Hic
494 2257 623 2292 status
650 2268 785 2293 rerum
810 2254 851 2293 in
876 2253 1082 2308 Hispania
1107 2262 1204 2296 erat.
1253 2256 1295 2295 in
1319 2256 1439 2297 Italia
1464 2271 1560 2298 con-

208 2310 271 2350 sul
296 2310 519 2352 Marcellus
543 2312 708 2368 Salapia
733 2330 806 2368 per
829 2316 1100 2369 proditionem
1125 2323 1289 2371 recepta
1301 2317 1558 2360 Marmoreas

207 2379 246 2411 et
276 2371 410 2413 Meles
442 2373 491 2413 de
519 2372 773 2416 Samnitibus
805 2377 846 2416 vi
877 2378 994 2431 cepit.
1055 2379 1108 2418 ad
1139 2379 1214 2419 tria
1244 2379 1356 2420 milia
1385 2380 1559 2421 militum

206 2432 262 2473 ibi
298 2433 566 2485 Hannibalis,
605 2450 710 2489 quae
746 2439 939 2491 praesidii
975 2454 1100 2481 causa
1135 2440 1276 2481 relicta
1313 2448 1444 2491 erant,
1488 2457 1561 2497 op-

205 2509 360 2548 pressa.
425 2497 578 2550 praeda
602 2523 634 2526 —
659 2506 698 2539 et
734 2500 988 2553 aliquantum
1025 2502 1111 2542 eius
1149 2502 1228 2542 fuit
1251 2526 1285 2531 —
1309 2503 1427 2543 militi
1463 2518 1560 2544 con-

206 2571 335 2598 cessa.
396 2559 516 2600 tritici
540 2575 702 2614 quoque
727 2562 902 2604 ducenta
933 2564 1203 2619 quadraginta
1233 2565 1345 2606 milia
1375 2566 1559 2607 modium

206 2625 246 2659 et
277 2626 440 2661 centum
471 2622 612 2663 decem
643 2623 755 2664 milia
784 2624 926 2665 hordei
955 2625 1132 2666 inventa.
1194 2633 1374 2667 ceterum
1405 2642 1558 2681 nequa-

205 2694 329 2733 quam
365 2682 459 2724 inde
501 2690 658 2725 tantum
698 2686 896 2740 gaudium
939 2686 1039 2736 fuit,
1089 2694 1242 2741 quanta
1278 2688 1415 2730 clades
1451 2690 1558 2730 intra

1260 2754 1328 2787 21*

1585 2396 1604 2425 [Ο

1584 2642 1602 2671 3
