1815 3184
453 222 606 256 LIBER
630 221 834 266 xxvim,
862 221 913 255 13.
941 221 990 255 14.
1019 223 1067 264 [a.
1084 220 1309 265 C.205.204]
1479 212 1563 253 455

205 326 340 365 visum
371 330 491 365 esset.
542 331 581 365 et
605 324 665 365 M.
693 324 816 365 Livio
849 331 889 364 et
915 323 988 378 Sp.
1014 324 1210 364 Lucre-tio
1244 338 1337 364 cum
1369 323 1475 365 binis
1506 323 1563 364 le-·
1587 337 1608 366 4

207 386 417 441 gionibus,
467 386 618 439 quibus
662 386 859 426 adversus
896 385 1123 440 Magonem
1162 383 1322 426 Galliae
1359 386 1562 440 praesidio

208 448 402 496 tuissent,
439 455 705 502 prorogatum
735 448 951 502 imperium
984 454 1063 495 est,
1102 454 1139 487 et
1173 447 1249 488 Cn.
1285 446 1481 496 Octavio,
1520 454 1564 487 ut
1590 460 1607 490 5

208 524 300 548 cum
329 508 563 550 Sardiniam
588 509 874 563 legionemque
900 509 963 549 Ti.
987 507 1161 549 Claudio
1188 509 1441 557 tradidisset,
1474 509 1563 562 ipse

207 571 382 611 navibus
408 571 541 625 longis
567 571 839 625 quadraginta
863 571 1109 611 maritimam
1134 585 1267 620 oram,
1299 570 1448 623 quibus
1474 571 1564 610 fini-

207 635 284 672 bus
312 641 478 672 senatus
505 633 751 681 censuisset,
784 639 993 673 tutaretur.
1043 631 1104 672 M.
1131 631 1361 686 Pomponio
1387 632 1564 686 praetori
1590 645 1607 675 6

207 694 248 733 111
276 693 417 734 Sicilia
450 694 682 747 Cannensis
715 694 934 742 exercitus,
974 694 1079 734 duae
1113 693 1317 748 legiones,
1356 695 1562 734 decretae:

209 756 258 796 T.
293 755 511 808 Quinctius
544 757 788 805 Tarentum,
828 755 876 796 C.
909 756 1115 797 Hostilius
1148 756 1337 797 Tubulus
1377 755 1564 810 Capuam

208 825 491 872 propraetores
525 818 630 858 sicut
659 819 793 872 priore
824 833 930 858 anno
962 832 1055 858 cum
1086 824 1222 858 vetere
1253 819 1457 872 praesidio
1493 818 1566 858 ob-

209 880 394 920 tinerent.
455 880 505 919 de
531 879 760 933 Hispaniae
786 880 973 933 imperio,
1001 894 1104 932 quos
1130 880 1172 919 111
1197 894 1287 920 03111
1311 880 1564 934 provinciam
1593 894 1609 922 7

209 941 312 981 duos
349 941 615 995 proconsules
652 941 757 981 mitti
787 941 982 994 placeret,
1019 941 1147 981 latum
1178 942 1231 981 ad
1261 941 1459 995 populum
1491 949 1564 982 est.

209 1017 351 1043 omncs
372 1002 501 1043 tribus
522 1002 706 1051 eosdem,
733 1003 786 1042 L.
810 1001 1047 1042 Cornelium
1067 1003 1295 1042 Lentulum
1316 1010 1355 1043 et
1373 1003 1426 1043 L.
1443 1003 1567 1043 Man-

207 1066 308 1105 lium
334 1064 577 1113 Acidinum,
609 1079 682 1118 pro
708 1063 965 1112 consulibus,
993 1065 1099 1104 sicut
1122 1064 1256 1118 priore
1281 1079 1387 1105 311110
1413 1065 1566 1105 tenuis-

209 1133 315 1174 sent,
343 1126 524 1166 obtinere
550 1140 619 1165 cas
645 1125 877 1179 provincias
903 1125 1124 1166 iusserunt.
1163 1125 1352 1165 consules
1372 1126 1566 1166 dilectum
1591 1139 1610 1169 8

206 1187 359 1227 habere
383 1187 647 1227 instituerunt
672 1194 711 1227 et
737 1187 789 1227 ad
814 1201 941 1227 novas
968 1186 1206 1227 scribendas
1232 1187 1273 1227 in
1298 1187 1483 1228 Bruttios
1509 1188 1566 1228 le-

205 1248 352 1303 giones
379 1255 418 1288 et
441 1248 484 1288 in
509 1256 737 1289 ceterorum
757 1248 864 1288 —ita
890 1248 998 1288 enim
1022 1248 1125 1288 iussi
1150 1248 1201 1289 ab
1228 1256 1374 1289 senatu
1399 1256 1514 1290 erant
1534 1273 1567 1278 —

207 1311 433 1351 exercitum
459 1310 803 1364 supplementum.

291 1372 444 1413 XIIII.
507 1372 772 1425 Quamquam
803 1372 986 1413 nondum
1017 1380 1155 1426 aperte
1179 1371 1326 1413 Africa
1355 1373 1563 1427 provincia
1594 1387 1608 1414 1

207 1434 371 1475 decreta
396 1441 499 1483 erat,
533 1434 831 1488 occultantibus
858 1435 917 1483 id,
951 1435 1090 1483 credo,
1127 1434 1334 1488 patribus,
1369 1450 1420 1476 ne
1451 1450 1568 1489 prae-

209 1496 429 1536 sciscerent
467 1495 850 1550 Carthaginienses,
897 1503 1034 1536 tamen
1070 1496 1111 1536 in
1148 1511 1239 1536 eam
1276 1511 1393 1550 spem
1433 1504 1593 1537 erecta'

208 1558 351 1598 civitas
373 1565 475 1607 erat,
501 1558 543 1598 in
562 1558 707 1598 Africa
727 1574 775 1599 00
800 1574 908 1599 311110
934 1558 1130 1599 bellatum
1155 1559 1204 1598 iri
1228 1559 1434 1612 finemque
1460 1559 1566 1600 bello

207 1619 365 1660 Punico
391 1620 549 1660 adesse.
604 1620 844 1673 impleverat
869 1635 916 1660 ea
940 1635 1005 1660 res
1032 1620 1368 1674 superstitionum
1394 1621 1565 1670 animos,
1593 1634 1611 1663 2

207 1682 405 1736 pronique
437 1688 477 1722 et
508 1682 560 1721 ad
590 1682 815 1721 nuntianda
848 1688 887 1722 et
917 1682 969 1722 ad
1000 1683 1202 1722 credenda
1227 1683 1415 1737 prodigia
1440 1690 1565 1723 erant.

208 1758 256 1784 eo
287 1744 404 1797 plura.
437 1743 730 1798 vulgabantur:
775 1744 878 1784 duos
912 1744 1018 1784 soles
1050 1744 1180 1793 visos,
1219 1751 1259 1784 et
1288 1751 1408 1785 nocte
1444 1745 1566 1785 inter·
1593 1758 1611 1787 3

207 1804 381 1854 luxisse,
409 1813 448 1845 et
474 1806 606 1845 facem
633 1805 773 1846 stellae
799 1805 850 1845 ab
877 1812 968 1845 ortu
994 1805 1091 1846 solis
1117 1806 1168 1846 ad
1194 1806 1447 1847 occidentem
1472 1821 1568 1861 por-

206 1867 285 1921 rigi
316 1868 467 1917 visa1n3
505 1867 751 1907 Tarracinae
782 1874 962 1921 portam,
1000 1867 1219 1922 Anagniae
1256 1875 1295 1908 et
1330 1877 1491 1922 portam
1527 1875 1567 1909 et

208 1929 346 1970 multis
383 1929 483 1970 locis
521 1945 683 1969 murum
720 1929 769 1969 de
808 1929 920 1970 03010
958 1937 1130 1979 tactum3
1179 1930 1221 1969 in
1257 1931 1357 1970 aede
1392 1930 1564 1971 Iunonis

210 1991 400 2046 Sospitae
420 1992 602 2032 Lanuvii
623 2007 715 2032 cum
740 1992 943 2032 horrendo
969 1992 1131 2046 fragore
1158 1992 1372 2046 strepitum
1397 1992 1564 2033 editum.

209 2069 349 2095 eorum
380 2054 730 2108 procurandorum
763 2068 886 2094 causa
918 2054 1025 2094 diem
1050 2069 1178 2094 unum
1205 2054 1448 2108 supplicatio
1474 2054 1564 2103 fuit,
1592 2068 1612 2096 4

209 2122 248 2156 et
283 2116 526 2156 novendiale
565 2131 744 2165 sacrum,
794 2116 905 2169 quod
944 2116 994 2156 de
1031 2115 1143 2156 caelo
1181 2116 1405 2170 lapidatum
1442 2123 1564 2165 esset,

208 2177 376 2217 factum.
415 2192 463 2218 eo
490 2178 662 2218 accessit
689 2178 931 2218 consultatio
953 2178 1003 2218 de
1023 2185 1150 2218 matre
1168 2177 1294 2218 Idaea
1313 2177 1563 2232 accipienda,
1591 2193 1610 2221 5

209 2253 332 2291 quam
357 2246 643 2292 praeterquam
668 2240 779 2292 quod
799 2239 859 2280 M.
876 2239 1066 2280 Valerius
1087 2254 1193 2280 unus
1215 2254 1265 2280 ex
1283 2239 1429 2294 legatis
1448 2254 1563 2294 prae-

208 2316 376 2355 gressus
403 2308 585 2342 actutum
610 2302 651 2342 in
673 2302 793 2342 Italia
818 2302 904 2342 fore
929 2303 1204 2351 nuntiaverat,
1231 2317 1372 2342 recens
1398 2303 1565 2343 nuntius

209 2363 349 2403 aderat
380 2363 625 2404 Tarracinae
662 2364 743 2403 iam
781 2379 882 2405 esse.
942 2364 1052 2404 haud
1088 2378 1238 2418 parvae
1275 2364 1333 2404 rei
1369 2362 1564 2405 iudicium
1591 2379 1609 2408 6

210 2432 396 2465 senatum
422 2425 604 2474 tenebat,
631 2426 701 2479 qui
726 2426 787 2466 vir
812 2426 990 2480 optimus
1016 2426 1059 2466 in
1083 2426 1247 2467 civitate
1273 2433 1399 2467 esset:
1425 2441 1564 2467 veram
1592 2442 1608 2470 7

209 2494 315 2528 certe
347 2488 558 2528 victoriam
590 2488 676 2529 eius
703 2488 760 2528 rei
786 2488 864 2529 sibi
889 2489 1062 2542 quisque
1088 2488 1209 2529 malle
1234 2503 1358 2542 quam
1383 2489 1467 2530 ulla
1490 2489 1565 2529 im-

207 2549 319 2602 peria
350 2549 579 2590 honoresve
612 2550 809 2604 suffragio
841 2565 913 2591 seu
943 2558 1105 2604 patrum
1137 2565 1209 2591 seu
1234 2550 1367 2604 plebis
1393 2550 1563 2592 delatos.

205 2610 255 2651 P.
296 2610 534 2666 Scipionem
573 2611 650 2653 Cn.
689 2613 718 2652 f.
757 2612 863 2660 eius,
913 2613 983 2666 qui
1019 2613 1061 2653 in
1097 2612 1305 2667 Hispania
1341 2613 1562 2662 ceciderat,
1589 2627 1609 2657 8

207 2673 513 2715 adulescentem
545 2674 728 2715 nondum
759 2675 1058 2727 quaestorium,
1095 2675 1380 2716 iudicaverunt
1410 2675 1452 2716 in
1477 2682 1562 2717 tota
