1815 3184
334 255 416 296 352
616 262 769 296 LIBER
793 263 957 306 XXVII,
984 263 1139 297 22—24.
1169 267 1217 307 [a.
1232 275 1266 298 u.
1282 276 1311 298 e.
1325 265 1407 308 546]

332 367 448 406 navis
481 365 601 406 sociis
633 364 847 425 navalibus
879 365 1067 419 inpleret,
1110 364 1154 405 ut
1184 366 1481 421 quinquaginta
1515 369 1679 408 navium

333 429 463 469 classe
500 441 612 467 oram
650 427 773 467 maris
809 426 985 467 vicinam
1021 426 1112 467 urbi
1143 427 1353 469 Romanae
1389 428 1493 469 tueri
1528 438 1678 482 posset.

269 500 307 531 13
335 489 383 531 C.
412 488 658 542 Calpurnius
685 488 834 528 vetitus
861 488 912 529 ab
937 487 1101 529 Arretio
1131 504 1294 530 movere
1326 490 1566 539 exercitum,
1604 491 1682 531 nisi

333 566 425 592 eum
458 564 671 591 successor
700 549 898 599 venisset3
940 549 1050 590 idem
1081 557 1120 591 et
1145 550 1309 591 Tubulo
1339 551 1600 605 imperatum,
1638 558 1683 591 ut

331 613 425 653 inde
450 611 668 665 praecipue
693 618 872 660 caveret,
898 626 948 651 ne
973 626 1054 664 qua
1078 626 1184 652 nova
1210 613 1379 653 consilia
1403 619 1653 666 caperentur.

291 686 304 713 1
417 673 594 713 XXIII.
660 672 875 713 Praetores
912 673 955 712 in
989 673 1218 727 provincias
1254 673 1445 727 profecti:
1494 674 1682 715 consules

332 735 475 790 religio
500 734 681 783 tenebat,
709 735 819 787 quod
843 735 1040 789 prodigiis
1067 735 1218 788 aliquot
1239 736 1431 776 nuntiatis
1457 750 1539 776 non
1563 736 1683 776 facile

289 808 307 836 ‘2
333 797 516 838 litabant.
578 803 617 837 et
653 810 705 836 ex
731 795 960 850 Campania
995 797 1179 837 nuntiata
1211 805 1342 846 erant,
1381 796 1549 851 Capuae
1580 797 1682 837 duas

334 860 465 907 aedis,
502 858 709 899 Fortunae
740 865 779 898 et
802 857 969 907 Martis,
1008 865 1047 898 et
1072 858 1287 912 sepulchra
1314 859 1466 912 aliquot
1496 859 1546 899 de
1571 858 1683 899 caelo

333 927 458 969 tacta,
499 919 642 961 Cumis
667 944 700 948 —
725 920 826 960 adeo
862 920 1040 960 minimis
1073 920 1194 960 etiam
1234 920 1356 961 rebus
1386 935 1513 974 prava
1541 920 1684 974 religio

333 982 474 1023 inserit
498 982 596 1022 deos
622 1007 655 1010 —
679 996 815 1022 mures
841 981 883 1022 in
907 982 1007 1022 aede
1032 982 1143 1022 Iovis
1169 997 1313 1022 aurum
1338 983 1508 1031 rosisse,
1542 980 1684 1022 Casini

290 1056 308 1084 3
335 1058 507 1084 examen
531 1044 670 1097 apium
694 1043 839 1099 ingens
863 1043 905 1083 in
930 1043 1018 1084 foro
1045 1044 1298 1093 consedisse,
1325 1050 1363 1084 et
1380 1041 1496 1085 Ostis
1523 1058 1683 1083 murum

333 1112 574 1159 portamque
605 1105 655 1145 de
686 1105 797 1145 caelo
828 1111 995 1154 tactam,
1038 1103 1168 1146 Caere
1198 1106 1421 1145 vulturium
1451 1105 1611 1145 volasse
1642 1105 1683 1144 in

290 1178 308 1206 4
335 1167 479 1207 aedem
503 1166 633 1215 Iovis,
671 1166 856 1207 Vulsinis
883 1167 1082 1221 sanguine
1112 1166 1246 1207 lacum
1277 1180 1477 1207 manasse.
1537 1166 1683 1206 horum

333 1228 612 1282 prodigiorum
638 1242 762 1267 causa
786 1227 893 1267 diem
925 1242 1051 1267 unum
1084 1228 1324 1281 supplicatio
1354 1228 1440 1268 fuit.
1499 1242 1572 1282 per
1596 1228 1682 1267 dies

334 1289 487 1342 aliquot
512 1289 668 1329 hostiae
695 1289 866 1329 maiores
894 1289 980 1329 sine
1011 1289 1192 1329 litatione
1223 1304 1383 1337 caesae,
1422 1289 1571 1341 diuque
1601 1304 1684 1329 non

333 1351 547 1404 impetrata
572 1365 653 1403 pax
685 1350 818 1390 deum.
879 1350 921 1390 in
951 1350 1084 1404 capita
1115 1350 1327 1390 consulum
1358 1365 1400 1390 re
1430 1350 1594 1404 publica
1623 1351 1684 1390 in-

336 1412 485 1453 columi
510 1411 727 1452 exitiabilis
752 1411 1031 1466 prodigiorum
1057 1418 1226 1451 eventus
1256 1411 1383 1451 vertit.

290 1488 309 1516 5
419 1473 532 1513 Ludi
556 1472 818 1526 Apollinares
852 1471 902 1523 Q.
928 1471 1077 1512 Fulvio
1107 1471 1190 1526 Ap.
1220 1471 1416 1526 [Claudio
1447 1472 1683 1513 consulibus

335 1551 358 1575 a
382 1533 451 1588 R]
486 1533 677 1574 Cornelio
711 1532 826 1574 Sulla
855 1539 1041 1587 praetore
1077 1533 1189 1574 urbis
1220 1534 1396 1587 primum
1428 1533 1526 1575 faeti
1557 1542 1682 1574 erant.

335 1597 428 1636 inde
465 1610 606 1637 omnes
643 1595 834 1649 deinceps
871 1602 1077 1649 praetores
1114 1595 1258 1636 urbani
1294 1596 1492 1645 fecerant,
1537 1596 1609 1636 sed
1642 1596 1685 1636 in

292 1672 309 1700 G
337 1673 462 1698 unum
487 1672 639 1698 annum
664 1657 867 1697 vovebant
893 1657 1039 1710 dieque
1063 1657 1217 1698 incerto
1243 1657 1460 1698 faciebant.
1505 1672 1552 1698 eo
1578 1672 1683 1698 anno

335 1720 566 1774 pestilentia
590 1719 728 1774 gravis
760 1719 902 1759 incidit
925 1719 967 1759 in
991 1719 1134 1760 urbem
1160 1734 1380 1774 agrosque,
1417 1734 1522 1772 quae
1546 1725 1684 1760 tamen

295 1796 310 1823 ῖ
336 1781 468 1836 magis
488 1781 530 1821 in
553 1780 716 1822 morbos
736 1780 882 1835 longos
902 1795 1026 1833 quam
1044 1781 1086 1821 in
1110 1781 1384 1835 perniciabilis
1406 1781 1547 1822 evasit.
1597 1781 1684 1821 eius

335 1843 589 1897 pestilentiae
621 1857 745 1883 causa
781 1850 820 1883 et
858 1843 1130 1896 supplicatum
1160 1857 1233 1896 per
1263 1843 1440 1897 compita
1471 1850 1555 1883 tota
1584 1842 1684 1883 urbe

336 1911 397 1945 est
422 1911 461 1945 et
485 1904 533 1945 P.
553 1904 741 1945 Licinius
766 1904 902 1945 Varus
927 1911 1088 1958 praetor
1111 1904 1224 1945 urbis
1249 1904 1383 1959 legem
1408 1904 1513 1944 ferre
1539 1905 1591 1944 ad
1614 1919 1686 1958 po-

335 1967 479 2021 pulum
514 1967 672 2015 iussus,
709 1974 754 2007 ut
790 1967 832 2006 hi
867 1966 953 2007 ludi
982 1967 1024 2006 in
1054 1973 1295 2020 perpetuum
1326 1966 1367 2006 in
1400 1972 1545 2006 statam
1577 1965 1685 2005 diem

337 2034 590 2069 voverentur.
628 2029 717 2082 ipse
741 2028 897 2082 primus
923 2028 979 2069 ita
1002 2028 1126 2076 vovit,
1153 2028 1331 2080 fecitque
1357 2034 1449 2068 ante
1475 2027 1583 2067 diem
1608 2033 1686 2067 ter-

337 2091 439 2130 tium
464 2104 594 2131 nonas
621 2089 828 2143 Quintilis.
877 2090 911 2131 is
938 2090 1024 2131 dies
1051 2089 1197 2130 deinde
1223 2089 1430 2130 sollemnis
1458 2095 1656 2131 servatus.

295 2165 309 2192 1
420 2152 621 2193 XXIIII.
691 2152 760 2193 De
784 2151 987 2192 Arretinis
1025 2158 1064 2192 et
1099 2151 1209 2191 fama
1250 2151 1292 2191 in
1327 2151 1413 2191 dies
1449 2150 1613 2204 gravior
1648 2156 1688 2190 et

338 2229 433 2254 cura
464 2228 645 2255 crescere
674 2213 872 2268 patribus.
933 2214 1069 2266 itaque
1102 2212 1150 2254 C.
1177 2213 1357 2253 Hostilio
1391 2213 1585 2266 scriptum
1611 2219 1684 2260 est,

337 2291 387 2316 ne
413 2275 594 2316 differret
619 2275 782 2316 obsides
809 2275 859 2316 ab
884 2274 1087 2315 Arretinis
1114 2274 1317 2328 accipere,
1344 2280 1395 2323 et,
1423 2274 1488 2314 cui
1512 2273 1687 2314 traderet

337 2337 514 2378 Romam
551 2337 831 2386 deducendos,
882 2336 930 2378 C.
969 2336 1186 2377 Terentius
1218 2335 1350 2377 Varro
1387 2350 1480 2376 cum
1516 2335 1685 2389 imperio

294 2411 312 2439 2
337 2399 501 2440 missus.
551 2399 620 2452 qui
645 2406 689 2439 ut
712 2399 840 2448 venit,
868 2398 1070 2452 extemplo
1089 2398 1295 2438 Hostilius
1320 2397 1525 2452 legionem
1549 2411 1685 2444 unam,

338 2475 441 2513 quae
478 2468 571 2501 ante
608 2460 749 2501 urbem
786 2468 919 2501 castra
953 2459 1149 2508 habebat,
1189 2459 1307 2514 signa
1336 2459 1378 2499 in
1408 2458 1552 2498 urbem
1581 2458 1686 2498 ferre

339 2522 456 2563 iussit
492 2523 777 2576 praesidiaque
812 2522 912 2563 locis
948 2521 1105 2562 idoneis
1142 2521 1361 2574 disposuit,
1399 2526 1486 2560 tum
1520 2520 1563 2559 in
1598 2519 1686 2559 foro

296 2597 314 2625 3
340 2584 472 2625 citatis
510 2584 765 2626 senatoribus
802 2583 966 2625 obsides
1001 2583 1229 2637 imperavit.
1296 2597 1389 2623 cum
1425 2587 1589 2622 senatus
1625 2579 1685 2619 bi-

340 2644 466 2684 duum
497 2645 548 2685 ad
580 2646 921 2686 considerandum
957 2651 1119 2698 tempus
1149 2650 1321 2698 peteret,
1365 2650 1435 2683 aut
1469 2642 1580 2695 ipsos
1616 2654 1685 2679 ex-

340 2705 490 2758 templo
522 2706 617 2746 dare
648 2713 716 2746 aut
747 2721 789 2747 se
819 2713 982 2760 postero
1014 2706 1079 2746 die
1111 2713 1343 2746 senatorum
1375 2703 1506 2744 omnis
1536 2701 1683 2741 liberos
