1815 3184
302 251 384 292 238
600 257 753 291 LIBER
776 257 905 300 XXV,
932 258 1086 291 19—21.
1115 259 1354 302 sa.u.0.542]

238 377 278 406 16
304 363 431 403 donec
457 361 541 400 dux
567 360 766 409 stetisset,
802 360 992 400 Romana
1017 360 1115 400 acic.
1175 366 1393 414 postquam
1418 361 1453 401 is
1478 378 1558 403 non
1583 378 1656 418 pro

237 622 274 650 17

257 930 274 958 10

259 2163 274 2191 7

260 2287 274 2315 1

258 2540 276 2568 ‘2

300 430 436 463 vetere
467 422 579 462 fama
612 422 763 470 solum,
803 422 875 462 sed
907 421 1029 462 etiam
1060 428 1173 461 metu
1203 421 1329 462 futuri
1354 422 1584 472 dedecoris,
1623 425 1657 465 si

302 500 375 526 sua
411 484 637 524 temeritate
674 490 905 524 contractae
943 483 1048 523 cladi
1086 490 1336 537 superesset,
1373 483 1582 526 obiectans
1614 501 1658 527 se

301 546 480 586 hostium
516 546 606 587 telis
644 546 807 594 cecidit,
845 545 939 586 fusa
975 546 1180 599 extemplo
1217 552 1278 587 est
1308 546 1499 587 Romana
1535 547 1656 588 acies.

302 609 374 649 scd
405 608 506 648 adeo
536 622 587 648 ue
617 607 742 663 fugae
774 608 939 660 quidem
969 607 1046 648 iter
1080 608 1230 661 patuit,
1279 607 1469 649 omnibus
1500 609 1576 649 viis
1607 609 1658 650 ab

302 670 436 723 equite
467 670 656 719 insessis,
694 676 739 710 ut
769 684 819 710 ex
851 676 962 710 tanta
993 669 1252 710 multitudine
1283 670 1353 710 vix
1382 670 1492 710 mille
1519 685 1660 712 evase-

300 733 397 780 rint,
425 732 548 772 ceteri
573 732 727 786 passim
753 731 820 772 alii
846 732 925 772 alia
950 738 1064 786 peste
1089 731 1296 786 absumpti
1323 732 1414 773 sint.

387 793 494 834 XX.
558 793 702 848 Capua
729 809 751 834 a
777 793 1014 834 consulibus
1045 793 1193 834 iterum
1225 809 1386 834 summa
1416 794 1456 834 vi
1481 794 1660 835 obsideri

302 863 447 910 coepta
472 862 551 905 est,
578 859 764 909 quaeque
790 855 831 895 in
856 870 946 895 eam
971 870 1058 896 rem
1084 870 1186 909 opus
1208 862 1322 895 erant
1348 856 1661 910 comportaban-

302 924 366 957 tur
390 917 731 971 parabanturque.
788 916 1017 958 Casilinum
1043 916 1293 957 frumentum
1320 925 1580 967 convectum,
1608 918 1660 958 ad

301 979 493 1019 Volturni
519 980 687 1028 ostium,
724 979 795 1020 ubi
820 993 928 1019 nunc
958 978 1055 1019 urbs
1082 986 1161 1027 est,
1195 979 1409 1019 castellum
1435 980 1661 1020 communi-

301 1048 406 1089 tum,
430 1040 489 1095 [in
510 1056 556 1081 co
577 1048 615 1081 et
629 1040 835 1096 Puteolis]
858 1066 889 1069 —
909 1048 1002 1081 ante
1017 1040 1173 1082 Fabius
1189 1040 1400 1082 Maximus
1420 1042 1661 1082 munierat—

301 1103 551 1157 pracsidium
586 1103 843 1157 impositum,
887 1111 931 1143 ut
961 1117 1072 1143 mare
1102 1103 1336 1156 proximum
1368 1110 1407 1143 et
1439 1103 1589 1144 flumen
1618 1103 1660 1143 in

302 1172 504 1219 potestate
530 1174 679 1205 essent.
728 1165 771 1205 in
796 1180 842 1205 ea
868 1165 949 1205 duo
975 1164 1178 1204 maritima
1203 1165 1370 1205 castella
1395 1164 1658 1214 frumentum,

302 1227 413 1280 quod
438 1241 488 1267 ex
516 1225 706 1267 Sardinia
731 1241 861 1280 nuper
890 1226 1063 1266 missum
1094 1233 1180 1266 erat
1210 1226 1401 1279 quodque
1427 1226 1487 1266 M.
1514 1226 1658 1267 Iunius

302 1297 465 1342 praetor
489 1303 539 1329 ex
565 1288 732 1328 Etruria
757 1294 977 1336 coemerat,
1005 1287 1055 1328 ab
1084 1286 1205 1328 Ostia
1231 1294 1472 1328 convectum
1499 1295 1578 1336 est,
1615 1295 1659 1328 ut

303 1350 497 1391 exercitui
532 1364 605 1404 per
639 1349 817 1390 hiemem
854 1349 971 1403 copia
1007 1355 1127 1389 esset.
1195 1355 1374 1389 ceterum
1412 1364 1534 1402 super
1569 1364 1660 1389 eam

303 1411 478 1460 cladem,
517 1426 622 1464 quae
652 1412 695 1451 in
719 1411 904 1451 Lucanis
937 1417 1104 1464 accepta
1136 1416 1239 1458 erat,
1276 1410 1472 1450 volonum
1497 1424 1659 1463 quoque

303 1473 522 1521 exercitus,
548 1473 618 1525 qui
643 1472 736 1512 vivo
758 1470 946 1513 Graccho
973 1486 1134 1511 summa
1158 1470 1238 1510 fide
1265 1471 1468 1524 stipendia
1493 1470 1657 1519 fecerat,

303 1534 413 1575 velut
439 1540 725 1574 exauctoratus
752 1541 880 1573 morte
906 1532 1021 1573 ducis
1049 1531 1099 1572 ab
1127 1532 1255 1586 signis
1282 1532 1483 1573 discessit.

386 1595 598 1636 Hannibal
634 1609 714 1635 non
753 1594 941 1648 Capuam
984 1593 1214 1648 neglectam
1257 1608 1413 1647 neque,
1462 1600 1508 1635 ut
1548 1601 1661 1635 tanto

302 1657 552 1705 discrimine,
591 1657 774 1697 desertos
807 1655 971 1696 volebat
1002 1655 1154 1704 socios,
1193 1655 1266 1696 sed
1295 1670 1491 1710 prospero
1523 1671 1574 1697 ex
1603 1663 1663 1697 te-

301 1719 486 1759 meritate
522 1718 642 1758 unius
669 1717 847 1759 Romani
883 1717 999 1758 ducis
1037 1731 1234 1758 successu
1270 1717 1312 1757 in
1344 1717 1508 1758 alterius
1545 1718 1661 1759 ducis

301 1780 585 1833 exercitusque
611 1779 868 1834 opprimendi
894 1779 1151 1820 occasionem
1176 1779 1426 1820 imminebat.
1466 1778 1543 1820 Cn.
1563 1779 1663 1821 Ful-

302 1844 414 1884 vium
438 1849 669 1897 praetorem
683 1842 813 1897 Apuli
837 1842 962 1897 legati
986 1842 1229 1883 nuntiabant
1249 1843 1393 1896 primo,
1420 1843 1518 1883 dum
1538 1843 1660 1884 urbes

301 1906 501 1958 quasdam
537 1905 791 1960 Apulorum,
831 1919 935 1958 quae
971 1904 1023 1945 ad
1059 1903 1338 1945 Hannibalem
1376 1905 1659 1953 descivissent,

301 1974 574 2022 oppugnaret,
611 1967 806 2007 intentius
831 1981 919 2007 rem
945 1966 1098 2021 egisse,
1136 1973 1279 2020 postea
1310 1966 1435 2007 nimio
1467 1981 1661 2007 successu

301 2037 340 2070 et
369 2030 505 2084 ipsum
537 2036 577 2070 et
606 2029 755 2070 milites
787 2029 941 2083 praeda
970 2028 1160 2082 impletos
1191 2029 1233 2068 in
1264 2035 1418 2069 tantam
1455 2028 1660 2069 licentiam

302 2092 612 2145 socordiamque
645 2091 818 2140 effusos,
862 2098 907 2131 ut
937 2091 1049 2131 nulla
1081 2090 1297 2144 disciplina
1333 2091 1500 2131 militiae
1538 2097 1659 2131 esset.

302 2169 395 2195 cum
422 2169 544 2209 saepe
570 2154 670 2195 alias
697 2161 784 2194 tum
809 2154 953 2208 paucis
979 2153 1125 2194 diebus
1151 2159 1244 2194 ante
1278 2159 1491 2207 expertus,
1529 2152 1661 2205 qualis

302 2216 377 2257 sub
403 2217 532 2257 inscio
559 2216 663 2257 duce
689 2216 892 2257 exercitus
919 2222 1045 2265 esset,
1072 2215 1114 2255 in
1137 2214 1336 2269 Apuliam
1363 2221 1497 2255 castra
1521 2214 1661 2254 movit.

387 2279 519 2319 XXI.
571 2278 692 2320 Circa
705 2278 974 2319 Herdoneam
987 2277 1201 2319 Romanae
1226 2276 1410 2332 legiones
1437 2284 1476 2317 et
1501 2284 1664 2331 praetor

300 2341 472 2382 Fulvius
499 2348 595 2382 erat.
635 2356 716 2395 quo
742 2341 813 2381 ubi
838 2341 1007 2381 allatum
1032 2347 1094 2381 est
1118 2340 1249 2381 hostis
1276 2340 1509 2388 adventare,
1536 2353 1662 2394 prope

302 2411 362 2444 est
388 2404 560 2452 factum,
588 2410 631 2443 ut
656 2403 816 2443 iniussu
846 2402 1044 2457 praetoris
1072 2402 1200 2457 signis
1228 2401 1434 2442 convulsis
1466 2401 1509 2441 in
1533 2401 1661 2441 aciem

302 2466 470 2506 exirent.
507 2480 583 2506 nec
606 2480 671 2506 res
698 2465 831 2519 magis
856 2464 940 2505 ulla
965 2464 1094 2505 tenuit
1119 2479 1242 2517 quam
1270 2478 1363 2518 spes
1389 2463 1500 2504 haud
1525 2462 1660 2510 dubia,

304 2542 377 2568 suo
418 2528 460 2567 id
502 2527 667 2568 arbitrio
710 2526 780 2568 ubi
825 2526 975 2567 vellent
1023 2532 1199 2567 acturos.
1271 2532 1390 2566 nocte
1433 2523 1661 2577 insequenti

301 2588 531 2638 Hannibal,
569 2604 663 2630 cum
689 2589 980 2629 tumultuatum
1010 2588 1052 2628 in
1078 2588 1222 2628 castris
1250 2594 1289 2628 et
1314 2587 1530 2641 plerosque
1556 2585 1661 2625 fero-

303 2651 417 2699 citer,
457 2651 621 2705 signum
651 2658 696 2691 ut
727 2652 858 2700 daret,
896 2650 1094 2691 institisse
1125 2650 1220 2690 duci
1251 2650 1304 2690 ad
1334 2664 1447 2689 arma
1477 2645 1658 2688 vocantis

305 2711 441 2759 sciret,
485 2712 583 2753 haut
621 2713 770 2753 dubius
806 2727 1027 2766 prosperae
1063 2726 1228 2766 pugnae
1265 2711 1521 2751 occasionem
1557 2707 1656 2754 dari,
