1815 3184
275 564 312 593 10

273 872 307 899 11

272 1237 311 1265 13

293 1606 311 1634 [ὑ

291 1789 309 1817 02

293 2218 310 2246 5

292 2339 309 2368 6

295 2644 310 2672 7

338 258 420 299 336
618 263 772 298 LIBER
796 263 963 306 XXVII,
989 264 1041 297 10.
1064 264 1116 296 11.
1145 266 1192 306 [a.
1207 275 1242 297 u.
1256 274 1285 298 e.
1300 264 1381 307 545]

338 375 377 407 et
406 366 625 407 Aesernini
660 372 699 405 et
732 363 931 419 Spoletini
967 371 1006 404 et
1035 364 1261 405 Placentini
1297 371 1337 405 et
1367 364 1678 408 Cremonenses.

337 430 481 469 harum
505 428 754 468 coloniarum
781 427 962 467 subsidio
987 433 1073 466 tum
1097 427 1311 480 imperium
1342 428 1482 481 populi
1506 428 1680 469 Romani

338 491 448 531 stetit
482 490 613 542 iisque
650 490 804 544 gratiae
839 490 882 529 in
918 496 1061 529 senatu
1102 498 1140 529 et
1177 490 1285 543 apud
1320 490 1516 543 populum
1553 498 1678 531 actae.

337 551 552 592 duodecim
588 551 757 591 aliarum
793 550 1059 598 coloniarum,
1104 565 1208 602 quae
1245 551 1570 591 detractaverunt
1605 544 1679 590 im-

336 613 511 667 perium,
561 612 807 652 mentionem
853 611 940 651 fieri
985 618 1120 665 patres
1162 618 1377 652 vetuerunt
1417 626 1548 664 neque
1590 612 1680 652 illos

336 674 484 714 dimitti
518 688 649 726 neque
685 673 847 713 retineri
876 687 1007 725 neque
1038 672 1232 726 appellari
1267 688 1291 713 a
1327 674 1573 714 consulibus.
1634 688 1681 713 ea

337 736 459 776 tacita
505 734 718 789 castigatio
767 734 941 775 maxime
986 748 1036 774 ex
1083 734 1279 788 dignitate
1325 735 1465 788 populi
1505 735 1681 775 Romani

336 797 426 837 visa
451 803 523 836 est.

423 857 570 898 Cetera
595 856 903 910 expedientibus
929 870 1032 909 quae
1058 856 1109 896 ad
1134 856 1284 897 bellum
1315 871 1417 910 opus
1444 864 1556 897 erant
1586 871 1682 897 con-

339 919 495 959 sulibus
527 934 670 959 aurum
712 918 1030 967 vieesimarium,
1068 919 1177 971 quod
1212 918 1253 958 in
1291 919 1490 959 sanctiore
1527 919 1680 959 aerario

336 981 388 1021 ad
413 981 575 1021 ultimos
602 995 720 1020 casus
748 979 1003 1028 servabatur,
1041 980 1172 1033 promi
1196 980 1359 1033 placuit.
1418 986 1605 1034 prompta
1629 980 1680 1020 ad

337 1050 527 1094 quattuor
561 1042 671 1081 milia
706 1041 841 1094 pondo
878 1041 976 1081 auri.
1046 1041 1139 1081 inde
1176 1042 1380 1095 quingena
1415 1042 1550 1095 pondo
1586 1042 1680 1081 data

337 1102 571 1143 consulibus
599 1110 637 1142 et
661 1102 721 1142 M.
742 1102 938 1142 Marcello
965 1108 1003 1142 et
1026 1102 1074 1142 P.
1098 1101 1280 1155 Sulpicio
1305 1102 1614 1156 proconsulibus
1641 1109 1680 1142 et

337 1165 388 1203 L.
404 1164 573 1203 Veturio
598 1164 791 1217 praetori,
818 1164 887 1216 qui
914 1162 1089 1204 Galliam
1115 1164 1364 1217 provinciam
1390 1170 1474 1204 erat
1499 1164 1677 1210 sortitus,

338 1225 601 1277 additumque
642 1224 771 1265 Fabio
814 1225 969 1265 consuli
1011 1232 1171 1264 centum
1212 1225 1347 1278 pondo
1395 1225 1480 1265 auri
1526 1225 1680 1278 praeci-

336 1301 482 1340 puum,
519 1286 628 1338 quod
659 1286 700 1326 in
725 1300 859 1326 arcem
885 1285 1146 1326 Tarentinam
1177 1293 1420 1339 portaretur3
1458 1293 1590 1326 cetero
1616 1286 1678 1325 usi

338 1355 432 1388 sunt
468 1348 519 1388 ad
550 1347 790 1388 vestimenta
825 1348 1029 1400 praesenti
1058 1347 1231 1400 pecunia
1266 1348 1437 1388 locanda
1472 1347 1677 1395 exercitui,

337 1409 407 1461 qui
454 1409 494 1448 in
530 1409 734 1463 Hispania
779 1408 931 1449 bellum
978 1409 1157 1449 secunda
1206 1423 1279 1448 sua
1326 1408 1436 1449 fama
1482 1409 1678 1462 ducisque

337 1470 517 1524 gerebat.

421 1531 502 1571 XI.
562 1531 757 1585 Prodigia
791 1545 970 1583 quoque,
1008 1531 1245 1584 priusquam
1281 1530 1330 1571 ab
1362 1529 1461 1571 urbe
1492 1531 1679 1571 consules

337 1592 699 1646 proficiscerentur,
726 1592 931 1645 procurari
955 1592 1118 1645 placuit.
1167 1592 1206 1631 in
1222 1591 1386 1632 Albano
1411 1598 1547 1633 monte
1572 1599 1680 1632 tacta

336 1654 386 1693 de
416 1653 528 1693 03010
559 1660 671 1693 erant
703 1653 864 1707 signum
889 1653 1000 1693 Iovis
1032 1653 1229 1706 arborque
1259 1653 1409 1707 templo
1439 1654 1677 1708 propinqua,

335 1721 373 1754 et
401 1712 543 1754 Ostiae
568 1714 699 1762 lacus,
739 1721 777 1754 et
804 1713 972 1768 Capuae
997 1729 1136 1755 murus
1164 1715 1448 1767 Fortunaeque
1474 1715 1604 1763 aedis,
1641 1721 1681 1755 et

337 1773 558 1816 Sinuessae
590 1790 729 1815 murus
760 1781 974 1829 portaque:
1011 1775 1111 1816 haee
1143 1776 1193 1816 de
1224 1775 1336 1816 caelo
1361 1782 1478 1816 taeta.
1539 1790 1681 1816 cruen-

335 1842 417 1875 tam
464 1836 585 1876 etiam
632 1836 799 1877 fluxisse
848 1850 996 1888 aquam
1031 1835 1237 1877 Albanam
1286 1837 1451 1889 quidam
1493 1847 1678 1877 auctores

336 1903 465 1938 erant:
503 1906 542 1938 et
571 1898 728 1938 Romae
758 1898 866 1938 intus
899 1898 1042 1938 cellam
1079 1898 1190 1938 aedis
1221 1898 1355 1939 Fortis
1386 1898 1591 1938 Fortunae
1628 1899 1678 1938 de

335 1959 465 2012 capite
502 1959 682 2013 signum,
722 1960 831 2012 quod
867 1959 907 1999 in
938 1974 1086 2000 corona
1122 1966 1223 2008 erat,
1260 1959 1302 1999 in
1331 1974 1496 1999 manum
1535 1967 1678 2013 sponte

336 2035 410 2060 sua
433 2020 686 2074 prolapsum3
736 2028 774 2061 et
803 2020 990 2061 Priverni
1021 2021 1118 2061 satis
1149 2019 1362 2060 constabat
1391 2020 1538 2061 bovem
1568 2021 1680 2061 locu-

335 2088 438 2129 tum,
476 2082 776 2134 volturiumque
801 2082 1002 2135 frequenti
1033 2082 1121 2122 foro
1145 2081 1186 2121 in
1217 2081 1426 2122 tabernam
1451 2081 1677 2130 devolasse,

335 2150 374 2183 et
407 2142 630 2183 Sinuessae
666 2150 807 2183 natum
844 2143 1036 2197 ambiguo
1071 2143 1176 2183 inter
1215 2158 1368 2183 marem
1403 2157 1451 2183 ac
1485 2143 1678 2183 feminam

335 2219 437 2245 sexu
460 2205 676 2253 infantem,
703 2220 805 2258 quos
831 2205 1091 2259 androgynos
1117 2205 1282 2260 volgus,
1308 2211 1351 2245 ut
1376 2205 1587 2259 pleraque,
1619 2204 1680 2245 fa-

335 2266 470 2306 ciliore
496 2266 547 2306 ad
572 2267 818 2320 duplicanda
842 2266 967 2307 verba
993 2265 1152 2307 Graeco
1178 2281 1381 2315 sermone,
1415 2266 1608 2320 appellat,
1641 2273 1679 2306 et

334 2327 438 2367 lacte
464 2328 664 2381 pluvisse,
692 2335 731 2369 et
755 2343 848 2369 eum
874 2328 1077 2382 elephanti
1103 2329 1233 2382 eapite
1251 2343 1424 2382 puerum
1443 2335 1596 2368 natum.
1633 2342 1681 2368 ea

335 2390 520 2444 prodigia
550 2391 692 2431 hostiis
730 2390 950 2431 maioribus
981 2397 1197 2444 procurata
1228 2397 1267 2431 et
1304 2390 1544 2443 supplicatio
1575 2389 1681 2429 circa

335 2452 471 2491 onmia
494 2452 740 2505 pulvinaria,
768 2452 994 2493 obsecratio
1023 2453 1065 2492 in
1089 2467 1216 2492 unum
1241 2452 1348 2492 diem
1373 2451 1524 2492 indicta
1549 2458 1587 2491 et
1612 2451 1680 2490 de-

336 2520 508 2561 cretum,
545 2521 588 2553 ut
616 2513 664 2554 C.
690 2514 894 2554 Hostilius
925 2521 1086 2568 praetor
1116 2514 1232 2554 ludos
1257 2513 1459 2567 Apollini,
1498 2513 1601 2553 sicut
1630 2512 1678 2552 iis

336 2574 452 2613 annis
477 2575 561 2614 voti
586 2574 763 2628 factique
789 2583 919 2624 erant,
946 2582 1112 2616 voveret
1137 2575 1381 2627 faceretque.

419 2634 500 2674 Per
525 2650 593 2675 eos
619 2636 705 2677 dies
731 2643 771 2677 et
795 2636 1032 2678 censoribus
1058 2636 1241 2677 creandis
1269 2635 1320 2688 Q.
1341 2635 1511 2675 Fulvius
1537 2632 1678 2673 consul

337 2695 499 2735 comitia
523 2695 675 2737 habuit.
736 2698 857 2738 creati
883 2712 1090 2746 censores,
1128 2697 1248 2737 ambo
1279 2696 1349 2749 qui
1377 2695 1558 2736 nondum
1583 2707 1677 2733 con-
