1815 3184
491 205 645 240 LIBER
669 206 779 248 XXI,
804 206 858 240 46.
877 206 932 239 47.
961 208 1008 249 [a.
1025 203 1160 250 0218]
1452 196 1506 237 39

155 311 454 351 circumventos
491 310 708 359 vidissent,
753 310 834 350 iam
871 324 1023 364 magna
1059 323 1109 349 ex
1144 314 1258 362 parte
1296 308 1346 348 ad
1384 309 1510 363 pedes

154 387 294 427 pugna
324 378 510 421 venerat,
549 372 679 412 donec
709 371 933 420 Numidae,
972 370 1041 424 qui
1077 370 1118 410 in
1155 370 1346 411 cornibus
1384 377 1510 419 erant,

154 434 418 474 circumvecti
453 433 622 487 paulum
660 433 711 473 ab
748 440 863 487 tergo
901 447 944 473 se
981 432 1259 472 ostenderunt.
1313 432 1348 472 is
1385 446 1513 486 pavor

155 495 325 549 perculit
339 495 569 544 Romanos,
597 495 791 547 auxitque
811 508 1007 548 pavorem
1028 493 1207 533 consulis
1235 493 1382 534 vulnus
1408 494 1514 548 peri-

154 557 373 610 culumque
415 557 645 598 intercursu
688 564 774 597 tum
816 556 993 610 primum
1030 555 1294 609 pubescentis
1331 555 1387 595 fili
1422 555 1514 610 pul-

157 626 304 660 satum.

239 681 322 721 Hic
360 681 434 721 crit
469 680 649 729 iuvenis,
686 694 812 735 penes
845 694 967 732 quem
1003 678 1175 732 perfecti
1210 676 1382 719 huiusce
1419 678 1513 720 belli

153 743 242 783 laus
270 750 350 792 est,
383 742 608 783 Africanus
637 742 688 783 ob
716 741 926 796 egregiam
958 740 1170 781 victoriam
1201 740 1251 780 de
1278 740 1514 781 Hannibale

156 804 389 858 Poenisque
438 804 680 858 appellatus.
741 804 843 858 fuga
890 811 1026 843 tamen
1070 802 1202 843 effusa
1244 802 1513 843 iaculatorum

154 882 345 906 maxume
382 866 477 915 fuit,
522 881 624 919 quos
662 866 816 919 primos
853 865 1057 905 Numidae
1099 865 1349 905 invaserunt.
1411 865 1514 906 alius

154 929 361 969 confertus
399 928 602 981 equitatus
639 927 850 968 consulem
888 927 929 967 in
966 927 1147 967 medium
1185 934 1400 981 acceptum
1433 943 1516 967 non

153 990 275 1030 armis
296 990 430 1038 modo,
459 989 531 1029 scd
551 989 674 1029 etiam
695 988 934 1042 corporibus
957 988 1041 1028 suis
1067 996 1288 1042 protegens
1314 988 1356 1028 in
1383 997 1517 1029 castra

153 1065 357 1103 nusquam
390 1050 546 1104 trepide
577 1064 711 1102 neque
749 1050 880 1090 effuse
917 1049 1101 1090 cedendo
1137 1049 1314 1090 reduxit.
1365 1050 1516 1090 servati

153 1112 332 1152 consulis
359 1112 484 1152 decus
513 1111 680 1152 Coelius
713 1112 765 1151 ad
798 1126 963 1151 servum
987 1111 1153 1151 natione
1178 1111 1381 1165 Ligurem
1407 1111 1517 1152 delc-

152 1180 241 1228 gat3
278 1173 417 1213 malim
449 1173 639 1226 equidem
671 1173 721 1213 de
754 1173 837 1213 filio
864 1187 1007 1213 verum
1035 1186 1144 1222 esse,
1178 1172 1288 1225 quod
1314 1179 1353 1212 et
1378 1172 1514 1226 plures

153 1235 354 1275 tradidere
380 1242 568 1275 auctores
597 1242 635 1275 et
661 1234 773 1275 fama
797 1234 984 1275 obtinuit.

238 1297 536 1339 XXXXVII.
591 1298 687 1338 Hoc
714 1298 892 1351 primum
925 1312 1018 1337 cum
1045 1296 1282 1337 Hannibale
1315 1296 1515 1350 proelium

154 1360 249 1409 fuit,
288 1374 370 1412 quo
406 1359 526 1400 facilc
563 1360 752 1414 apparuit
788 1366 828 1399 et
865 1359 1049 1412 equitatu
1085 1358 1294 1398 meliorem
1326 1358 1514 1398 Poenum

155 1436 245 1462 esse
272 1429 311 1461 ct
336 1420 387 1461 ob
413 1421 455 1461 id
487 1435 655 1475 campos
688 1417 885 1475 patentis,
922 1420 1066 1473 quales
1100 1428 1195 1461 sunt
1225 1420 1330 1460 inter
1353 1419 1517 1460 Padum

154 1483 388 1536 Alpesque,
418 1482 525 1523 bello
551 1484 731 1537 gerendo
752 1482 952 1523 Romanis
979 1489 1096 1536 aptos
1123 1497 1203 1522 non
1230 1496 1334 1522 esse.
1378 1482 1516 1534 itaque

155 1545 342 1598 proxima
362 1552 479 1585 nocte
499 1545 622 1585 iussis
643 1544 840 1585 militibus
861 1559 961 1584 vasa
982 1544 1143 1584 silentio
1165 1544 1370 1598 conligere
1385 1551 1519 1584 castra

156 1606 206 1647 ab
233 1606 379 1647 Ticino
412 1614 522 1647 mota
548 1606 869 1659 festinatumque
895 1606 948 1646 ad
972 1605 1135 1646 Padum
1162 1614 1242 1655 est,
1278 1614 1323 1646 ut
1347 1605 1516 1654 ratibus,

156 1668 304 1721 quibus
337 1668 523 1709 iunxerat
556 1669 729 1717 flumen,
767 1669 950 1709 nondum
988 1669 1178 1710 resolutis
1217 1669 1302 1709 sinc
1340 1668 1518 1708 tumultu

156 1738 278 1783 atquc
311 1731 577 1771 insectatione
611 1731 740 1772 hostis
773 1732 912 1785 copias
946 1731 1145 1771 traiceret.
1199 1731 1313 1785 prius
1344 1730 1519 1770 Placen-

156 1793 254 1832 tiam
278 1807 500 1846 pcrvenere
528 1808 651 1846 quam
679 1793 777 1833 satis
804 1793 925 1834 sciret
945 1792 1158 1833 Hannibal
1183 1793 1234 1833 ab
1255 1793 1400 1833 Ticino
1426 1808 1520 1846 pro-

156 1854 306 1894 fectos:
343 1861 480 1894 tamen
512 1855 563 1895 ad
595 1862 811 1895 sexcentos
844 1862 1093 1896 moratorum
1131 1855 1174 1895 in
1210 1854 1394 1895 citeriore
1431 1854 1519 1908 ripa

156 1915 261 1956 Padi
287 1916 467 1970 segniter
490 1923 619 1956 ratem
646 1917 851 1958 solventes
878 1917 997 1971 cepit.
1047 1917 1219 1957 transire
1244 1923 1410 1970 pontem
1436 1931 1519 1956 non

156 1977 304 2031 potuit,
338 1986 381 2017 ut
407 1990 588 2018 extrema
613 1979 793 2019 resoluta
819 1986 953 2028 crant,
987 1985 1071 2019 tota
1102 1986 1188 2019 rate
1219 1979 1262 2018 in
1294 1978 1517 2019 secundam

158 2053 306 2090 aquam
339 2039 512 2080 labente.
569 2040 738 2082 Coelius
771 2048 913 2081 auctor
945 2049 1006 2081 est
1032 2040 1260 2095 Magonem
1287 2055 1379 2080 cum
1406 2041 1519 2092 cqui-

159 2106 245 2139 tatu
283 2108 322 2140 et
352 2101 554 2155 Hispanis
591 2102 798 2156 peditibus
835 2103 987 2143 flumen
1025 2102 1232 2156 extemplo
1268 2108 1517 2150 transnasse,

160 2161 295 2214 ipsum
332 2161 612 2204 Hannibalem
651 2179 724 2218 per
760 2164 972 2217 superiora
1006 2163 1112 2203 Padi
1148 2164 1254 2204 vada
1296 2164 1519 2204 exercitum

161 2222 390 2263 traduxisse
418 2224 645 2277 elephantis
671 2226 713 2265 in
739 2226 923 2266 ordinem
943 2225 995 2265 ad
1016 2225 1300 2266 sustinendum
1321 2225 1518 2280 impetum

161 2284 340 2324 fluminis
373 2286 584 2339 oppositis.
635 2302 683 2327 ea
715 2287 855 2341 peritis
891 2287 1022 2327 amnis
1055 2287 1142 2327 cius
1169 2287 1238 2327 vix
1264 2287 1386 2327 fidem
1411 2287 1520 2329 fece-

161 2346 259 2393 rint,
285 2361 380 2386 nam
405 2362 538 2400 neque
564 2349 721 2401 equites
748 2349 871 2389 armis
898 2349 1097 2401 equisque
1117 2348 1241 2389 salvis
1263 2356 1417 2390 tantam
1438 2350 1517 2390 vim

162 2407 339 2448 fluminis
366 2424 583 2463 superasse
610 2411 695 2451 veri
721 2411 852 2452 simile
879 2418 960 2459 est,
987 2418 1031 2450 ut
1050 2410 1131 2450 iam
1152 2410 1364 2465 Hispanos
1385 2413 1518 2452 omnis

162 2468 289 2508 inflati
316 2471 563 2511 travexerint
587 2478 716 2522 utres,
744 2480 783 2513 et
808 2472 1028 2513 multorum
1049 2472 1206 2513 dierum
1227 2473 1395 2513 circuitu
1414 2473 1520 2515 Padi

162 2530 268 2570 vada
298 2532 476 2584 petenda
507 2532 675 2583 fuerint,
714 2549 797 2587 qua
828 2534 1030 2575 exercitus
1061 2534 1198 2588 gravis
1229 2535 1518 2589 inpedimentis

1539 385 1555 413 7

1544 1064 1583 1092 10

1542 1495 1560 1524 μ’.)

1544 2055 1564 2082 4

1546 2304 1565 2332 5

162 2593 320 2633 traduci
339 2601 490 2647 posset.
527 2595 706 2649 potiores
733 2604 831 2650 aput
857 2611 921 2637 mc
948 2604 1134 2636 auctores
1161 2604 1273 2645 sunt,
1300 2597 1370 2650 qui
1394 2596 1518 2639 biduo
1545 2613 1563 2642 6

162 2654 231 2694 vix
249 2654 385 2695 locum
406 2663 490 2696 rate
512 2657 720 2712 iungendo
741 2658 896 2699 flumini
916 2659 1127 2699 inventum
1149 2660 1329 2708 tradunt,
1358 2675 1405 2701 ca
1426 2676 1517 2701 cum
