1815 3184
314 225 366 266 72
626 232 777 267 LIBER
802 232 933 274 XXII,
952 232 1012 288 17.
1034 232 1085 265 is.
1115 234 1163 274 [a.
1178 244 1213 266 u.
1230 243 1259 266 c.
1274 232 1356 275 537]

308 337 459 377 densae
491 334 695 375 micabant
726 334 933 382 flammae,
966 332 1077 373 velut
1102 332 1352 374 tutissimum
1377 335 1453 375 iter
1478 343 1660 389 petentes

309 412 469 438 summa
499 396 698 437 montium
729 396 845 450 iuga,
883 402 1021 435 tamen
1052 395 1094 435 in
1125 395 1325 447 quosdam
1351 395 1478 437 boves
1504 397 1662 451 palatos

264 474 283 502 5
309 475 333 499 a
363 458 448 499 suis
479 457 675 512 gregibus
708 457 948 497 inciderunt.
1010 462 1049 496 et
1081 457 1212 510 primo
1240 471 1333 496 cum
1357 458 1499 511 procul
1525 472 1663 499 cerne-

307 527 415 568 rent,
441 520 565 560 veluti
586 519 772 559 flammas
795 519 1036 573 spirantium
1056 518 1250 559 miraculo
1275 519 1447 560 adtoniti
1472 521 1663 561 constite-

264 597 281 626 6
306 590 420 630 runt,
447 582 594 622 deinde
619 588 664 622 ut
688 581 868 621 humana
893 581 1080 634 apparuit
1105 580 1238 629 fraus,
1264 588 1352 621 tum
1371 596 1467 622 vero
1492 582 1661 623 insidias

262 1152 280 1180 10

308 645 385 684 rati
421 658 530 692 esse,
575 658 669 684 cum
706 643 859 683 maiore
896 643 1073 683 tumultu
1109 643 1313 683 concitant
1349 658 1392 684 se
1428 643 1470 683 in
1505 643 1661 698 fugam.

306 706 387 746 levi
422 720 585 759 quoque
622 713 852 746 armaturae
888 705 1067 746 hostium
1104 705 1327 754 incurrere,
1364 712 1545 746 ceterum
1581 720 1664 746 11οΧ

308 775 483 820 aequato
526 767 670 808 timore
713 775 878 808 neutros
921 782 1104 821 pugnam
1150 766 1382 820 incipientis
1430 767 1483 807 ad
1528 766 1662 807 lucem

308 829 449 869 tenuit.
508 830 664 870 interea
690 836 774 869 toto
800 829 964 883 agmine
989 828 1201 869 Hannibal
1226 828 1463 869 transducto
1487 843 1560 882 per
1585 828 1663 869 sal-

307 899 394 931 tum
420 898 458 931 et
483 891 730 944 quibusdam
756 891 797 931 in
822 891 912 945 ipso
939 890 1045 932 saltu
1071 890 1252 932 hostium
1277 890 1485 945 oppressis
1505 890 1546 930 in
1565 905 1664 945 agro

307 952 492 993 Allifano
516 953 654 1007 posuit
680 960 825 994 castra.

393 1014 565 1056 XVIII.
626 1016 752 1056 Hune
789 1014 1010 1055 tumultum
1047 1015 1174 1056 sensit
1203 1014 1377 1055 Fabius:
1416 1020 1595 1055 ceterum
1627 1020 1665 1053 et

306 1077 477 1118 insidias
510 1092 601 1118 esse
632 1085 744 1118 ratus
776 1084 816 1118 et
846 1077 897 1118 ab
929 1084 1128 1118 nocturno
1159 1077 1298 1130 utique
1329 1076 1553 1117 abhorrens
1580 1089 1666 1116 cer-

307 1139 458 1180 tamine
502 1154 598 1180 suos
641 1139 904 1180 munimentis
948 1139 1089 1179 tenuit.
1148 1138 1239 1178 luce
1280 1138 1412 1192 prima
1455 1137 1530 1178 sub
1567 1137 1665 1192 iugo

306 1201 459 1242 montis
480 1201 679 1254 proelium
698 1201 793 1249 fuit,
821 1215 901 1254 quo
920 1200 1185 1240 interclusam
1205 1199 1255 1240 ab
1277 1200 1361 1240 suis
1382 1199 1515 1240 levem
1535 1214 1666 1239 arma-

309 1271 442 1303 turam
463 1263 583 1303 facile
604 1288 656 1292 —
677 1263 827 1303 etenim
852 1277 1021 1303 numero
1046 1262 1300 1315 aliquantum
1325 1261 1588 1316 praestabant
1612 1286 1665 1289 —-

308 1324 486 1365 Romani
513 1332 795 1378 superassent,
822 1325 900 1365 nisi
918 1324 1202 1378 Hispanorum
1222 1324 1367 1365 cohors
1388 1324 1440 1364 ad
1465 1324 1506 1363 id
1530 1324 1665 1377 ipsum

310 1386 483 1426 remissa
509 1385 560 1426 ab
581 1386 817 1426 Hannibale
842 1386 1109 1440 pervenisset.
1154 1400 1201 1426 ea
1226 1386 1434 1426 adsuetior
1459 1384 1665 1425 montibus

308 1455 348 1490 et
379 1449 431 1489 ad
463 1449 790 1489 coneursamlum
822 1449 926 1489 inter
959 1464 1058 1489 saxa
1081 1463 1286 1502 rupesque
1313 1448 1444 1501 aptior
1468 1461 1516 1487 110
1540 1446 1667 1487 levior

308 1525 401 1551 cum
427 1510 641 1551 velocitate
663 1525 881 1565 corporum
900 1517 987 1550 tum
1007 1525 1212 1550 armorum
1234 1509 1376 1550 habitu
1396 1516 1666 1562 campestrem

307 1573 467 1612 hostem
498 1586 667 1627 gravem
699 1572 822 1612 armis
854 1572 1147 1624 statariumque
1179 1586 1341 1626 pugnae
1372 1584 1521 1625 genere
1546 1569 1667 1610 facile

306 1632 441 1674 elusit.
485 1634 541 1673 ita
567 1633 888 1686 haudquaquam
913 1633 1001 1687 pari
1027 1633 1248 1673 certamine
1269 1633 1461 1687 digressi,
1488 1630 1668 1685 Hispani

308 1695 394 1736 fere
430 1710 572 1736 omnes
608 1695 854 1744 incolumes,
894 1695 1071 1736 Romani
1109 1695 1263 1748 aliquot
1301 1695 1385 1735 suis
1425 1693 1588 1735 amissis
1625 1692 1668 1732 in

308 1764 440 1798 castra
466 1757 775 1798 contenderunt.

392 1818 547 1859 Fabius
586 1834 749 1872 quoque
788 1819 917 1859 movit
954 1826 1087 1859 castra
1123 1825 1488 1872 transgressusque
1519 1816 1666 1858 saltum

309 1895 432 1934 super
450 1879 602 1920 Allifas
628 1880 718 1920 loco
744 1880 825 1920 alto
851 1894 898 1920 ac
924 1880 1080 1920 munito
1106 1880 1303 1920 consedit.
1341 1886 1426 1919 tum
1452 1893 1525 1932 per
1546 1877 1666 1919 Sam-

307 1943 420 1983 nium
446 1942 624 1983 Romam
652 1957 694 1983 se
720 1950 858 1996 petere
887 1942 1083 1982 simulans
1104 1942 1316 1982 Hannibal
1341 1956 1471 1994 usquc
1496 1942 1538 1981 111
1562 1941 1668 1981 Ρ110-

306 2005 441 2059 lignos
471 2005 789 2059 populabundus
823 2005 940 2045 rediit
950 2021 960 2054 ;
991 2004 1147 2045 Fabius
1173 2004 1333 2044 medius
1360 2004 1463 2043 inter
1487 2003 1668 2043 hostium

307 2081 457 2121 agmen
478 2066 703 2120 urbemque
723 2067 898 2107 Romam
926 2067 1035 2121 iugis
1065 2065 1241 2106 ducebat
1265 2080 1340 2106 1100
1366 2065 1567 2106 absistens
1593 2079 1668 2117 nec

309 2128 591 2182 congrediens.
653 2143 703 2168 cx
745 2128 955 2183 Paelignis
1002 2128 1168 2169 Poenus
1211 2128 1323 2167 flexit
1365 2128 1440 2167 iter
1479 2133 1668 2180 retroque

307 2190 507 2244 Apuliam
531 2198 719 2244 repetens
743 2189 995 2232 Gereonium
1024 2190 1227 2244 pervenit,
1254 2189 1398 2230 urbem
1417 2196 1546 2238 metu,
1573 2189 1668 2241 quia

309 2252 503 2306 conlapsa
547 2253 675 2307 ruinis
712 2268 807 2306 pars
844 2253 1053 2293 moenium
1091 2260 1193 2300 erat,
1237 2251 1287 2292 ab
1326 2252 1410 2292 suis
1449 2252 1665 2291 desertam.

309 2314 483 2354 dictator
514 2314 557 2354 in
580 2314 778 2354 Larinate
810 2329 908 2369 agro
941 2321 1074 2355 castra
1106 2314 1357 2354 communiit.
1406 2314 1501 2353 inde
1534 2327 1669 2353 sacro-

309 2391 399 2416 rum
436 2391 561 2416 causa
596 2376 775 2416 Romam
810 2382 1044 2424 revocatus,
1088 2390 1170 2416 non
1205 2375 1375 2429 imperio
1411 2375 1552 2423 modo,
1596 2374 1669 2415 sed

310 2438 480 2478 consilio
523 2437 643 2478 ctiam
689 2452 736 2478 ac
777 2452 905 2491 prope
947 2437 1136 2491 precibus
1175 2452 1302 2492 agens
1339 2452 1432 2477 cum
1469 2436 1666 2491 magistro

311 2500 513 2552 equitum,
550 2507 593 2539 ut
624 2499 716 2553 plus
749 2499 919 2540 consilio
951 2514 1074 2552 quam
1111 2499 1299 2540 fortunae
1336 2499 1513 2539 confidat
1549 2505 1588 2539 et
1625 2512 1668 2538 se

311 2561 447 2614 potius
473 2562 620 2602 ducem
646 2576 769 2614 quam
797 2560 1087 2615 Sempronium
1112 2559 1443 2614 Flaminiumque
1474 2560 1665 2608 imitetur,

312 2636 363 2662 ne
394 2622 494 2662 nihil
526 2631 663 2663 actum
694 2630 877 2663 censeret
903 2630 1084 2662 extracta
1109 2637 1235 2676 prope
1261 2628 1415 2662 aestate
1439 2637 1512 2676 per
1536 2621 1667 2661 ludifi-

312 2683 513 2724 cationem
550 2684 698 2725 hostis:
742 2684 923 2725 medicos
961 2698 1125 2736 quoque
1162 2684 1254 2737 plus
1292 2684 1495 2724 interdum
1533 2683 1666 2736 quiete
