1815 3184
319 250 402 291 482
543 256 697 290 LIBER
721 255 926 299 XXVIIII,
951 255 1005 289 37.
1024 255 1078 289 38.
1107 257 1155 299 [a.
1169 266 1202 289 u.
1219 265 1248 289 c.
1262 255 1340 290 550.
1355 255 1437 300 551]

321 361 488 408 tribum,
526 373 630 412 quae
662 372 706 399 se
738 372 871 411 neque
903 357 1219 399 condemnasset
1248 372 1382 412 neque
1419 359 1664 400 condemna-

320 430 407 463 tum
445 428 514 461 aut
548 419 760 461 consulem
792 428 861 460 aut
890 434 1104 461 censorem
1134 419 1319 469 fecisset,
1355 420 1553 475 populum
1581 422 1665 462 Ro-

320 499 487 524 manum
513 497 694 532 omnem,
726 490 917 535 quattuor
943 490 984 523 et
1009 482 1176 537 triginta
1196 482 1344 532 tribus,
1371 483 1548 524 aerarios
1573 484 1666 524 reli-

260 561 297 589 14
324 547 428 600 quit,
450 545 559 599 quod
580 552 620 586 et
639 545 899 586 innocentem
925 560 969 585 se
995 545 1340 586 condemnassent
1359 552 1399 586 et
1419 545 1666 587 condemna-

322 619 409 650 tum
435 607 645 648 consulem
670 614 710 647 et
735 620 949 648 censorem
974 606 1188 656 fecissent,
1224 621 1357 660 neque
1382 607 1545 647 infitiari
1569 623 1666 662 pos-

323 678 425 719 sent,
446 677 515 710 aut
528 668 677 709 iudicio
697 668 823 709 semel
843 676 913 709 aut
925 668 1099 709 comitiis
1114 668 1177 709 bis
1193 669 1244 709 ab
1259 683 1301 709 se
1316 676 1530 724 peccatum
1551 684 1666 710 esse:

259 746 297 776 15
322 733 427 773 inter
452 738 643 785 quattuor
668 738 708 772 et
732 730 900 785 triginta
924 731 1053 771 tribus
1080 738 1119 771 et
1145 730 1194 772 C.
1223 729 1443 772 Claudium
1469 731 1669 772 aerarium

323 795 430 843 fore3
452 794 562 847 quod
576 793 609 834 si
623 793 858 847 exemplum
877 793 1047 833 haberet
1066 793 1128 834 bis
1144 793 1320 833 eundem
1335 793 1535 834 aerarium
1548 794 1669 833 relin-

323 856 493 910 quendi,
533 855 582 897 C.
610 855 832 897 Claudium
857 855 1099 897 nominatim
1130 871 1174 897 se
1199 855 1304 896 inter
1335 855 1513 897 aerarios
1539 855 1668 896 fuisse

258 932 296 961 16
321 919 569 960 relicturum.
639 933 813 973 pravum
849 926 1056 959 certamen
1092 925 1282 959 notarum
1317 917 1422 959 inter
1458 932 1668 967 censores3

323 981 538 1035 castigatio
564 980 862 1021 inconstantiae
893 980 1036 1035 populi
1066 979 1253 1021 censoria
1277 987 1318 1021 et
1341 979 1543 1035 gravitate
1569 986 1670 1020 tem-

258 1056 296 1085 17
322 1058 469 1099 porum
504 1042 665 1084 illorum
702 1042 839 1097 digna.
898 1042 940 1082 in
975 1042 1130 1082 invidia
1166 1055 1358 1083 censores
1395 1056 1489 1083 cum
1518 1049 1668 1090 essent,

324 1105 535 1148 crescendi
566 1120 617 1145 ex
647 1105 696 1145 iis
727 1113 840 1145 ratus
873 1119 965 1145 esse
998 1104 1257 1145 occasionem
1283 1103 1361 1145 Cn.
1386 1104 1569 1145 Baebius
1600 1104 1669 1144 tri-

323 1168 459 1208 bunus
495 1167 627 1222 plebis
665 1167 773 1207 diem
809 1167 860 1207 ad
897 1167 1094 1221 populum
1124 1166 1308 1219 utrisque
1340 1166 1454 1207 dixit.
1525 1181 1573 1207 ea
1601 1181 1667 1206 res

324 1244 528 1270 consensu
546 1237 710 1284 patrum
729 1229 917 1269 discussa
942 1236 1022 1278 est,
1048 1243 1099 1269 ne
1118 1237 1264 1284 postea
1282 1228 1460 1269 obnoxia
1482 1228 1669 1284 populari

325 1306 448 1333 aurae
475 1306 648 1332 censura
673 1299 794 1331 esset.

283 1367 297 1396 1
409 1353 677 1395 XXXVIII.
736 1353 897 1393 Eadem
934 1360 1090 1394 aestate
1126 1352 1168 1392 in
1192 1353 1351 1393 Bruttis
1379 1351 1612 1406 Clampetia
1647 1368 1670 1393 a

326 1416 494 1457 consule
519 1415 559 1455 vi
585 1422 722 1470 capta,
750 1414 977 1455 Consentia
997 1423 1037 1455 et
1050 1414 1260 1455 Pandosia
1280 1423 1320 1454 et
1337 1414 1540 1468 ignobiles
1567 1414 1669 1455 aliae

281 1491 299 1520 ξ.)
326 1477 512 1518 civitates
545 1477 755 1517 voluntate
786 1476 827 1515 in
858 1476 1061 1516 dicionem
1091 1483 1303 1516 venerunt.
1364 1483 1404 1516 et
1428 1489 1521 1515 cum
1546 1476 1671 1516 comi-

325 1540 473 1581 tiorum
494 1539 575 1579 iam
596 1538 806 1592 adpeteret
826 1546 1001 1592 tempus,
1019 1536 1258 1578 Cornelium
1276 1537 1412 1592 potius
1428 1552 1479 1578 ex
1491 1537 1670 1586 Etruria,

280 1615 298 1644 3
324 1602 395 1642 ubi
414 1602 513 1641 nihil
533 1600 628 1641 belli
647 1608 751 1649 erat,
777 1600 954 1641 Romam
974 1600 1094 1640 acciri
1113 1599 1277 1654 placuit.
1325 1599 1359 1639 is
1381 1600 1570 1641 consules
1593 1599 1671 1641 Cn.

327 1663 548 1704 Servilium
575 1662 830 1717 Caepionem
861 1670 900 1702 et
927 1661 975 1702 C.
1005 1661 1226 1703 Servilium
1253 1661 1474 1702 Geminum
1506 1662 1670 1703 creavit.

280 1738 300 1766 4
326 1726 421 1766 inde
445 1725 651 1780 praetoria
681 1724 846 1765 comitia
877 1723 1028 1764 habita.
1090 1724 1215 1764 creati
1238 1724 1288 1764 P.
1316 1722 1533 1765 Cornelius
1558 1724 1672 1765 Len—

327 1788 455 1836 tulus,
485 1787 535 1828 P.
562 1786 787 1839 Quintilius
812 1788 970 1835 Varus,
1001 1786 1050 1827 P.
1076 1786 1223 1827 Aelius
1248 1786 1421 1835 Paetus,
1446 1786 1496 1827 P.
1521 1786 1671 1828 Villius

283 1864 301 1892 5
327 1849 560 1904 Tappulus:
610 1849 650 1889 hi
676 1849 756 1890 duo
788 1863 881 1889 cum
914 1848 1065 1890 aediles
1091 1848 1223 1903 plebis
1257 1856 1413 1897 essent,
1461 1856 1670 1903 praetores

327 1912 451 1952 creati
489 1918 596 1952 sunt.
657 1911 801 1952 consul
837 1910 1011 1952 comitiis
1048 1910 1242 1965 perfectis
1283 1910 1335 1951 ad
1371 1910 1595 1951 exercitum
1630 1910 1671 1950 in

326 1974 537 2014 Etruriam
564 1973 682 2014 redit.

284 2049 301 2079 6
414 2035 659 2077 Sacerdotes
687 2050 734 2077 eo
761 2051 867 2076 anno
892 2035 1042 2077 mortui
1067 2042 1187 2088 atque
1212 2034 1407 2076 inlocum
1427 2049 1567 2076 eorum
1589 2034 1674 2075 suf-

327 2099 443 2139 fecti:
487 2098 551 2139 Ti.
577 2098 774 2140 Veturius
804 2098 927 2139 Philo
957 2098 1107 2139 flamen
1137 2097 1342 2138 Martialis
1372 2097 1414 2137 in
1445 2097 1581 2138 locum
1610 2097 1673 2137 M.

328 2161 481 2202 Aemili
502 2161 673 2215 Regilli,
700 2161 769 2214 qui
793 2161 927 2216 priore
954 2176 1059 2201 anno
1085 2168 1269 2201 mortuus
1295 2167 1402 2208 erat,
1428 2167 1588 2200 creatus
1613 2159 1675 2199 in-

286 2237 301 2265 7
330 2231 653 2278 auguratusque3
688 2222 729 2263 in
748 2223 810 2264 M.
825 2223 1031 2278 Pomponi
1044 2223 1257 2263 Mathonis
1284 2230 1324 2263 et
1349 2221 1514 2276 auguris
1541 2228 1581 2262 et
1605 2221 1675 2261 de-

329 2285 496 2325 cemviri
520 2285 656 2326 locum
682 2285 807 2326 creati
833 2285 1041 2326 decemvir
1064 2285 1126 2325 M.
1153 2284 1349 2325 Aurelius
1378 2282 1519 2332 Cotta,
1545 2298 1675 2338 augur

330 2347 394 2388 Ti.
412 2346 681 2402 Sempronius
698 2346 913 2388 Gracchus
935 2347 1158 2387 admodum
1177 2347 1433 2394 adulescens,
1459 2346 1569 2399 quod
1589 2353 1674 2385 tum

287 2421 306 2452 8
330 2424 541 2463 perrarum
560 2410 603 2450 in
621 2410 866 2450 mandandis
889 2409 1127 2450 sacerdotiis
1148 2416 1247 2449 erat.
1285 2408 1509 2462 quadrigae
1528 2421 1675 2448 aureae

331 2486 378 2511 eo
399 2487 505 2512 anno
525 2472 566 2512 in
582 2470 787 2526 Capitolio
802 2471 961 2527 positae
981 2472 1032 2512 ab
1054 2471 1253 2512 aedilibus
1269 2471 1476 2511 curulibus
1492 2468 1674 2511 C.Livi0

332 2541 372 2573 et
388 2534 450 2574 M.
470 2532 644 2575 Servilio
660 2533 850 2575 Gemino.
894 2542 934 2575 ct
951 2534 1037 2574 ludi
1056 2534 1234 2575 Romani
1252 2533 1423 2574 biduum
1446 2530 1672 2578 instaurati,

332 2594 430 2635 item
447 2610 520 2650 per
538 2596 707 2636 biduum
725 2596 860 2651 plebei
886 2597 936 2637 ab
959 2596 1157 2637 aedilibus
1176 2596 1226 2637 P.
1240 2595 1376 2645 Aelio,
1395 2595 1444 2635 P.
1459 2593 1596 2636 Villio.
1635 2599 1674 2632 et

333 2655 446 2697 Iovis
471 2658 637 2712 epulum
662 2658 739 2698 fuit.
763 2659 952 2700 ludorum
978 2673 1115 2700 causa.
