1815 3184
208 366 248 395 27

234 1041 252 1070 00

236 2026 255 2055 8

219 2520 257 2548 10

277 241 356 281 112
582 245 735 279 LIBER
760 245 890 287 XXII,
919 245 972 277 60.
994 244 1048 277 61.
1077 247 1124 287 [a.
1140 255 1173 277 u.
1191 255 1218 277 e.
1233 244 1316 287 538]

275 358 314 392 et
345 356 477 391 castra
507 355 546 389 et
577 363 689 388 arma
724 354 763 387 et
798 361 873 387 vos
909 347 1021 401 ipsos
1058 347 1214 387 traditis
1251 346 1370 387 hosti.
1432 362 1509 403 ego
1545 365 1623 390 non

274 412 406 466 magis
438 411 538 452 istos
564 409 842 458 redimendos,
874 417 1010 463 patres
1037 409 1273 463 conscripti,
1306 424 1471 459 censeo,
1503 426 1625 464 quam

274 474 365 514 illos
397 472 606 512 dedendos
632 470 876 519 Hannibali,
908 471 979 523 qui
1002 485 1075 525 per
1099 471 1255 511 medios
1281 471 1410 512 hostis
1437 486 1458 511 e
1484 473 1626 513 castris

275 540 493 588 eruperunt
513 547 560 572 ac
579 547 652 586 per
672 547 875 572 summam
896 532 1083 572 virtutem
1105 547 1148 573 se
1167 534 1320 586 patriae
1340 533 1627 574 restituerunt?

362 595 486 636 LXI.
547 594 775 646 Postquam
805 593 987 634 Manlius
1025 594 1143 644 dixit,
1182 609 1431 647 quamquam
1466 601 1628 649 patrum

275 672 437 711 quoque
462 656 679 710 plerosque
705 655 855 709 captivi
886 655 1128 709 cognatione
1160 655 1433 710 attingebant,
1470 664 1630 710 praeter

276 719 509 773 exemplum
535 718 710 758 civitatis
736 718 901 758 minime
926 717 967 758 in
988 718 1170 772 captivos
1190 718 1272 758 iam
1291 719 1385 759 inde
1405 719 1628 772 antiquitus

277 781 543 835 indulgentis,
570 780 767 834 pecuniae
792 793 955 833 quoque
981 794 1142 820 summa
1166 779 1352 821 homines
1378 781 1523 830 movit,
1550 796 1631 835 qua

276 858 352 884 nee
382 842 582 883 aerarium
616 841 847 889 exhaurire,
885 856 1036 895 magna
1071 841 1152 881 iam
1190 857 1351 882 summa
1387 849 1555 897 erogata
1588 843 1630 883 in

278 921 418 947 servos
455 905 506 945 ad
543 905 727 944 militiam
765 904 958 944 emendos
996 904 1315 957 armandosque,
1360 919 1434 945 nec
1469 905 1630 946 Hanni-

277 968 411 1009 balem
443 967 619 1007 maxime
652 965 820 1006 huiusce
852 966 928 1014 rei,
967 972 1011 1005 ut
1035 966 1146 1006 fama
1171 973 1274 1015 erat,
1307 974 1495 1021 egentem
1520 967 1631 1008 locu-

278 1029 421 1083 pletari
446 1028 647 1069 volebant.
709 1042 803 1068 cum
829 1028 941 1068 triste
965 1042 1228 1082 responsum,
1262 1043 1343 1068 non
1367 1029 1512 1069 redimi
1537 1044 1631 1082 cap-

278 1091 401 1139 tivos,
438 1090 641 1130 redditum
673 1096 781 1130 esset
811 1104 1024 1142 novusque
1057 1105 1180 1144 super
1209 1097 1388 1130 veterem
1412 1090 1546 1131 luctus
1572 1097 1629 1131 tot

278 1152 433 1192 iactura
452 1151 600 1191 civium
621 1150 803 1191 adiectus
824 1157 950 1199 esset,
978 1165 1070 1190 cum
1090 1151 1250 1206 magnis
1271 1151 1451 1199 fletibus,
1478 1152 1631 1204 questi-

279 1212 354 1253 bus
380 1212 537 1267 legatos
563 1212 615 1252 ad
640 1219 797 1265 portam
823 1212 1028 1265 prosecuti
1054 1219 1159 1253 sunt.
1198 1228 1303 1253 unus
1324 1227 1375 1252 ex
1395 1212 1443 1253 iis
1463 1213 1630 1253 domum

279 1274 395 1323 abiit,
428 1274 538 1327 quod
568 1274 704 1314 fallaci
734 1274 866 1314 reditu
896 1274 938 1313 in
964 1280 1096 1314 eastra
1120 1275 1206 1314 iure
1231 1274 1402 1327 iurando
1429 1289 1472 1315 se
1498 1274 1632 1315 exsol-

279 1336 418 1376 visset.
479 1335 590 1388 quod
630 1335 701 1375 ubi
742 1335 917 1375 innotuit
951 1334 1206 1388 relatumque
1243 1336 1295 1375 ad
1332 1342 1519 1376 senatum
1555 1342 1629 1383 est,

279 1411 421 1438 omnes
447 1404 691 1437 censuerunt
717 1396 1131 1450 conprehendendum
1150 1404 1187 1436 et
1210 1396 1448 1437 custodibus
1469 1396 1632 1450 publice

279 1458 383 1499 datis
410 1458 693 1498 deducendum
719 1458 771 1498 ad
795 1457 1074 1498 Hannibalem
1101 1472 1204 1498 esse.

364 1520 443 1560 Est
473 1528 512 1560 et
543 1520 620 1560 alia
652 1520 702 1560 de
733 1520 904 1573 captivis
937 1519 1065 1559 fama:
1104 1519 1244 1559 decem
1271 1519 1424 1573 primos
1450 1519 1632 1567 venisse3

279 1582 329 1622 de
366 1582 424 1622 eis
456 1595 550 1622 cum
581 1581 810 1621 dubitatum
840 1581 881 1620 in
914 1588 1058 1621 senatu
1088 1588 1215 1629 esset,
1252 1581 1562 1621 admitterentur
1592 1580 1633 1619 in

279 1643 423 1683 urbem
452 1657 598 1692 necne,
636 1644 692 1683 ita
728 1643 931 1682 admissos
969 1657 1079 1691 esse,
1117 1657 1168 1682 ne
1205 1649 1342 1683 tamen
1377 1642 1426 1682 iis
1465 1648 1630 1682 senatus

281 1705 455 1745 daretur.
502 1704 752 1745 morantibus
774 1705 920 1744 deinde
939 1704 1101 1758 longius
1128 1704 1309 1744 omnium
1337 1718 1409 1758 spe
1434 1703 1535 1748 alios
1561 1704 1633 1744 tris

280 1767 446 1821 insuper
469 1767 626 1821 legatos
654 1767 834 1815 venisse,
861 1767 913 1806 L.
937 1765 1198 1807 Scribonium
1225 1774 1263 1806 et
1290 1765 1338 1806 C.
1365 1765 1633 1820 Calpurnium

282 1835 320 1868 et
339 1829 392 1869 L.
414 1828 616 1868 Manlium
626 1845 635 1877 3
663 1838 747 1868 tum
775 1828 940 1868 demum
966 1827 1017 1868 ab
1034 1834 1219 1882 'cognato
1241 1826 1447 1869 Scribonii
1472 1827 1634 1868 tribuno

279 1890 410 1944 plebis
437 1891 486 1930 dc
511 1891 758 1931 redimendis
786 1890 957 1944 captivis
982 1890 1154 1930 relatum
1180 1904 1291 1938 esse,
1323 1903 1398 1929 nec
1423 1889 1633 1929 censuisse

280 1952 538 1992 redimendos
566 1960 771 2001 senatum,
799 1959 838 1992 et
862 1967 991 1993 novos
1011 1952 1169 2006 legatos
1191 1952 1262 1992 tris
1283 1952 1334 1991 ad
1354 1951 1632 1991 Hannibalem

280 2014 515 2063 revertisse,
553 2014 696 2054 decem
727 2021 884 2054 veteres
912 2014 1180 2062 remansisse,
1219 2013 1328 2066 quod
1359 2027 1432 2067 per
1467 2027 1633 2053 causam

281 2076 602 2130 recognoscendi
632 2076 798 2116 nomina
829 2076 1082 2129 captivorum
1114 2076 1166 2115 ad
1191 2074 1470 2115 Hannibalem
1496 2089 1546 2114 ex
1570 2074 1634 2114 itia

281 2151 375 2177 nere
400 2137 577 2191 regressi
602 2137 799 2192 religione
826 2151 916 2177 sese
948 2137 1238 2185 exsolvissent3
1276 2136 1326 2176 de
1356 2136 1406 2176 iis
1437 2136 1634 2176 dedendis

281 2214 431 2253 magna
456 2199 713 2239 contentione
740 2206 875 2239 actum
901 2199 942 2239 in
963 2205 1106 2239 senatu
1125 2213 1234 2247 esse,
1262 2198 1474 2251 victosque
1493 2197 1635 2251 paucis

282 2260 491 2300 sententiis
517 2261 588 2313 qui
607 2261 816 2308 dedendos
837 2261 1086 2309 censuerint,
1114 2267 1293 2300 ceterum
1312 2260 1522 2314 proxumis
1543 2274 1636 2299 cen-

283 2323 441 2364 soribus
473 2324 576 2364 adeo
608 2324 797 2365 omnibus
828 2325 935 2365 notis
966 2324 1269 2378 ignominisque
1296 2323 1504 2363 confectos
1531 2337 1634 2370 esse,

282 2391 327 2425 ut
351 2386 517 2438 quidam
543 2401 683 2426 eorum
709 2394 881 2427 mortem
908 2386 984 2427 sibi
1008 2386 1088 2440 ipsi
1113 2385 1318 2439 extemplo
1346 2384 1633 2433 ‚consciverinss

282 2447 403 2486 ceteri
427 2462 509 2487 non
535 2448 623 2488 foro
650 2448 782 2489 solum
807 2449 917 2488 omni
943 2448 1088 2488 deinde
1108 2448 1209 2496 vita,
1237 2447 1309 2487 sed
1328 2461 1454 2500 prope
1473 2446 1563 2486 luce
1589 2460 1635 2485 ac

284 2507 447 2561 publico
484 2510 697 2550 caruerint.
758 2510 895 2550 mirari
936 2509 1068 2563 magis
1112 2509 1215 2549 adeo
1258 2508 1490 2562 discrepare
1531 2507 1635 2547 inter

284 2576 486 2617 auctores,
514 2585 636 2623 quam
663 2571 760 2624 quid
785 2571 871 2611 veri
897 2571 948 2611 sit
973 2571 1203 2611 discernere
1229 2584 1368 2622 queas.

370 2630 535 2682 Quanto
567 2640 703 2672 autem
734 2634 862 2673 maior
893 2648 940 2673 ea
971 2632 1107 2673 clades
1141 2631 1417 2685 superioribus
1451 2628 1632 2670 cladibus

286 2691 424 2740 suerit,
451 2693 515 2733 vel
542 2708 587 2733 ca
613 2709 676 2734 res
702 2694 852 2734 indicio
880 2692 978 2747 [osa
1005 2694 1116 2746 quod
1134 2693 1236 2733 fides
1258 2690 1501 2745 socio]rum‚
1529 2703 1632 2742 quae
