1815 3184
221 507 239 535 [ὓ

246 506 262 534 lv

244 1182 262 1211 10

243 2535 261 2564 9

292 259 374 300 260
611 266 764 300 LIBER
789 267 912 309 XXV,
939 266 992 300 38.
1013 267 1066 301 39.
1096 269 1144 310 [a.
1158 279 1191 300 u.
1211 278 1239 301 e.
1253 267 1335 311 542]

289 370 409 424 primi
444 375 617 423 possunt
652 368 803 409 hostes.
870 369 949 409 alia
984 368 1079 410 belli
1115 370 1283 424 gerendi
1317 370 1384 410 via
1420 371 1531 412 nulla
1565 380 1639 414 est.

289 431 456 485 proinde
481 431 581 470 nihil
611 437 771 485 practer
800 431 930 471 noctis
962 432 1171 485 proximae
1202 431 1547 485 opportunitatem
1571 449 1640 474 ex-

247 514 251 518 ·
289 499 513 546 pectemus.
573 492 628 533 ite
659 493 746 533 deis
779 492 882 533 bene
913 493 1167 542 iuvantibus,
1206 508 1375 547 corpora
1405 500 1560 543 curate,
1597 502 1643 535 ut

287 555 435 608 integri
471 554 738 609 rigentesque
776 555 919 595 eodem
956 555 1091 595 animo
1128 555 1170 595 in
1201 564 1333 596 castra
1368 554 1547 595 hostium
1582 556 1643 595 in-

287 616 504 669 rumpatis,
532 630 612 668 quo
637 622 774 656 vestra
799 616 916 656 tutati
942 615 1064 656 estis.5

371 677 494 718 Laeti
531 684 570 717 et
607 671 834 718 audire'ab
869 692 977 718 novo
1015 678 1118 718 duce
1148 692 1301 718 novum
1332 678 1564 728 consilium,
1603 686 1642 719 et

285 752 366 791 quo
404 738 598 778 audacius
639 745 723 778 erat
763 738 895 792 magis
937 738 1137 792 placebat.
1218 739 1419 792 reliquum
1457 740 1537 780 diei
1573 755 1643 780 ex-

285 800 497 853 pediendis
537 800 659 840 armis
697 807 737 840 et
773 800 980 840 curatione
1022 815 1238 854 corporum
1279 808 1567 855 consumptum
1604 809 1643 843 et

286 861 414 902 maior
440 876 534 915 pars
560 862 690 902 noctis
716 861 842 914 quieti
868 862 961 902 data
987 868 1060 902 est.
1109 869 1253 914 quarta
1277 862 1417 917 vigilia
1441 877 1617 904 movere.

372 923 664 964 XXXVIIII.
741 923 872 963 Erant
914 923 1019 964 ultra
1053 938 1254 977 proxuma
1291 931 1423 965 castra
1460 939 1532 965 sex
1568 925 1643 965 mi-

287 984 386 1025 lium
417 985 629 1025 intervallo
666 985 865 1025 distantes
903 985 1005 1025 aliae
1037 985 1176 1039 copiae
1207 985 1454 1026 Poenorum.
1514 986 1641 1027 valles

287 1060 388 1086 cava
412 1046 621 1094 intererat,
661 1046 867 1087 condensa
897 1045 1123 1087 arboribus.
1183 1046 1225 1086 in
1254 1046 1374 1087 huius
1408 1047 1534 1087 silvae
1558 1062 1643 1087 me-

288 1109 355 1148 dio
387 1107 515 1149 ferme
547 1108 678 1162 spatio
709 1108 855 1149 cohors
887 1108 1076 1148 Romana
1106 1116 1191 1148 arte
1221 1108 1380 1149 Punica
1411 1108 1572 1149 abditur
1603 1116 1642 1149 et

289 1170 459 1222 equites.
548 1170 604 1210 ita
651 1170 785 1211 medio
832 1170 975 1210 itinere
1022 1170 1246 1224 intercepto
1294 1176 1452 1211 ceterae
1501 1171 1641 1224 copiae

287 1231 420 1272 silenti
469 1231 631 1285 agmine
680 1231 733 1272 ad
785 1231 993 1285 proximos
1043 1231 1172 1271 hostis
1227 1231 1373 1271 ductae
1421 1238 1481 1280 et,
1549 1246 1642 1271 cum

287 1292 406 1333 statio
442 1293 554 1333 nulla
590 1307 664 1346 pro
700 1293 827 1346 portis
864 1307 996 1345 neque
1033 1293 1074 1332 in
1110 1292 1217 1332 vallo
1249 1292 1458 1333 custodiae
1491 1300 1640 1341 essent,

287 1353 397 1394 velut
428 1354 470 1394 in
496 1369 570 1394 sua
602 1361 734 1394 castra
763 1354 874 1394 nullo
906 1369 1080 1407 usquam
1111 1353 1334 1394 obsistente
1364 1360 1640 1408 penetravere.

285 1415 379 1455 inde
417 1415 535 1470 signa
571 1423 721 1456 canunt
758 1422 797 1456 et
832 1416 984 1455 tollitur
1020 1415 1184 1455 clamor.
1244 1430 1339 1469 pars
1372 1416 1640 1456 semisomnos

286 1477 414 1517 hostis
451 1477 643 1526 caedunt,
687 1492 780 1531 pars
817 1477 934 1531 ignes
972 1477 1077 1517 casis
1117 1483 1338 1516 stramento
1375 1476 1487 1516 arido
1524 1477 1641 1517 tectis

285 1539 472 1587 iniciunt,
521 1553 614 1592 pars
652 1545 791 1591 portas
830 1544 1048 1591 occupant,
1098 1544 1142 1577 ut
1178 1537 1321 1592 fugam
1356 1537 1639 1579 intercludant.

285 1600 582 1641 hostesvsimul
618 1599 743 1652 ignis,
782 1599 952 1647 clamor,
991 1599 1137 1640 caedes
1174 1600 1285 1639 velut
1320 1599 1517 1640 alienatos
1550 1614 1641 1641 sen-

288 1662 400 1703 sibus
437 1676 512 1702 nec
549 1662 689 1701 audire
732 1675 807 1701 nec
844 1661 1058 1715 providere
1101 1661 1320 1714 quicquam
1363 1661 1512 1702 sinunt.
1582 1661 1644 1701 in-

286 1725 425 1765 cidunt
455 1724 630 1764 inermes
662 1723 766 1763 inter
797 1731 981 1763 catervas
1020 1730 1280 1763 armatorum.
1342 1723 1409 1763 alii
1438 1729 1560 1763 ruunt
1591 1723 1643 1763 ad

284 1792 445 1840 portas,
496 1785 563 1825 alii
604 1783 811 1838 obsaeptis
856 1784 1069 1824 itineribus
1118 1799 1241 1838 super
1283 1784 1435 1824 vallum
1480 1784 1640 1825 saliunt.

285 1854 324 1888 et
349 1854 393 1887 ut
418 1846 592 1899 quisque
619 1853 821 1894 evaserat,
859 1846 1044 1900 protinus
1071 1846 1123 1886 ad
1153 1852 1287 1886 castra
1311 1846 1438 1886 altera
1462 1846 1639 1900 fugiunt,

284 1909 355 1949 ubi
391 1908 441 1949 ab
485 1908 649 1949 cohorte
692 1914 731 1948 et
767 1907 971 1961 equitibus
1016 1923 1066 1948 ex
1108 1908 1267 1949 occulto
1309 1908 1641 1962 procurrentibus

286 1970 552 2011 circumventi
588 1969 778 2022 caesique
811 1969 863 2010 ad
893 1984 1020 2009 unum
1052 1984 1194 2010 omnes
1228 1976 1340 2018 sunt,
1378 1984 1640 2022 quamquam,

285 2032 445 2073 etiamsi
469 2032 560 2084 quis
586 2046 637 2071 ex
663 2046 710 2071 ea
736 2031 859 2071 caede
886 2031 1118 2085 effugisset,
1157 2031 1259 2071 adeo
1291 2031 1439 2084 raptim
1464 2046 1486 2071 a
1513 2031 1641 2085 captis

284 2093 541 2149 propioribus
578 2092 722 2133 castris
759 2092 801 2132 in
836 2092 961 2133 altera
998 2100 1279 2133 transcursum
1315 2098 1448 2133 castra
1479 2091 1530 2133 ab
1556 2093 1640 2133 Ro-

285 2156 416 2196 manis
449 2162 527 2204 est,
565 2161 610 2195 ut
640 2154 877 2208 praevenire
906 2155 1072 2195 nuntius
1107 2154 1233 2195 cladis
1264 2169 1347 2194 non
1373 2160 1526 2208 posset.
1586 2154 1643 2195 ibi

284 2232 398 2265 vero,
437 2231 518 2269 quo
548 2216 709 2270 longius
756 2215 807 2256 ab
844 2215 960 2256 hoste
998 2216 1167 2257 aberant
1204 2223 1243 2256 et
1275 2216 1371 2269 quia
1402 2215 1478 2256 sub
1509 2215 1642 2257 lucem

284 2278 524 2333 pabulatum
571 2277 858 2332 lignatumque
907 2284 946 2318 et
994 2278 1235 2332 praedatum
1282 2277 1449 2330 quidam
1496 2277 1643 2331 dilapsi

284 2342 463 2389 fuerant,
501 2339 688 2394 neglecta
713 2340 845 2394 magis
871 2339 1007 2380 onmia
1041 2354 1088 2380 ac
1120 2339 1253 2380 soluta
1276 2339 1487 2388 invenere,
1531 2355 1643 2380 arma

285 2407 442 2441 tantum
478 2401 519 2441 in
556 2400 797 2441 stationibus
834 2401 986 2454 posita,
1033 2401 1181 2441 milites
1217 2401 1392 2441 inermes
1431 2407 1500 2441 aut
1529 2400 1643 2440 humi

288 2463 475 2503 sedentes
513 2461 841 2515 accubantesque
888 2470 959 2503 aut
1001 2462 1312 2503 obambulantes
1355 2470 1448 2503 ante
1489 2462 1642 2503 vallum

292 2531 523 2577 portasque.
590 2539 682 2564 cum
714 2524 777 2564 his
809 2530 892 2564 tam
929 2524 1082 2565 securis
1121 2524 1345 2577 solutisque
1370 2524 1546 2565 Romani
1577 2538 1643 2564 ca-

286 2585 407 2625 lentis
444 2586 578 2626 adhuc
609 2585 660 2626 ab
690 2586 842 2626 recenti
877 2600 1017 2641 pugna
1048 2586 1287 2639 ferocesque
1323 2586 1491 2627 victoria
1525 2599 1641 2639 proe-

289 2645 386 2686 lium
419 2647 570 2687 ineunt.
642 2647 779 2700 itaque
809 2662 1069 2701 nequaquam
1099 2647 1235 2688 resisti
1264 2647 1306 2687 in
1339 2647 1466 2700 portis
1497 2645 1637 2699 potuit.
