1815 3184
537 219 686 253 LIBER
711 219 840 263 xxx,
867 219 921 253 33.
949 222 997 262 [a.
1014 218 1146 262 0202]
1443 206 1523 248 517

182 322 375 363 sinissam
398 323 680 376 Numidasque
711 324 763 364 ab
794 323 937 364 dextro
968 322 1172 377 opposuit.
1233 321 1320 362 vias
1346 319 1523 375 patentis
1551 331 1569 361 3

180 384 285 425 inter
309 385 540 440 manipulos
567 384 931 440 antesignanorum
955 384 1145 426 velitibus
1171 409 1202 412 —
1228 399 1276 424 ea
1300 391 1397 423 tunc
1421 381 1524 423 levis

180 454 386 488 armatura
421 455 509 488 erat
531 472 564 476 —
589 447 826 503 complevit,
871 447 966 488 dato
1001 453 1241 502 praecepto,
1284 453 1329 486 ut
1364 445 1416 486 ad
1450 444 1526 485 im-

179 516 320 563 petum
345 508 657 563 elephantorum
682 516 752 550 aut
774 515 870 563 post
894 509 1070 550 directos
1100 509 1337 563 refugerent
1361 506 1524 548 ordines

181 579 250 612 aut
278 571 320 613 in
351 572 538 613 dextram
564 572 806 626 laevamque
837 571 1026 612 discursu
1057 571 1310 626 adplicantes
1342 585 1386 611 se
1412 576 1525 610 ante-

181 633 363 687 signanis
401 634 527 683 viam,
577 649 657 687 qua
691 634 901 674 inruerent
934 633 977 674 in
1013 633 1206 688 ancipitia
1246 632 1345 681 tela,
1392 631 1524 672 beluis

180 696 335 736 darent.
390 696 603 737 Hannibal
627 696 679 737 ad
703 703 900 737 terrorem
923 695 1078 751 primos
1104 695 1344 751 elephantos
1362 720 1395 723 —
1413 701 1525 735 octo-
1551 705 1571 734 4

179 758 294 813 ginta
326 766 462 800 autem
492 767 625 810 erant,
663 766 762 813 quot
790 759 903 799 nulla
932 772 1127 812 umquam
1156 759 1199 799 in
1224 757 1309 799 acie
1336 765 1428 799 ante
1453 756 1526 797 ha-

179 822 325 862 buerat
348 846 381 850 -
404 821 616 871 instruxit,
648 821 795 863 deinde
822 821 973 862 auxilia
997 821 1202 876 Ligurum
1229 819 1525 872 Gallorumque
1550 830 1569 858 5

178 884 422 924 Balearibus
446 884 691 938 hIaurisque
717 884 928 932 admixtis3
965 883 1007 923 in
1033 884 1214 924 secunda
1238 883 1323 924 acie
1350 881 1526 923 Cartha-

178 945 377 1000 giniensis
418 946 629 999 Afrosque
679 953 719 987 et
760 945 1042 986 Macedonum
1086 945 1315 1000 legionem;
1363 944 1524 985 modico
1552 953 1569 982 6

179 1007 327 1048 deinde
363 1007 578 1048 intervallo
614 1008 756 1048 relicto
793 1006 1081 1048 subsidiariam
1124 1006 1254 1047 aciem
1287 1006 1526 1047 Italicorum

178 1069 353 1109 militum
376 1094 410 1098 —
432 1069 585 1110 Bruttii
608 1068 792 1123 plerique
818 1076 951 1117 erant,
977 1067 1018 1108 vi
1043 1081 1090 1108 ac
1115 1067 1361 1109 necessitate
1385 1067 1524 1122 plures

179 1145 301 1183 quam
338 1146 414 1171 sua
449 1131 658 1172 voluntate
696 1129 963 1170 decedentem
1004 1143 1056 1169 ex
1090 1129 1213 1170 Italia
1254 1129 1383 1170 secuti
1407 1153 1440 1157 —
1464 1128 1525 1168 in-

179 1192 338 1233 struxit.
376 1192 601 1245 equitatum
627 1198 667 1232 et
690 1191 778 1246 ipse
805 1190 1072 1231 circumdedit
1097 1190 1307 1239 cornibus3
1335 1190 1525 1231 dextrum
1553 1202 1569 1229 7

179 1251 555 1308 Carthaginiensis,
582 1253 794 1293 sinistrum
816 1252 1020 1293 Numidae
1046 1259 1278 1293 tenuerunt.

260 1315 390 1358 Varia
425 1315 654 1357 adhortatio
693 1322 781 1356 erat
815 1315 858 1355 in
888 1314 1071 1355 exercitu
1099 1314 1205 1355 inter
1234 1321 1294 1356 tot
1323 1313 1524 1362 homines,
1551 1324 1569 1354 8

178 1377 325 1431 quibus
356 1392 440 1418 non
470 1377 629 1432 lingua,
666 1392 750 1418 non
779 1392 890 1427 mos,
926 1392 1009 1418 non
1039 1377 1125 1426 lex,
1162 1392 1245 1418 non
1276 1391 1406 1426 arma,
1442 1390 1527 1417 non

177 1440 350 1481 vestitus
388 1439 653 1493 habitusque,
702 1455 786 1480 non
821 1453 947 1480 causa
981 1438 1183 1479 militandi
1220 1438 1365 1479 eadem
1401 1445 1523 1479 esset.

179 1501 444 1542 auxiliaribus
470 1509 510 1543 et
534 1516 730 1556 praesens
757 1508 798 1542 et
821 1500 1090 1555 multiplicata
1114 1515 1166 1541 ex
1189 1500 1344 1555 praeda
1367 1514 1524 1541 merces
1551 1511 1568 1541 9

178 1564 479 1613 ostentabatur3
508 1563 619 1605 Galli
642 1563 807 1618 proprio
833 1571 954 1616 atque
978 1562 1101 1604 insito
1125 1562 1169 1604 in
1191 1563 1403 1603 Romanos
1431 1562 1524 1603 odio

179 1625 474 1675 accenduntur3
505 1625 733 1680 Liguribus
760 1625 894 1680 campi
918 1625 1065 1666 uberes
1091 1624 1236 1666 Italiae
1262 1624 1447 1666 deductis
1473 1639 1525 1665 ex

179 1688 426 1743 asperrumis
452 1688 659 1729 montibus
685 1687 726 1728 in
752 1702 868 1742 spem
889 1686 1081 1728 victoriae
1101 1694 1376 1736 ostentantur3
1401 1686 1525 1727 Mau·
1553 1700 1592 1729 10

177 1765 244 1791 ros
281 1750 564 1804 Numidasque
600 1749 853 1791 Masinissae
894 1749 1096 1805 inpotenti
1138 1749 1275 1790 futuro
1312 1748 1524 1790 dominatu

178 1819 349 1861 terrent3
398 1812 502 1853 aliae
539 1811 627 1853 aliis
665 1826 759 1867 spes
797 1826 845 1853 ac
880 1819 1014 1852 metus
1050 1811 1265 1853 iactantur.
1348 1809 1524 1853 Cartha·
1552 1824 1585 1852 11

176 1874 433 1929 giniensibus
464 1875 627 1915 moenia
656 1874 806 1929 patria,
845 1874 885 1914 di
914 1881 1105 1929 penates,
1148 1873 1367 1929 sepulchra
1395 1874 1524 1915 maio-

175 1950 285 1985 rum,
311 1936 429 1977 liberi
454 1951 546 1977 cum
570 1937 810 1992 parentibus
836 1937 1115 1991 coniugesque
1139 1936 1332 1991 pavidae,
1359 1943 1429 1977 aut
1453 1951 1524 1976 ex-

177 1998 329 2038 cidium
361 1998 653 2052 servitiumque
685 2007 754 2040 aut
782 1999 1000 2053 imperium
1025 1998 1135 2040 orbis
1167 2006 1384 2048 terrarum,
1421 1997 1522 2038 nihil

177 2067 247 2099 aut
270 2059 312 2100 in
336 2067 492 2100 metum
517 2068 587 2101 aut
610 2060 652 2101 in
678 2075 794 2116 spem
819 2060 1019 2110 medium,
1046 2067 1314 2102 ostentantur.

262 2119 371 2161 Cum
400 2122 578 2162 maxime
610 2122 712 2163 haec
741 2122 962 2177 imperator
1000 2122 1109 2177 apud
1141 2120 1521 2177 Cai·thaginienseS‚
1551 2136 1589 2165 12

177 2183 303 2224 duces
331 2198 497 2224 suarum
522 2184 707 2238 gentium
731 2184 836 2224 inter
865 2184 1104 2239 populares,
1141 2184 1336 2238 pleraque
1365 2198 1439 2239 per
1463 2184 1524 2225 in-

177 2252 374 2299 terpretes
400 2245 506 2286 inter
528 2245 732 2287 immistos
758 2246 999 2300 alienigenis
1026 2254 1178 2301 ageret,
1204 2247 1326 2288 tubae
1353 2261 1524 2288 cornua-

177 2320 254 2359 que
281 2307 332 2347 ab
356 2307 556 2348 Romanis
588 2307 840 2357 cecinerunt,
879 2316 1098 2361 tantusque
1131 2308 1284 2350 clamor
1309 2316 1441 2358 ortuS,
1478 2316 1523 2350 ut
1549 2324 1588 2354 13

176 2368 383 2424 elephanti
424 2370 467 2410 in
509 2385 605 2411 suos
655 2370 819 2412 sinistro
867 2371 1045 2412 maxime
1086 2385 1213 2412 cornu
1254 2378 1521 2422 verterentur,

175 2430 348 2472 Mauros
380 2446 428 2473 ac
456 2432 671 2474 Numidas.
733 2432 890 2474 addidit
919 2433 1040 2475 facile
1064 2433 1292 2475 Masinissa
1320 2434 1520 2489 perculsis

175 2501 370 2535 terrorem
402 2495 653 2548 nudavitque
685 2496 737 2536 ab
768 2510 817 2536 ea
845 2503 962 2551 parte
993 2495 1123 2537 aciem
1152 2497 1332 2550 equestri
1356 2496 1520 2538 auxilio.

174 2570 333 2610 paucae
356 2563 493 2597 tamen
517 2557 742 2599 bestiarum
766 2558 994 2613 intrepidae
1022 2558 1066 2599 in
1090 2558 1251 2600 hostem
1278 2566 1392 2600 actae
1415 2559 1521 2601 inter
1547 2574 1588 2604 14

175 2618 343 2659 velitum
386 2619 550 2661 ordines
593 2634 686 2661 cum
722 2620 859 2661 multis
905 2620 989 2661 suis
1032 2620 1269 2663 vulneribus
1311 2621 1520 2677 ingentem

175 2688 356 2736 stragem
381 2681 569 2723 edebant.
630 2682 858 2724 resilientes
885 2683 994 2725 enim
1023 2683 1075 2724 ad
1104 2683 1335 2740 manipulos
1361 2684 1518 2736 velites,
1547 2700 1587 2730 15
