1815 3184
450 244 605 279 LIBER
629 245 835 290 xxvnn,
861 245 916 280 31.
935 245 990 279 32.
1018 244 1217 288 [a.C.204]
1431 236 1514 277 475

153 349 332 404 praedae
365 363 487 401 quam
517 348 624 389 inter
653 348 854 390 Numidas
887 356 928 389 et
956 348 1217 389 latrocinium
1247 348 1373 388 tutius
1413 355 1512 388 erat.

153 411 318 463 iamque
356 411 459 451 adeo
496 411 666 451 licenter
702 411 941 459 eludebant,
978 419 1024 450 ut
1061 411 1114 450 ad
1149 425 1262 450 mare
1299 410 1514 450 devectam

154 473 351 527 praedam
382 473 610 512 venderent
640 472 938 513 mercatoribus
971 471 1274 526 appellentibus
1306 487 1434 512 naves
1461 471 1514 511 ad

153 534 195 573 id
225 534 362 588 ipsum
397 534 620 588 pluresque
658 548 780 586 quam
817 533 925 574 iusto
964 549 1087 588 saepe
1118 534 1160 573 in
1197 534 1304 574 bello
1338 532 1514 574 Cartha-

151 595 363 651 ginienses
396 596 590 636 caderent
620 604 959 650 caperenturque.
1022 596 1295 650 deplorabant
1331 611 1379 637 ea
1415 603 1513 650 aput

157 656 393 711 Syphacem
421 656 790 712 Carthaginienses
816 657 1115 710 incensumque
1146 666 1187 698 et
1210 658 1347 713 ipsum
1374 659 1426 698 ad
1449 673 1514 698 re-

155 718 302 770 liquias
336 718 431 759 belli
460 720 770 773 persequendas
802 719 1069 774 instigabant.
1144 720 1217 760 sed
1249 721 1318 760 vix
1352 719 1513 775 regium

156 779 372 819 videbatur
395 780 598 821 latronem
624 796 778 835 vagum
801 781 844 820 in
869 781 1079 821 montibus
1107 781 1348 822 consectari.

239 841 444 882 XXXII.
504 843 644 882 Bucar
675 857 725 882 ex
754 842 977 897 praefectis
1007 845 1137 897 regis,
1175 843 1237 883 vir
1269 858 1362 884 acer
1388 850 1428 884 et
1452 843 1514 883 in-

154 903 289 957 piger,
329 904 381 943 ad
411 903 453 943 id
484 904 687 952 delectus,
733 912 774 944 et
804 905 901 944 data
932 912 1125 957 quattuor
1166 905 1280 945 milia
1313 905 1513 959 peditum,

155 965 235 1005 duo
273 965 474 1017 equitum3
523 965 883 1019 praemiorumque
915 966 1074 1020 ingenti
1111 982 1184 1021 spe
1215 976 1429 1015 oneratus,
1479 967 1513 1007 si

154 1034 277 1080 caput
300 1026 554 1067 Blasinissae
590 1027 818 1067 rettulisset
844 1034 914 1067 aut
945 1028 1086 1067 vivum
1104 1028 1198 1068 —id
1222 1043 1320 1069 vero
1345 1029 1514 1069 inaesti-

153 1088 303 1128 mabile
328 1088 527 1142 gaudium
552 1088 640 1128 fore
659 1112 691 1116 —
713 1088 910 1141 cepisset,
937 1089 1098 1143 palatos
1119 1090 1325 1131 incuriose
1351 1091 1512 1145 agentis

151 1149 362 1203 inproviso
401 1149 586 1198 adortus,
624 1164 821 1204 pecorum
858 1150 1154 1203 hominumque
1186 1152 1345 1206 ingenti
1377 1153 1514 1192 multi-

152 1210 292 1250 tudine
318 1225 342 1250 a
360 1211 567 1265 praesidio
595 1219 845 1252 armatorum
865 1212 1052 1261 exclusa,
1078 1212 1353 1253 blasinissam
1377 1213 1514 1268 ipsum

151 1286 246 1312 cum
279 1273 424 1327 paucis
460 1274 503 1314 in
540 1273 738 1314 verticem
773 1274 926 1314 montis
959 1275 1180 1330 compellit.
1251 1275 1347 1315 inde
1384 1290 1512 1330 prope

151 1335 232 1375 iam
257 1344 302 1375 ut
327 1336 550 1385 debellato,
577 1350 653 1376 nec
677 1337 833 1390 praeda
857 1337 980 1377 modo
1000 1352 1197 1392 pecorum
1217 1337 1512 1390 hominumque

152 1404 365 1451 captorum
392 1398 519 1438 missa
545 1398 597 1438 ad
621 1413 782 1452 regem,
811 1399 885 1438 sed
909 1399 1052 1453 copiis,
1078 1408 1124 1439 ut
1150 1400 1359 1452 aliquanto
1384 1400 1514 1440 maio-

151 1458 265 1497 ribus
303 1473 427 1511 quam
462 1475 537 1513 pro
573 1460 740 1512 reliquis
781 1460 894 1509 belli,
932 1461 1137 1510 remissis,
1176 1476 1269 1501 cum
1303 1460 1366 1516 [m]
1401 1461 1512 1501 haud

153 1519 328 1574 amplius
354 1520 563 1574 peditibus
590 1521 860 1575 ducentisque
893 1523 1100 1575 equitibus
1133 1523 1378 1578 degressum
1402 1523 1511 1577 iugis

151 1582 425 1623 AMasinissam
455 1591 718 1637 persecutus,
758 1585 801 1624 in
833 1585 938 1624 valle
971 1593 1060 1626 arta
1090 1586 1280 1626 faucibus
1305 1586 1512 1639 utrimque

152 1644 367 1698 oppositus
393 1645 576 1694 inclusit,
608 1645 680 1686 ubi
704 1646 851 1700 ingens
879 1647 1026 1687 caedes
1052 1647 1355 1689 RIaesuliorum
1380 1648 1510 1687 facta:

1542 423 1577 452 ll

1539 1103 1557 1132 2

1539 1289 1557 1317 3

1537 1476 1557 1504 4

151 1706 380 1747 Masinissa
405 1721 498 1747 cum
530 1708 829 1762 quinquaginta
859 1708 971 1748 haud
1003 1710 1178 1763 amplius
1205 1710 1412 1762 equitibus
1437 1725 1511 1764 per
1538 1724 1556 1751 5

152 1769 360 1809 anfractus
399 1769 550 1810 montis
582 1770 746 1824 ignotos
781 1771 1049 1823 sequentibus
1082 1786 1126 1811 se
1158 1772 1318 1826 eripuit.
1380 1771 1510 1812 tenuit

152 1839 289 1871 tamen
321 1831 497 1885 vestigia
526 1833 666 1872 Bucar
698 1832 955 1886 adeptusque
987 1848 1081 1873 eum
1111 1833 1348 1888 patentibus
1380 1848 1510 1888 prope

153 1891 356 1947 Clupeam
382 1895 526 1934 urbem
552 1893 708 1948 campis
734 1894 792 1934 ita
817 1894 1104 1944 circumvenit,
1135 1903 1181 1935 ut
1204 1903 1367 1950 praeter
1392 1903 1510 1948 quat-

153 1962 242 1995 tuor
268 1955 426 2007 equites
453 1970 595 1996 omnes
631 1956 682 1995 ad
713 1970 841 1996 unum
866 1956 1126 1997 interficeret.
1188 1971 1281 1997 cum
1310 1959 1345 1997 is
1371 1957 1509 2011 ipsum

151 2030 314 2069 quoque
346 2017 620 2058 blasinissam
653 2018 838 2058 saucium
874 2033 1003 2072 prope
1035 2033 1056 2059 e
1088 2019 1279 2059 manibus
1309 2019 1416 2059 inter
1446 2026 1509 2058 tu-

151 2078 326 2118 multum
351 2079 499 2120 amisit.
560 2080 603 2119 in
635 2088 860 2134 conspectu
892 2087 1008 2120 erant
1039 2081 1266 2135 fugientes3
1306 2081 1370 2121 ala
1396 2081 1509 2133 equi-

152 2148 238 2179 tum
265 2141 453 2195 dispersa
479 2149 564 2182 toto
591 2156 756 2196 campo,
795 2142 1044 2194 quibusdam
1074 2150 1120 2182 ut
1150 2150 1412 2183 occurrerent
1435 2157 1509 2196 per

151 2202 316 2254 obliqua
349 2203 633 2252 tendentibus,
672 2203 851 2256 quinque
877 2204 1018 2245 hostes
1052 2205 1313 2257 sequebatur.
1376 2203 1507 2244 amnis

151 2264 297 2317 ingens
324 2265 521 2319 fugientis
548 2266 752 2321 accepit-
771 2280 905 2319 neque
926 2266 1035 2306 enim
1058 2273 1314 2315 cunctanter,
1340 2273 1386 2305 ut
1405 2280 1508 2318 quos

151 2327 280 2367 maior
305 2336 439 2368 metus
459 2336 644 2383 urgeret,
670 2329 928 2369 immiserant
947 2344 1075 2382 equos
1090 2329 1324 2383 —raptique
1344 2329 1508 2383 gurgite

150 2389 190 2428 in
229 2390 441 2442 obliquum
477 2391 662 2445 praelati.
724 2391 885 2432 duobus
923 2391 965 2431 in
996 2401 1223 2446 conspectu
1254 2391 1436 2431 hostium
1466 2391 1507 2431 in

149 2452 440 2505 praerapidum
473 2453 679 2508 gurgitem
712 2453 871 2494 haustis
903 2453 992 2508 ipse
1023 2454 1183 2508 perisse
1214 2453 1407 2494 creditus.
1468 2461 1509 2494 at

151 2514 232 2554 duo
262 2514 410 2566 reliqui
441 2515 600 2568 equites
633 2530 727 2556 cum
752 2530 799 2556 eo
825 2515 930 2556 inter
957 2515 1135 2570 virgulta
1164 2515 1369 2556 ulterioris
1393 2515 1508 2570 ripae

150 2584 418 2617 emerserunt.
490 2577 525 2617 is
562 2577 655 2618 finis
691 2578 846 2618 Bucari
885 2578 1085 2630 sequendi
1120 2577 1199 2618 fuit
1234 2592 1311 2619 nec
1346 2577 1508 2632 ingredi

148 2638 301 2679 flumen
327 2654 428 2680 auso
454 2654 530 2680 nec
556 2639 708 2680 habere
735 2639 918 2680 credenti
944 2655 987 2680 se
1006 2640 1088 2680 iam
1109 2655 1233 2693 quem
1253 2647 1505 2693 sequeretur.

147 2700 242 2741 inde
269 2715 399 2742 vanus
433 2710 573 2743 auctor
605 2702 812 2757 absumpti
836 2702 1091 2743 Masinissae
1123 2703 1176 2743 ad
1206 2717 1348 2757 regem
1371 2702 1505 2752 rediit,

1536 2717 1574 2746 10
