1815 3184
304 238 384 279 166
606 245 761 279 LIBER
784 234 956 289 XXIIII,
983 246 1014 278 1.
1034 246 1066 278 2.
1094 247 1142 288 [a.
1158 257 1192 278 u.
1208 257 1238 280 c.
1252 246 1334 289 539]

300 348 494 404 praesidii
513 348 664 400 quique
701 361 794 387 cum
831 361 878 388 eo
916 347 1064 388 milites
1100 347 1280 388 Romani
1320 355 1434 389 erant
1475 349 1581 390 clam
1615 352 1658 391 in

300 417 463 465 portum
488 409 673 449 deductis
699 416 820 461 atque
845 408 1048 462 impositis
1078 409 1121 449 in
1144 409 1280 458 navis,
1317 416 1362 449 ut
1385 409 1564 464 Regium
1589 412 1658 453 de-

300 470 567 519 veherentur,
616 470 898 510 Hamilcarem
933 470 1181 523 Poenosque
1218 485 1266 511 ea
1303 471 1566 521 condicione,
1613 481 1658 514 ut

300 531 447 573 foedus
479 531 683 586 extemplo
715 531 856 584 aequis
887 531 1049 586 legibus
1081 532 1213 581 fieret,
1250 533 1293 572 in
1316 532 1461 574 urbem
1491 548 1658 588 accepe-

236 609 274 646 10
298 600 404 633 runt.
466 593 582 633 cuius
606 593 665 633 rei
689 607 816 647 prope
840 607 923 633 non
949 601 1110 634 servata
1140 594 1241 635 fides
1268 594 1415 635 deditis
1447 601 1526 643 est,
1565 609 1658 636 eum

298 654 464 695 Poenus
502 654 596 695 dolo
632 654 848 695 dimissum
884 654 1119 695 Romanum
1155 655 1381 705 incusaret,
1424 656 1657 697 Locrenses

234 733 271 762 11
298 715 534 770 profugisse
559 716 695 770 ipsum
722 726 999 757 causarentur.
1037 717 1211 758 insecuti
1230 717 1353 758 etiam
1373 718 1529 770 equites
1551 726 1658 768 sunt,

299 778 333 818 si
364 792 444 830 quo
476 792 575 819 casu
605 778 647 818 in
677 778 782 819 freto
815 785 953 819 aestus
985 779 1135 819 morari
1166 786 1236 819 aut
1266 779 1425 820 deferre
1461 794 1587 821 naves
1617 780 1661 820 in

299 846 448 879 terram
472 847 624 894 posset.
674 847 713 880 et
738 854 808 880 eos
833 839 1000 892 quidem
1025 854 1128 893 quos
1156 840 1432 893 sequebantur
1457 856 1539 882 non
1565 850 1660 883 sunt

298 901 454 955 adepti,
498 901 598 942 alias
630 917 654 942 a
683 900 884 942 Messana
914 901 1147 943 traicientes
1179 902 1285 943 freto
1315 902 1496 957 Regium
1532 899 1660 944 naves

234 974 272 1002 12
299 970 612 1017 conspexerunt.
672 963 821 1004 milites
854 971 968 1004 erant
999 963 1177 1004 Romani
1211 980 1234 1005 a
1267 963 1444 1005 Claudio
1473 972 1660 1019 praetore

298 1024 414 1065 missi
445 1026 497 1066 ad
528 1025 793 1067 obtinendam
818 1025 963 1066 urbem
988 1027 1205 1080 praesidio.
1267 1027 1405 1079 itaque
1429 1026 1564 1081 Regio
1589 1041 1660 1067 ex-

236 1099 272 1128 13
299 1086 451 1140 templo
477 1086 718 1128 abscessum
738 1094 811 1128 est.
855 1087 1138 1129 Locrensibus
1156 1088 1274 1128 iussu
1291 1087 1539 1128 Hannibalis
1565 1088 1661 1128 data

297 1162 397 1202 pax,
434 1156 478 1188 ut
503 1148 620 1189 liberi
646 1149 730 1189 suis
755 1148 918 1203 legibus
944 1149 1144 1199 viverent,
1182 1149 1280 1191 urbs
1311 1155 1468 1203 pateret
1491 1148 1658 1198 Poenis,

298 1217 441 1263 portus
472 1210 514 1250 in
543 1217 789 1265 potestatem
812 1210 1088 1251 Locrensium
1120 1218 1248 1259 esset,
1287 1211 1461 1251 societas
1493 1224 1540 1250 eo
1571 1210 1659 1250 iure

302 1278 444 1320 staret,
471 1278 514 1311 ut
538 1271 704 1312 Poenus
730 1272 986 1313 Locrensem
1010 1271 1319 1325 Locrensisque
1344 1271 1532 1313 Poenum
1556 1286 1658 1326 pace

301 1347 349 1373 ac
373 1332 481 1374 bello
505 1333 677 1374 iuvaret.
1354 1368 1359 1372 .

256 1407 271 1436 1
383 1393 441 1434 H.
504 1393 575 1435 Sic
610 1410 633 1435 a
670 1394 774 1435 freto
805 1394 937 1435 Poeni
971 1395 1130 1435 reducti
1165 1394 1435 1435 frementibus
1471 1394 1657 1443 Bruttiis,

299 1456 410 1509 quod
433 1455 613 1511 Regium
639 1471 685 1497 ac
711 1457 890 1505 Locros,
929 1471 1030 1509 quas
1056 1456 1178 1497 urbes
1205 1456 1434 1510 direpturos
1467 1470 1510 1496 se
1535 1455 1660 1496 desti-

298 1524 513 1567 naverant,
550 1518 724 1558 intactas
756 1518 1028 1570 reliquissent.
1088 1518 1226 1571 itaque
1258 1532 1331 1571 per
1367 1531 1410 1558 se
1446 1517 1527 1571 ipsi
1563 1531 1660 1557 con-

301 1579 462 1633 scriptis
488 1580 736 1632 armatisque
768 1579 992 1619 iuventutis
1026 1593 1124 1619 suae
1156 1579 1390 1632 quindecim
1415 1578 1581 1619 milibus
1607 1579 1660 1619 ad

301 1640 524 1681 Crotonem
549 1641 872 1695 oppugnandum
903 1648 1079 1694 pergunt
1110 1641 1186 1690 ire,
1226 1639 1430 1682 Graecam
1461 1647 1501 1680 et
1525 1640 1659 1694 ipsam

254 1716 271 1744 3
298 1701 442 1742 urbem
468 1709 507 1742 et
531 1702 798 1751 maritimam,
824 1702 1044 1756 plurimum
1071 1717 1333 1744 accessurum
1359 1701 1524 1756 opibus,
1559 1702 1593 1742 si
1617 1702 1658 1742 in

299 1778 368 1804 ora
392 1763 517 1805 maris
542 1763 686 1804 urbem
713 1778 759 1804 ac
785 1771 949 1818 portum
976 1764 1191 1805 moenibus
1218 1765 1395 1805 validam
1416 1764 1657 1812 tenuissent,

255 1839 273 1866 4
299 1825 523 1866 credentes.
585 1840 633 1866 ea
665 1840 761 1874 cura
793 1825 989 1880 angebat,
1033 1826 1143 1878 quod
1173 1841 1305 1879 neque
1336 1841 1419 1867 non
1450 1840 1658 1866 accersere

298 1887 349 1928 ad
374 1887 571 1927 auxilium
597 1887 760 1928 Poenos
788 1887 886 1928 satis
913 1886 1138 1936 audebant,
1175 1902 1227 1928 ne
1258 1888 1356 1940 quid
1387 1902 1469 1928 non
1493 1902 1566 1941 pro
1593 1901 1659 1927 so-

298 1949 370 1989 ciis
397 1949 531 2003 egisse
558 1949 811 1998 viderentur,
838 1956 896 1997 et,
931 1949 965 1989 si
989 1948 1155 1990 Poenus
1181 1964 1322 1990 rursus
1348 1949 1481 2003 magis
1507 1948 1658 1989 arbiter

297 2010 410 2064 pacis
437 2024 560 2063 quam
587 2011 748 2051 adiutor
771 2010 868 2051 belli
889 2010 1048 2059 fuisset,
1074 2025 1125 2051 ne
1145 2011 1187 2051 in
1205 2010 1434 2051 libertatem
1450 2009 1655 2059 Crotonis,

254 2086 272 2114 ὁ
300 2072 403 2112 sicut
428 2079 521 2112 ante
535 2072 784 2121 Locrorum,
811 2072 963 2113 frustra
986 2079 1251 2127 pugnaretur.
1294 2072 1431 2125 itaque
1457 2071 1657 2125 optimum

298 2133 433 2173 visum
454 2141 515 2174 est
535 2134 587 2174 ad
601 2133 881 2174 Hannibalem
901 2134 1006 2174 mitti
1027 2134 1185 2189 legatos
1211 2134 1427 2186 caverique
1448 2133 1498 2174 ab
1520 2148 1586 2182 eo,
1613 2139 1658 2173 ut

255 2208 272 2237 6
298 2202 486 2250 receptus
499 2194 625 2236 Croto
634 2196 889 2237 Bruttiorum
903 2203 1024 2237 esset.
1044 2195 1258 2237 Hannibal
1272 2210 1365 2236 cum
1378 2195 1657 2250 praesentium

298 2271 388 2297 eam
413 2258 754 2299 consultationem
774 2273 864 2299 esse
883 2258 1164 2312 respondisset
1185 2265 1222 2299 et
1243 2258 1295 2299 ad
1314 2258 1566 2298 Hannonem
1585 2271 1657 2297 eos

257 2333 271 2361 7
298 2319 518 2368 reiecisset,
545 2319 596 2361 ab
610 2319 818 2360 Hannone
838 2320 938 2360 nihil
958 2320 1056 2360 certi
1076 2320 1271 2362 ablatum.
1313 2334 1389 2361 nec
1409 2319 1518 2360 enim
1538 2319 1659 2372 diripi

298 2379 489 2421 volebant
507 2381 687 2423 nobilem
707 2388 830 2435 atque
845 2376 1081 2436 opulentam
1095 2381 1239 2423 urbem
1254 2388 1293 2422 et
1307 2381 1543 2436 sperabant,
1563 2395 1658 2420 cum

293 2441 484 2483 Bruttius
511 2450 785 2498 oppugnaret,
812 2443 976 2485 Poenos
1001 2458 1077 2484 nec
1102 2444 1275 2498 probare
1301 2457 1376 2484 nec
1400 2443 1539 2483 iuvare
1565 2456 1656 2483 eam

299 2505 646 2558 oppugnationem
670 2512 900 2560 appareret,
928 2521 976 2547 eo
1001 2506 1200 2547 maturius
1226 2506 1278 2546 ad
1304 2520 1348 2547 se
1373 2505 1619 2549 defecturos.

255 2580 273 2606 s
385 2565 565 2607 Crotone
594 2582 670 2608 nec
701 2568 919 2608 consilium
948 2583 1076 2608 unum
1105 2568 1211 2609 inter
1240 2568 1459 2622 populares
1485 2581 1561 2607 nec
1585 2580 1657 2606 vo-

300 2626 434 2685 luntas
471 2636 573 2668 erat:
612 2644 718 2671 unus
756 2630 868 2672 velut
898 2629 1065 2671 morbus
1096 2630 1302 2671 invaserat
1333 2643 1475 2670 omnes
1512 2627 1655 2668 Italiae

302 2687 505 2738 civitates,
543 2697 586 2730 ut
617 2691 759 2746 plebes
791 2691 842 2732 ab
874 2691 1138 2746 optimatibus
1170 2691 1451 2738 dissentirent,
1489 2693 1653 2730 senatus

254 1531 272 1560 10
