1815 3184
275 258 359 299 244
580 263 735 298 LIBER
760 263 889 307 XXV,
915 263 969 296 25.
992 263 1048 296 26.
1077 264 1125 306 [a.
1139 273 1174 297 u.
1189 263 1315 308 2542]

275 368 399 409 cellus
437 374 481 407 ut
505 365 736 421 Euryalum
771 380 904 419 neque
940 366 1045 406 tradi
1081 380 1214 419 neque
1245 367 1335 420 capi
1365 367 1466 407 vidit
1495 383 1629 422 posse,

272 430 377 469 inter
399 428 616 482 Neapolim
642 434 681 468 et
707 427 895 483 Tycham
918 452 952 456 —
974 428 1141 468 nomina
1172 442 1220 468 ea
1248 428 1426 482 partium
1456 429 1567 470 urbis
1593 439 1632 470 et

272 491 401 530 instar
431 489 594 530 urbium
626 496 719 530 sunt
743 489 938 544 -posuit
970 496 1120 538 castra,
1164 490 1332 538 timens,
1374 504 1444 539 ne,
1489 490 1523 530 si
1553 490 1633 531 fre-

273 552 438 605 quentia
463 552 655 592 intrasset
680 551 788 601 loca,
826 551 1024 592 contineri
1049 551 1099 592 ab
1125 552 1314 593 discursu
1344 553 1461 593 miles
1488 552 1632 593 avidus

230 629 247 657 6
272 614 448 667 praedae
475 628 556 653 non
580 621 732 667 posset.
793 613 919 668 legati
944 628 992 654 eo
1024 613 1075 654 ab
1102 613 1247 667 Tycha
1273 620 1312 654 et
1336 613 1509 668 Neapoli
1540 628 1633 654 cum

273 675 414 715 infulis
443 682 481 715 et
506 675 746 716 velamentis
773 682 972 716 venerunt
996 682 1230 729 precanteS,
1256 684 1301 716 ut
1326 692 1349 716 a
1374 675 1568 717 caedibus
1595 686 1634 716 et

231 752 247 779 7
274 736 325 776 ab
351 736 549 777 incendiis
574 745 820 791 parceretur.
859 737 909 777 de
935 751 1110 790 quorum
1135 737 1325 791 precibus
1351 752 1473 790 quam
1492 744 1634 792 postu-

272 797 365 838 latis
405 799 538 852 magis
577 799 747 839 consilio
784 798 924 839 habito
967 799 1192 840 Marcellus
1237 814 1288 840 ex
1324 800 1505 840 omnium
1543 814 1635 840 sen-

273 860 399 900 tentia
432 861 559 901 edixit
589 860 806 909 militibus,
843 875 894 901 ne
927 861 1018 914 quis
1049 860 1224 902 liberum
1262 876 1409 915 corpus
1447 861 1633 902 violaret:

229 934 248 964 8
274 929 408 962 cetera
448 923 626 976 praedae
669 922 819 963 futura.
893 930 1108 976 castraque
1151 923 1268 963 tectis
1317 924 1518 977 parietum
1558 938 1633 977 pro

273 998 390 1024 muro
429 991 584 1038 saepta.
651 985 780 1038 portis
816 985 984 1039 regione
1020 985 1246 1039 platearum
1283 985 1516 1039 patentibus
1553 991 1634 1026 sta-

273 1045 404 1085 tiones
430 1046 717 1099 praesidiaque
744 1047 960 1100 disposuit,
987 1062 1038 1088 ne
1063 1047 1154 1100 quis
1180 1047 1222 1087 in
1247 1047 1435 1087 discursu
1460 1046 1633 1086 militum

229 1119 247 1149 9
272 1107 449 1160 impetus
487 1107 529 1147 in
566 1116 700 1149 castra
735 1108 823 1148 fieri
858 1117 1010 1163 posset.
1070 1109 1165 1149 inde
1202 1109 1322 1163 signo
1361 1109 1454 1149 dato
1485 1108 1632 1148 milites

274 1168 571 1218 discurrerunt,
613 1169 882 1223 refractisque
918 1170 1075 1211 foribus
1109 1185 1202 1211 cum
1238 1170 1373 1210 onmia
1405 1176 1554 1210 terrore
1586 1184 1633 1210 ac

276 1230 454 1270 tumultu
490 1238 733 1285 streperent,
784 1247 807 1271 a
844 1231 1039 1272 caedibus
1078 1239 1215 1272 tamen
1251 1239 1520 1285 temperatum
1559 1239 1631 1280 est,

276 1292 429 1346 rapinis
455 1293 591 1333 nullus
618 1301 709 1334 ante
736 1294 881 1335 modus
908 1294 984 1334 fuit
1009 1309 1133 1347 quam
1164 1294 1299 1335 omnia
1330 1294 1521 1335 diuturna
1545 1293 1634 1335 fcli-

210 1368 251 1397 10
277 1354 397 1394 citate
434 1355 641 1395 cumulata
683 1355 792 1396 bona
828 1364 1080 1410 egesserunt.
1174 1356 1278 1396 inter
1319 1355 1420 1397 haec
1462 1364 1501 1396 et
1535 1356 1634 1396 Phi-

273 1415 479 1465 lodemus,
507 1431 600 1456 cum
627 1432 720 1470 spes
748 1418 873 1457 auxili
897 1418 1009 1457 nulla
1035 1424 1161 1466 esset,
1189 1417 1268 1458 fide
1294 1428 1479 1471 accepta,
1505 1426 1549 1457 ut
1574 1418 1634 1457 in-

274 1477 451 1519 violatus
488 1478 539 1519 ad
564 1478 783 1533 Epicyden
818 1479 985 1528 rediret,
1024 1480 1200 1520 deducto
1237 1480 1440 1533 praesidio
1472 1479 1634 1519 tradidit

210 1553 247 1581 11
277 1539 480 1580 tumulum
517 1540 730 1581 Romanis.
803 1541 957 1581 aversis
1001 1540 1191 1582 omnibus
1235 1541 1285 1582 ad
1328 1541 1547 1580 tumultum
1584 1555 1635 1581 ex

274 1614 388 1655 parte
426 1610 568 1656 captae
607 1602 720 1644 urbis
757 1603 965 1643 Bomilcar
1001 1610 1164 1643 noctem
1207 1618 1298 1643 cam
1340 1611 1504 1652 nactus,
1553 1617 1634 1656 qua

273 1670 438 1716 propter
462 1664 545 1703 vim
571 1665 826 1718 tempestatis
854 1672 960 1705 stare
986 1665 1038 1705 ad
1064 1679 1255 1706 ancoram
1280 1665 1322 1705 in
1343 1665 1428 1706 salo
1447 1665 1634 1705 Romana

209 1738 248 1767 12
275 1723 418 1764 classis
455 1740 537 1764 non
578 1734 744 1780 posset,
795 1741 888 1767 cum
931 1726 1096 1781 triginta
1138 1727 1319 1780 quinque
1362 1726 1536 1767 navibus
1584 1741 1635 1766 ex

273 1798 393 1839 portu
431 1784 694 1841 Syracusano
737 1788 946 1842 profectus
989 1788 1117 1829 libero
1161 1789 1263 1828 mari
1305 1788 1395 1829 vela
1430 1788 1472 1828 in
1509 1787 1634 1828 altum

274 1848 386 1888 dedit
411 1849 591 1902 quinque
619 1858 657 1891 et
683 1851 979 1906 quinquaginta
1005 1851 1179 1892 navibus
1205 1851 1419 1905 Epicydae
1445 1858 1484 1891 et
1511 1849 1635 1906 Syra-

209 1925 248 1954 13
274 1910 437 1951 cusanis
464 1911 635 1953 relictis:
673 1913 911 1966 edoctisque
938 1912 1372 1968 Carthaginiensibus,
1410 1913 1452 1952 in
1482 1919 1634 1965 quanto

272 1986 337 2012 res
376 1971 641 2027 Syracusana
677 1975 913 2016 discrimine
951 1982 1078 2024 esset,
1129 1990 1222 2016 cum
1261 1982 1424 2016 centum
1460 1973 1633 2015 navibus

273 2043 366 2087 post
401 2050 556 2089 paucos
594 2037 681 2077 dics
719 2038 842 2086 redit,
883 2037 1041 2087 multis,
1085 2044 1129 2078 ut
1165 2037 1277 2078 fama
1313 2043 1392 2086 est,
1430 2036 1547 2077 donis
1584 2050 1635 2076 ex

274 2095 471 2138 Hieronis
497 2114 602 2153 gaza
627 2099 678 2139 ab
703 2099 892 2154 Epicyde
919 2100 1107 2140 donatus.

233 2173 248 2201 1
360 2158 535 2200 XXVI.
595 2160 821 2202 Marcellus
848 2161 1032 2216 Euryalo
1062 2167 1226 2216 recepto
1251 2160 1539 2215 praesidioque
1565 2160 1635 2200 ad-

274 2220 358 2261 dito
385 2236 465 2262 una
491 2237 588 2263 cura
613 2230 697 2264 erat
722 2224 842 2273 liber,
880 2239 931 2264 ne
965 2239 1046 2277 qua
1076 2223 1127 2264 ab
1159 2230 1274 2278 tergo
1301 2223 1362 2264 vis
1388 2223 1569 2264 hostium
1593 2222 1634 2262 in

275 2297 410 2323 arcem
441 2292 609 2338 accepta
645 2285 824 2326 inclusos
856 2286 1143 2340 inpeditosque
1175 2284 1390 2326 moenibus
1424 2298 1520 2325 suos
1553 2291 1635 2323 tur-

231 2358 248 2387 2
274 2342 400 2384 baret.
460 2345 744 2387 Achradinam
775 2348 869 2387 inde
900 2347 1015 2388 trinis
1049 2347 1192 2387 castris
1224 2361 1297 2401 per
1325 2346 1473 2387 idonea
1498 2345 1635 2399 dispo-

275 2405 362 2446 sitis
399 2406 506 2456 loca,
553 2423 624 2462 spe
661 2409 713 2449 ad
749 2409 930 2463 inopiam
967 2409 1150 2449 omnium
1186 2423 1322 2449 rerum
1357 2407 1538 2448 inclusos
1573 2421 1635 2446 re-

234 2481 251 2510 3
277 2467 510 2519 dacturum,
559 2471 831 2512 circumsedit.
910 2486 1003 2512 cum
1044 2486 1118 2525 per
1160 2471 1313 2524 aliquot
1350 2470 1436 2510 dies
1475 2469 1634 2523 quietae

276 2530 470 2572 stationes
498 2533 687 2587 utrinque
713 2533 909 2583 fuissent,
947 2540 1114 2588 repente
1139 2533 1340 2573 adventus
1367 2531 1633 2586 Hippocratis

275 2598 313 2630 et
350 2591 597 2635 Himilconis
634 2602 679 2635 ut
720 2595 826 2636 ultro
862 2595 1043 2648 undique
1085 2601 1422 2649 oppugnarentur
1457 2591 1633 2633 Romani

231 2667 250 2694 4
276 2651 383 2692 fecit.
444 2670 540 2695 nam
577 2663 615 2696 et
652 2657 928 2710 Hippocrates
966 2657 1109 2697 castris
1146 2657 1198 2697 ad
1232 2670 1427 2709 magnum
1470 2659 1632 2707 portum

276 2717 535 2758 communitis
563 2718 762 2772 signoque
793 2719 842 2758 iis
868 2719 982 2766 dato,
1020 2718 1090 2770 qui
1116 2717 1397 2757 Achradinam
1427 2713 1630 2759 tenebant,
