1815 3184
319 255 402 295 484
643 260 794 294 LIBER
818 259 947 298 ΧΧΧ
979 260 1006 293 1.
1026 260 1057 293 ρ.
1086 262 1135 303 [a.
1149 271 1183 293 u.
1199 271 1228 294 ο.
1242 260 1323 303 551]

320 378 480 417 quoque
507 363 615 403 enim
646 362 881 417 proconsuli
911 361 1127 416 imperium
1157 362 1200 403 in
1230 377 1382 403 annum
1411 365 1659 418 prorogaba-

274 442 294 470 4
320 433 384 466 tur
401 450 434 454 -
453 426 503 466 P.
518 425 681 465 Licinio
708 425 956 466 succederet.
992 424 1027 464 is
1041 425 1219 465 Romam
1241 432 1525 474 reverteretur,
1551 425 1658 466 bello

319 502 481 541 quoque
517 488 650 528 bonus
681 487 844 528 habitus
877 487 929 528 ad
959 495 1113 537 cetera,
1150 487 1298 541 quibus
1328 502 1449 528 nemo
1480 502 1529 528 ea
1558 494 1659 527 tem-

274 565 292 593 5
317 557 478 604 pestate
513 549 747 591 instructior
783 549 883 590 civis
920 549 1159 591 habebatur.
1224 549 1431 604 congestis
1471 549 1659 590 omnibus

318 612 508 652 humanis
535 612 586 652 ab
610 619 756 652 natura
780 612 1024 664 fortunaque
1044 612 1161 653 bonis
1182 612 1329 652 nobilis
1349 611 1459 652 idem
1479 626 1525 652 ac
1544 611 1658 652 dives

319 681 422 722 erat,
449 674 581 714 forma
604 673 839 727 viribusque
865 673 1046 728 corporis
1072 673 1315 722 excellebat,
1341 673 1659 714 :facundissimus

319 735 546 776 habebatur
577 750 650 776 seu
681 750 805 776 causa
835 735 989 776 oranda
1015 749 1088 776 seu
1116 735 1159 775 in
1184 743 1345 784 senam,
1384 735 1436 775 ad
1463 735 1661 790 populum

321 797 519 838 suadendi
545 811 592 838 ac
617 797 882 838 dissuadendi
906 797 1020 837 locus
1047 805 1176 846 esset,
1207 797 1305 837 iuris
1336 796 1532 851 pontificii
1555 796 1662 851 peri-

275 873 292 902 6
320 860 516 900 tissimus.
578 875 700 914 super
736 859 837 900 haec
866 859 1038 900 bellicae
1069 874 1229 913 quoque
1260 859 1393 900 laudis
1425 859 1660 900 consulatus

275 936 291 963 7
320 929 551 977 compotem
581 922 747 963 fecerat.
808 922 918 975 quod
947 922 989 962 in
1012 922 1186 962 Bruttiis
1217 921 1445 976 provincia,
1482 921 1590 962 idem
1619 921 1661 961 in

319 984 486 1025 Etruria
511 998 558 1024 ac
582 984 810 1038 Liguribus
836 984 1063 1024 decretum:
1100 984 1162 1024 M.
1190 982 1408 1025 Cornelius
1433 998 1540 1024 novo
1566 997 1662 1024 con-

320 1046 398 1087 suli
436 1046 594 1087 tradere
638 1046 862 1087 exercitum
901 1046 1064 1095 iussus3
1112 1046 1201 1100 ipse
1235 1052 1456 1100 prorogato
1490 1044 1660 1100 imperio

321 1106 500 1148 Galliam
525 1107 778 1162 provinciam
803 1107 986 1148 obtinere
1013 1122 1105 1147 cum
1130 1107 1360 1162 legionibus
1385 1106 1453 1156 iis,
1480 1120 1581 1160 quas
1606 1106 1659 1146 L.

275 1183 294 1212 8
322 1168 561 1210 Scribonius
586 1169 720 1223 priore
745 1184 851 1209 anno
882 1169 1104 1209 habuisset.
1165 1169 1295 1209 sortiti
1326 1168 1472 1209 deinde
1497 1168 1662 1223 provin—

320 1231 423 1271 cias:
451 1230 651 1285 Caepioni
663 1231 812 1279 Brutti,
836 1229 1009 1271 Servilio
1021 1230 1197 1272 Gemino
1210 1230 1377 1271 Etruria
1390 1230 1537 1271 evenit.
1575 1238 1662 1270 tum

277 1307 294 1336 9
319 1300 553 1347 praetorum
575 1292 809 1347 provinciae
834 1292 876 1332 in
902 1300 1053 1333 sortem
1073 1292 1299 1333 coniectae:
1324 1292 1422 1332 iuris
1443 1292 1661 1333 dictionem

319 1355 519 1394 urbanam
537 1355 691 1395 Paetus
710 1354 876 1402 Aelius,
904 1354 1137 1394 Sardiniam
1156 1354 1205 1394 P.
1226 1354 1451 1402 Lentulus,
1480 1352 1662 1395 Siciliam

319 1416 539 1464 P.Villius,
560 1416 795 1456 Ariminum
809 1430 901 1455 cum
916 1416 1075 1456 duabus
1089 1415 1320 1470 legionibus
1334 1441 1367 1444 —
1382 1416 1457 1455 sub
1465 1416 1661 1457 Lucretio

322 1477 473 1532 Spurio
504 1493 575 1518 eae
606 1478 771 1518 fuerunt
794 1503 827 1506 —
852 1476 1076 1528 Quintilius
1108 1479 1246 1518 Varus
1283 1485 1347 1518 est
1384 1477 1563 1518 sortitus.
1623 1486 1662 1518 et

319 1540 516 1580 Lucretio
546 1547 813 1594 prorogatum
842 1539 1077 1593 imperium,
1114 1546 1159 1578 ut
1191 1538 1382 1579 Genuam
1414 1539 1608 1593 oppidum
1641 1555 1664 1580 a

255 1614 295 1643 10
319 1601 503 1655 Magone
527 1602 670 1642 Poeno
707 1601 885 1641 dirutum
916 1601 1214 1641 exaedificaret.
1283 1601 1333 1641 P.
1367 1599 1553 1655 Scipioni
1581 1616 1664 1642 non

319 1663 534 1718 temporis,
586 1663 659 1703 sed
692 1662 752 1703 rei
787 1663 992 1717 gerendae
1028 1663 1127 1712 fine,
1176 1663 1307 1704 donec
1344 1663 1592 1703 debellatum
1621 1663 1663 1703 in

255 1739 291 1767 11
319 1725 464 1765 Africa
488 1725 612 1774 foret,
648 1734 914 1780 prorogatum
938 1725 1154 1780 imperium
1185 1732 1248 1765 est
1273 1724 1582 1778 decretumque,
1617 1733 1664 1766 ut

321 1787 563 1842 supplicatio
594 1787 728 1836 fieret,
766 1788 875 1840 quod
905 1787 939 1827 is
971 1787 1013 1827 in
1043 1787 1231 1827 Africam
1261 1787 1514 1841 provinciam
1545 1787 1664 1828 traie-

320 1850 460 1899 cisset,
497 1858 541 1890 ut
572 1865 620 1890 ea
649 1865 714 1890 res
751 1849 939 1890 salutaris
970 1849 1123 1904 populo
1154 1849 1343 1890 Romano
1378 1849 1538 1904 ipsique
1570 1849 1664 1890 duci

321 1920 441 1965 atque
467 1912 663 1952 exercitui
689 1920 811 1953 esset.

278 1988 292 2016 1
404 1975 461 2015 Π.
520 1975 571 2014 In
598 1974 782 2015 Siciliam
819 1975 895 2015 tria
929 1974 1040 2015 milia
1076 1975 1250 2015 militum
1286 1982 1381 2015 sunt
1417 1974 1586 2029 scripta,
1624 1981 1664 2014 et

320 2036 414 2089 quia
439 2037 548 2090 quod
572 2037 729 2078 roboris
750 2052 798 2078 ea
816 2037 1027 2092 provincia
1046 2037 1245 2078 habuerat
1263 2037 1305 2077 in
1324 2037 1512 2077 Africam
1531 2044 1664 2077 trans-

319 2107 482 2139 vectum
507 2099 640 2140 fuerat
666 2106 706 2139 et
731 2099 844 2152 quia,
869 2114 920 2140 ne
947 2114 1027 2152 qua
1053 2099 1196 2140 classis
1223 2115 1273 2140 ex
1291 2099 1437 2139 Africa
1462 2098 1661 2148 traiceret,

320 2160 592 2215 quadraginta
634 2160 810 2201 navibus
857 2161 1051 2202 custodiri
1092 2161 1303 2216 placuerat
1341 2160 1506 2201 Siciliae
1542 2160 1664 2201 mari-

276 2235 293 2264 2
320 2230 475 2262 tumam
513 2237 638 2263 oram.
699 2222 895 2263 tredecim
930 2238 1059 2263 novas
1096 2238 1222 2263 naves
1258 2223 1408 2265 Villius
1448 2236 1588 2263 secum
1622 2222 1663 2262 in

276 2297 293 2325 3
322 2282 504 2324 Siciliam
530 2284 663 2331 duxit,
701 2292 860 2325 ceterae
890 2285 933 2324 in
959 2283 1100 2325 Sicilia
1130 2292 1290 2325 veteres
1319 2285 1510 2325 refectae.
1570 2284 1664 2324 huic

321 2346 442 2387 classi
465 2346 526 2386 M.
552 2347 826 2402 Pomponius,
853 2347 998 2403 prioris
1025 2347 1120 2387 anni
1144 2354 1319 2401 praetor,
1345 2355 1564 2402 prorogato
1589 2346 1665 2386 im-

320 2408 431 2462 perio
456 2409 714 2463 praepositus
734 2425 864 2450 novos
883 2409 1034 2449 milites
1055 2424 1106 2449 ex
1124 2409 1245 2450 Italia
1263 2409 1456 2450 advectos
1476 2409 1518 2449 in
1535 2423 1663 2449 naves

276 2483 295 2511 4
320 2470 526 2524 imposuit.
574 2487 716 2526 parem
741 2472 909 2512 navium
932 2486 1149 2512 numerum
1169 2470 1246 2512 Cn.
1265 2471 1461 2520 Octavio,
1487 2469 1665 2525 praetori

320 2532 418 2572 item
442 2533 587 2587 prioris
613 2534 727 2582 anni,
766 2548 859 2574 cum
882 2533 971 2588 pari
995 2533 1082 2574 iure
1106 2532 1251 2588 imperi
1276 2533 1328 2574 ad
1353 2532 1547 2573 tuendam
1567 2530 1664 2572 Sar-

322 2593 454 2634 diniae
492 2609 604 2634 oram
639 2602 776 2649 patres
815 2596 1102 2644 decreverunt3
1144 2595 1348 2635 Lentulus
1384 2602 1548 2649 praetor
1583 2593 1662 2633 duo

278 2668 296 2696 5
321 2655 431 2695 milia
455 2656 628 2696 militum
653 2657 749 2697 dare
774 2657 815 2697 in
839 2673 966 2698 naves
992 2657 1143 2698 iussus.
1205 2666 1245 2698 et
1268 2657 1413 2698 Italiae
1443 2671 1531 2703 ora,
1569 2653 1662 2707 quia

322 2716 519 2757 incertum
539 2726 637 2765 erat,
653 2733 732 2770 quo
753 2719 918 2759 missuri
939 2719 1113 2761 classem
1129 2718 1494 2773 Carthaginienses
1515 2717 1659 2761 forent,
