1815 3184
529 249 682 283 LlssER
706 248 852 293 XXVI,
878 247 933 284 32.
954 247 1008 282 33.
1037 246 1234 290 [a.C.‘210]
1472 237 1551 277 301

198 354 293 394 dam
329 353 471 407 populi
495 352 689 401 Romani,
729 352 844 393 cuius
876 350 1152 392 munificentia
1189 364 1236 391 ac
1267 350 1384 390 donis
1415 349 1554 390 multis

199 414 530 469 tempestatibus,
568 414 646 454 hoc
677 414 852 467 denique
884 413 974 467 ipso
1000 412 1158 452 Punico
1189 411 1296 452 bello
1329 412 1466 452 adiuta
1492 426 1555 452 or-

197 487 373 530 nataque
399 491 462 517 res
488 475 653 530 publica
677 483 797 516 esset.
842 475 876 515 si
901 475 952 515 ab
977 474 1118 515 inferis
1145 474 1293 514 existat
1317 488 1389 514 rex
1409 473 1552 522 Hiero,

197 538 421 579 fidissimus
452 538 612 592 imperii
636 537 813 578 Romani
838 537 985 585 cultor,
1022 551 1103 589 quo
1134 550 1202 576 ore
1227 542 1297 576 aut
1324 534 1553 590 Syracusas

199 608 267 641 aut
281 601 457 641 Romam
483 601 518 640 ci
545 601 704 640 ostendi
728 614 869 654 posse,
897 614 1003 647 cum,
1030 598 1101 639 ubi
1127 598 1363 638 semirutam
1389 602 1435 638 a'c
1462 611 1555 651 spo-

197 661 335 702 liatam
362 663 535 716 patriam
559 662 801 715 respexerit,
828 661 1061 715 ingrediens
1082 659 1260 700 Romam
1284 659 1326 699 in
1350 658 1554 699 vestibulo

197 724 329 773 urbis,
361 739 487 778 prope
512 724 554 764 in
579 731 712 778 porta,
753 723 882 777 spolia
905 723 1059 777 patriae
1087 737 1185 762 suae
1210 722 1373 762 visurus
1401 721 1476 762 sit?
1501 746 1554 750 —

198 786 299 826 hacc
324 787 499 839 taliaque
526 801 618 826 cum
650 786 703 826 ad
732 785 928 825 invidiam
960 784 1138 825 consulis
1171 783 1555 836 miserationemque

201 846 435 889 Siculorum
467 848 714 896 dicerentur,
752 847 890 887 mitius
923 854 1059 886 tamen
1096 846 1364 886 decreverunt
1398 852 1554 900 patres:

198 917 288 950 acta
303 909 362 949 M.
379 909 585 957 Marcelli,
614 923 719 961 quae
744 908 778 948 is
805 923 952 962 gerens
979 908 1131 948 bellum
1156 908 1366 960 victorque
1388 907 1553 962 egisset,

198 978 285 1011 rata
309 971 498 1012 habenda
523 985 632 1019 esse3
658 970 700 1010 in
725 970 895 1010 relicum
921 983 1040 1009 curae
1067 970 1226 1009 senatui
1250 969 1336 1009 fore
1361 984 1447 1009 rem
1475 968 1555 1022 Sy-

198 1046 442 1072 racusanam
466 1032 813 1084 mandaturosque
839 1030 1216 1079 consuliLaevino,
1243 1037 1306 1078 ut,
1332 1030 1443 1082 quod
1469 1030 1556 1070 sine

197 1094 352 1134 iactura
386 1094 445 1134 rei
480 1093 669 1148 publicae
705 1093 792 1132 fieri
829 1099 994 1146 posset,
1044 1092 1218 1132 fortunis
1256 1092 1342 1131 eius
1381 1091 1556 1131 civitatis

197 1155 438 1196 consuleret.
499 1155 636 1195 missis
668 1154 830 1195 duobus
864 1153 1122 1194 senatoribus
1154 1153 1195 1193 in
1223 1152 1472 1207 Capitolium
1505 1153 1557 1193 ad

197 1216 427 1265 consulem,
454 1216 513 1256 uti
537 1216 686 1256 rediret
710 1216 752 1256 in
778 1216 949 1264 curiam,
983 1222 1022 1256 et
1047 1215 1288 1255 introductis
1318 1213 1468 1256 Siculis
1496 1230 1558 1255 se-

196 1286 316 1320 natus
342 1279 573 1320 consultum
598 1279 813 1319 recitatum
833 1285 912 1327 est,
938 1278 1145 1333 legatique
1167 1277 1343 1333 benigne
1364 1277 1556 1332 appellati

197 1356 244 1382 ac
286 1341 445 1381 dimissi
487 1341 538 1382 ad
581 1355 717 1396 genua
758 1355 801 1380 se
843 1340 1032 1381 Marcelli
1076 1340 1256 1381 consulis
1300 1341 1558 1394 proiecerunt

200 1402 413 1457 [orantes]
453 1410 492 1443 et
529 1402 808 1452 obsecrantes,
854 1410 915 1452 ut,
965 1417 1069 1456 quae
1107 1402 1382 1456 deplorandae
1419 1417 1466 1443 ac
1502 1402 1558 1442 le-

200 1465 355 1505 vandae
382 1464 623 1505 calamitatis
650 1480 775 1506 causa
800 1465 1019 1513 dixissent,
1046 1465 1208 1505 veniam
1228 1465 1285 1505 eis
1312 1465 1425 1505 daret
1452 1471 1491 1505 et
1516 1464 1556 1504 in

198 1526 321 1566 fidem
358 1526 668 1579 clientelamque
711 1541 754 1567 se
796 1526 1021 1579 urbemque
1066 1524 1296 1580 Syracusas
1340 1527 1555 1580 acciperet.

199 1589 396 1643 pollicens
423 1589 501 1629 hoc
527 1588 670 1629 consul
696 1588 917 1628 clementer
941 1588 1169 1642 appellatos
1196 1603 1266 1629 eos
1293 1588 1457 1629 (limisit.

284 1650 511 1691 XXXIII.
575 1650 799 1703 Campanis
826 1650 973 1690 deinde
1001 1656 1167 1691 senatus
1193 1651 1312 1690 datus
1339 1656 1419 1699 est,
1458 1663 1557 1703 quo-

198 1727 289 1753 rum
320 1712 447 1752 oratio
478 1711 764 1760 miserabilior,
804 1726 928 1752 causa
959 1711 1097 1751 durior
1127 1718 1224 1751 erat.
1285 1725 1417 1764 neque
1449 1711 1555 1752 enim

199 1774 364 1814 meritas
389 1788 542 1828 poenas
569 1788 719 1828 negare
745 1779 932 1827 poterant
956 1788 1032 1814 nec
1052 1774 1214 1827 tyranni
1236 1782 1367 1822 erant,
1393 1774 1435 1813 in
1455 1787 1557 1826 quos

200 1836 362 1890 culpam
389 1836 637 1884 conferrent,
666 1835 738 1876 sed
764 1835 862 1876 satis
883 1850 1058 1889 pensum
1078 1850 1302 1889 poenarum
1323 1842 1381 1876 tot
1402 1850 1557 1876 veneno

199 1897 447 1951 absumptis,
497 1904 555 1938 tot
592 1897 724 1938 securi
766 1897 973 1951 percussis
1018 1897 1274 1938 senatoribus
1317 1897 1556 1938 credebant:

198 1974 351 2013 paucos
378 1959 574 2000 nobilium
602 1974 836 2013 superesse,
876 1974 978 2012 quos
1004 1974 1079 2000 nec
1105 1975 1180 2000 sua
1210 1960 1475 2009 conscientia,
1514 1966 1557 1999 ut

198 2022 419 2074 quicquam
445 2022 494 2061 de
516 2036 559 2062 se
579 2021 747 2076 gravius
769 2021 1029 2061 consulerent
1047 2021 1271 2075 impulerit,
1297 2036 1373 2062 nec
1392 2021 1557 2062 victoris

198 2083 258 2124 ira
283 2084 426 2137 capitis
452 2083 730 2132 damnaverit3
769 2098 839 2124 eos
864 2083 1092 2123 libertatem
1119 2083 1197 2123 sibi
1229 2084 1396 2136 suisque
1422 2090 1461 2123 et
1485 2083 1559 2124 bo-

198 2159 344 2185 norum
369 2145 548 2198 aliquam
573 2152 731 2199 partem
758 2159 890 2194 orare,
917 2145 1027 2186 cives
1047 2145 1257 2186 Romanos
1278 2144 1556 2185 adfinitatibus

199 2207 415 2261 plerosque
441 2214 479 2247 et
504 2208 743 2262 propinquis
775 2207 940 2247 iamiam
967 2207 1279 2262 cognationibus
1306 2222 1357 2248 ex
1382 2207 1557 2248 conubio

198 2274 360 2308 vetusto
384 2268 558 2310 iunctos.
610 2269 824 2310 summotis
852 2269 998 2309 deinde
1024 2283 1045 2309 e
1072 2269 1222 2323 templo
1247 2269 1458 2323 paulisper
1481 2269 1556 2309 du-

199 2329 390 2378 bitatum,
418 2345 469 2370 an
495 2331 766 2371 arcessendus
792 2346 815 2371 a
831 2330 977 2384 Capua
998 2330 1049 2383 Q.
1070 2331 1243 2371 Fulvius
1270 2337 1379 2372 esset
1397 2356 1430 2359 —
1449 2345 1557 2371 mor-

199 2398 293 2432 tuus
320 2391 427 2432 enim
452 2398 544 2446 post
570 2398 732 2446 captam
760 2391 959 2433 Claudius
987 2392 1131 2433 consul
1161 2399 1310 2441 erat—,
1350 2399 1393 2433 ut
1418 2407 1556 2433 coram

199 2453 442 2507 imperatore
468 2454 537 2507 qui
561 2468 626 2494 res
652 2454 870 2508 gessisset,
910 2454 1014 2494 sicut
1038 2454 1142 2494 inter
1165 2453 1410 2494 Marcellum
1438 2453 1557 2495 Sicu-

199 2515 342 2568 losque
379 2515 652 2569 disceptatum
691 2515 843 2564 fuerat,
881 2516 1189 2570 disceptaretur.
1250 2516 1344 2557 dein
1375 2531 1468 2557 cum
1493 2516 1554 2557 M.

200 2576 394 2626 Atilium,
429 2576 477 2618 C.
502 2577 698 2618 Fulvium
723 2577 889 2618 fratrem
913 2578 1071 2627 Flacci,
1109 2577 1267 2632 legatos
1294 2578 1399 2626 eius,
1438 2585 1477 2619 et
1503 2577 1554 2631 Q.

198 2637 430 2679 Minucium
463 2646 501 2679 et
531 2640 584 2680 L.
610 2638 828 2680 Veturium
853 2639 1088 2688 Philonem,
1125 2639 1223 2680 item
1251 2639 1415 2681 Claudii
1444 2640 1557 2694 lega-

199 2706 280 2749 tos,
330 2701 399 2754 qui
437 2701 626 2742 omnibus
664 2702 854 2757 gerendis
890 2701 1013 2743 rebus
1051 2702 1283 2752 adfuerant,
1332 2704 1374 2743 in
1411 2710 1556 2744 senatu

1583 1725 1602 1753 [ὗ
