1815 3184
189 338 208 367 2

191 521 209 550 3

190 646 209 674 4

191 771 209 799 5

192 956 210 985 6

178 1696 216 1724 10

179 1883 213 1911 11

203 2626 221 2654 2

238 210 317 252 152
539 216 690 250 LIBER
714 214 865 258 xxm,
891 214 944 248 37.
965 214 1019 248 38.
1048 216 1096 257 [a.
1109 225 1144 248 u.
1158 225 1187 248 e.
1201 215 1284 258 539]

235 323 432 364 adversus
464 319 644 374 ligneam
673 318 882 372 ingentem
914 317 1121 358 admotam
1156 316 1248 358 urbi
1283 316 1405 357 aliam
1440 323 1587 358 turrem

234 400 284 425 ex
309 383 399 436 ipso
429 395 546 421 muro
577 380 769 420 excitavit
800 379 944 420 consul
968 379 1199 428 Romanus,
1237 378 1446 431 aliquanto
1477 378 1588 418 altio-

233 460 340 493 rem,
372 443 467 496 quia
491 456 609 482 muro
636 441 733 482 satis
758 456 832 495 per
857 456 899 481 se
926 441 1006 481 alto
1033 440 1226 481 subiectis
1252 440 1398 480 validis
1425 439 1588 480 sublicis

234 522 307 562 pro
334 506 420 546 solo
446 520 546 545 usus
573 512 671 545 erat.
725 504 820 544 inde
844 505 1022 558 primum
1048 503 1158 544 saxis
1186 503 1439 555 sudibusque
1464 509 1501 542 et
1526 516 1591 542 ce-

234 569 330 610 teris
351 566 576 608 missilibus
596 573 922 620 propugnatores
943 565 1104 606 moenia
1124 573 1245 617 atque
1260 564 1403 605 urbem
1424 563 1591 604 tueban-

235 640 317 680 tur,
342 636 568 684 postremo,
600 628 672 669 ubi
696 628 976 682 promovendo
1002 627 1236 667 adiunctam
1261 641 1378 666 muro
1404 625 1590 666 n'derunt

234 702 405 740 turrem,
443 690 603 732 facibus
636 689 873 730 ardentibus
910 690 1131 743 plurimum
1169 689 1290 729 simul
1321 689 1458 742 ignem
1495 702 1591 728 con-

235 756 429 796 iecerunt.
478 768 559 806 quo
584 752 772 792 incendio
799 752 957 806 trepida
981 758 1230 792 armatorum
1256 750 1472 790 multitudo
1498 764 1591 790 cum

235 818 285 858 de
311 828 419 857 turre
446 830 536 856 sese
561 814 863 869 praecipitaret,
901 814 1059 867 eruptio
1091 828 1142 854 ex
1173 813 1322 867 oppido
1349 812 1469 854 simul
1493 811 1593 851 dua-

235 880 313 921 bus
339 878 464 933 portis
492 878 685 918 stationes
711 876 891 917 hostium
915 875 1021 916 fudit
1046 875 1287 929 fugavitque
1311 875 1353 914 in
1378 880 1522 922 eastra,
1550 880 1594 913 ut

236 956 284 983 eo
309 941 374 981 die
401 940 572 981 obsesso
606 953 728 992 quam
755 938 959 979 obsidenti
985 937 1154 978 similior
1180 944 1288 978 esset
1312 936 1492 976 Poenus.
1542 935 1594 975 ad

236 1003 346 1044 mille
388 1001 557 1043 trecenti
604 1000 1007 1055 Carthaginiensium
1049 999 1159 1040 eaesi
1194 1005 1234 1039 et
1269 997 1595 1052 undesexaginta

236 1066 320 1106 vivi
358 1064 483 1118 capti,
524 1063 594 1117 qui
631 1063 738 1103 circa
774 1077 912 1103 muros
952 1069 991 1102 et
1026 1062 1068 1102 in
1105 1061 1347 1102 stationibus
1385 1060 1515 1100 solute
1547 1073 1594 1099 ao

236 1127 503 1182 neglegenter
534 1132 722 1180 agentes,
760 1139 854 1164 cum
885 1124 984 1164 nihil
1019 1123 1154 1164 minus
1185 1137 1309 1176 quam
1340 1122 1595 1176 eruptionem

238 1189 491 1236 timuissent,
541 1201 591 1227 ex
632 1186 841 1240 inproviso
895 1185 1081 1239 oppressi
1118 1185 1290 1225 fuerant.
1364 1182 1591 1231 Gracchus,

237 1251 477 1306 priusquam
509 1263 551 1290 se
576 1249 715 1289 hostes
749 1248 799 1289 ab
824 1248 1035 1302 repentino
1060 1262 1211 1301 pavore
1242 1246 1496 1300 colligerent,
1533 1260 1596 1285 re-

238 1313 373 1367 ceptui
399 1312 563 1366 signum
589 1311 700 1351 dedit
725 1325 772 1351 ae
799 1325 894 1350 suos
920 1310 1025 1349 intra
1049 1324 1186 1350 muros
1212 1309 1376 1361 recepit.
1430 1315 1595 1362 postero

239 1375 304 1416 die
328 1373 559 1422 Hannibal,
596 1372 749 1413 laetum
782 1372 962 1412 secunda
992 1386 1035 1411 re
1067 1370 1276 1410 consulem
1308 1370 1415 1410 iusto
1441 1369 1595 1422 proelio

240 1444 354 1477 ratus
391 1442 659 1483 certaturum,
709 1434 838 1474 aciem
880 1433 987 1473 intra
1023 1440 1156 1472 castra
1198 1438 1319 1483 atque
1356 1429 1500 1471 urbem
1536 1430 1597 1469 in-

243 1498 400 1539 struxit.
461 1504 659 1545 ceterum,
697 1502 914 1549 postquam
951 1494 1157 1534 neminem
1194 1492 1349 1533 moveri
1385 1491 1436 1532 ab
1479 1492 1598 1532 solita

241 1560 427 1601 custodia
463 1558 575 1599 urbis
611 1558 711 1598 vidit
747 1572 822 1597 nee
864 1556 1063 1597 committi
1098 1555 1318 1609 quicquam
1360 1554 1597 1595 temerariae

241 1622 346 1677 spei,
374 1622 425 1662 ad
451 1621 589 1661 Tifata
614 1620 716 1660 redit
741 1619 893 1659 infecta
916 1633 971 1659 re.

328 1683 490 1736 Quibus
517 1682 661 1723 diebus
690 1681 848 1722 Cumae
874 1681 1067 1721 liberatae
1095 1687 1189 1721 sunt
1215 1679 1440 1727 obsidione,
1468 1678 1598 1720 isdem

241 1746 386 1788 diebus
413 1753 451 1786 et
476 1745 517 1785 in
542 1744 726 1785 Lucanis
753 1744 805 1784 ad
832 1742 1108 1785 Grumentum
1135 1742 1198 1782 Ti.
1222 1741 1505 1796 Sempronius,
1533 1740 1599 1781 cui

240 1810 392 1863 Longo
430 1822 658 1862 cognomen
696 1814 799 1854 erat,
848 1821 940 1846 eum
978 1806 1184 1846 Hannone
1219 1804 1362 1845 Poeno
1403 1817 1598 1857 prospere

241 1878 411 1925 pugnat.
472 1885 597 1924 supra
629 1869 710 1910 duo
741 1869 853 1909 milia
882 1868 1096 1908 hominum
1127 1867 1292 1915 occidit,
1330 1873 1370 1906 et
1400 1866 1597 1906 ducentos

242 1933 448 1988 octoginta
484 1933 633 1973 milites
671 1931 825 1979 amisit,
864 1931 982 1985 signa.
1018 1929 1207 1970 militaria
1238 1929 1290 1968 ad
1325 1927 1599 1981 quadraginta

242 2010 369 2035 unuin
413 1995 531 2049 cepit.
603 1994 747 2048 pulsus
790 1992 940 2033 finibus
981 1992 1166 2032 Lucanis
1203 1991 1356 2031 Hanno
1404 1996 1510 2030 retro
1558 1989 1600 2028 in

243 2057 425 2097 Bruttios
453 2071 543 2097 sese
567 2056 722 2110 recipit.
783 2062 821 2095 et
847 2069 898 2095 ex
922 2053 1110 2107 Hirpinis
1138 2053 1288 2107 oppida
1313 2052 1407 2100 tria,
1446 2065 1550 2104 quae
1577 2066 1601 2091 a

242 2119 393 2173 populo
424 2119 613 2159 Romano
644 2118 895 2166 defecerant,
935 2117 975 2156 vi
1004 2124 1168 2169 recepta
1198 2130 1270 2169 per
1300 2114 1361 2154 M.
1387 2113 1600 2154 Valerium

243 2188 484 2234 praetorem,
511 2180 773 2228 Vercellium,
800 2179 1065 2226 Vescellium,
1095 2176 1322 2225 Sicilinum,
1350 2183 1389 2216 et
1414 2182 1600 2216 auctores

244 2242 483 2283 defectionis
522 2242 655 2283 securi
689 2241 887 2296 percussi.
954 2255 1077 2294 supra¹
1112 2240 1291 2292 quinque
1328 2238 1439 2278 milia
1475 2236 1602 2291 capti-

245 2320 388 2345 vorum
425 2304 502 2345 sub
539 2304 658 2344 hasta-
693 2303 923 2351 venierunt3
966 2302 1119 2357 praeda
1149 2302 1228 2342 alia
1258 2300 1376 2341 militi
1406 2313 1602 2340 concessa

246 2366 530 2419 exercitusque
555 2366 778 2406 Luceriam
802 2365 1008 2405 reductus.

330 2427 599 2468 XXXVIII.
655 2427 772 2468 Dum
796 2426 898 2467 haec
923 2427 964 2467 in
990 2425 1174 2467 Lucanis
1200 2432 1322 2478 atque
1346 2424 1388 2464 in
1413 2422 1601 2477 Hirpinis

246 2496 460 2543 geruntur,
487 2490 666 2543 quinque
691 2504 837 2538 naves,
864 2503 968 2542 quae
993 2487 1275 2528 Macedonum
1300 2493 1421 2539 atque
1440 2485 1603 2525 Poeno-

246 2566 336 2591 rum
362 2559 501 2605 captos
527 2552 684 2606 legatos
710 2552 887 2592 Romam
911 2549 1146 2605 portabant,
1174 2548 1224 2589 ab
1252 2562 1399 2602 supero
1423 2546 1526 2587 mari
1550 2545 1603 2586 ad

248 2612 424 2652 inferum
461 2613 758 2654 circumvectae
793 2627 921 2667 prope
957 2626 1121 2653 omnem
1157 2610 1309 2659 Italiae,
1332 2624 1462 2657 oram,
1507 2621 1601 2647 eum

248 2680 406 2729 praeter
427 2673 582 2715 Cumas
608 2675 709 2715 velis
734 2674 938 2715 ferrentur
961 2688 1094 2727 neque
1117 2672 1299 2713 hostium
1320 2686 1373 2711 an
1398 2668 1598 2711 sociorum
