1815 3184
318 226 402 268 396
599 232 752 267 LIBER
775 214 960 277 XXVIII,
986 234 1110 267 11.12.
1138 236 1185 276 [a.
1199 245 1232 267 u.
1248 244 1277 268 ο.
1290 234 1371 278 548]

320 354 344 378 a
362 343 505 378 senatu
526 342 632 384 sunt,
651 343 697 376 ut
714 336 756 375 in
776 350 897 390 agros
915 335 1201 377 redducendae
1220 336 1353 391 plebis
1373 350 1511 377 curam
1529 337 1653 379 habe-

316 407 423 440 rent:
444 399 567 439 deum
587 397 837 452 benignitate
857 405 1106 438 summotum
1117 398 1271 438 bellum
1290 399 1340 438 ab
1353 399 1454 439 urbe
1467 398 1655 440 Romana

317 469 358 502 et
381 460 505 501 Latio
531 474 642 509 esse,
667 474 791 514 posse
817 459 904 500 sine
929 466 1041 500 metu
1064 459 1107 500 in
1131 460 1240 514 agris
1266 459 1458 510 habitari,
1488 460 1655 502 minime

317 522 533 564 convenire
560 520 725 563 Siciliae
751 536 874 575 quam
897 522 1042 562 Italiae
1073 522 1267 563 colendae
1297 522 1491 563 maiorem
1517 537 1657 564 curam

272 596 290 625 9
316 601 421 629 esse.
482 585 556 626 sed
585 600 651 625 res
683 585 1002 638 haudquaquam
1031 592 1118 626 erat
1146 585 1298 640 populo
1328 586 1480 635 facilis,
1516 585 1655 627 liberis

316 647 539 690 cultoribus
564 647 672 688 bello
699 647 926 702 absumptis
953 656 991 687 et
1016 647 1154 702 inopia
1175 647 1431 688 servitiorum
1451 655 1490 689 et
1507 662 1655 702 pecore

316 712 474 765 direpto
500 709 688 762 villisque
715 709 858 750 dirutis
884 716 954 750 aut
977 709 1170 750 incensis.
1222 725 1374 764 magna
1398 718 1535 750 tamen
1558 725 1654 765 pars

317 772 558 814 auctoritate
611 771 825 812 consulum
878 771 1090 825 compulsa
1141 771 1183 811 in
1236 786 1357 826 agros
1404 771 1655 826 remigravit.

253 843 292 873 10
317 840 531 877 moverant
565 841 703 873 autem
739 832 910 874 huiusce
944 833 1004 873 rei
1038 832 1287 874 mentionem
1321 833 1656 873 Placentinorum

317 904 358 938 et
383 894 727 937 Cremonensium
748 894 893 949 legati,
933 902 1168 947 querentes,
1200 909 1345 949 agrum
1370 909 1490 935 suum
1514 895 1564 934 ab
1590 907 1657 934 ac-

317 958 416 999 colis
443 956 575 998 Gallis
606 956 805 997 incursari
835 970 882 996 ac
913 957 1066 997 vastari
1096 971 1370 1012 magnamque
1400 963 1559 1011 partem
1589 969 1657 996 00-

314 1020 504 1061 101101·11111
540 1034 707 1060 suorum
745 1018 946 1073 dilapsam
981 1033 1073 1060 esse
1110 1026 1150 1059 et
1188 1018 1272 1059 iam
1306 1017 1574 1071 infrequentis
1612 1031 1656 1058 se

251 1091 288 1120 11
314 1083 458 1131 urbes,
484 1096 628 1135 agrum
652 1090 815 1121 vastum
840 1095 887 1121 ac
906 1081 1112 1121 desertum
1130 1080 1294 1121 habere.
1331 1080 1519 1121 Mamilio
1537 1094 1657 1134 prae-

317 1144 395 1185 tori
423 1143 680 1191 mandatum,
716 1150 762 1182 ut
791 1142 972 1183 colonias
1004 1142 1056 1183 ab
1080 1142 1198 1183 hoste
1229 1150 1427 1191 tueretin·;
1465 1141 1654 1182 consules

318 1222 369 1248 ex
406 1213 571 1246 senatus
611 1205 796 1246 consulto
833 1204 1065 1253 edixerunt,
1104 1204 1174 1257 qui
1209 1204 1318 1245 cives
1351 1203 1655 1245 Cremonenses

317 1276 438 1321 atque
466 1266 699 1308 Placentini
735 1274 891 1315 essent,
935 1274 1028 1306 ante
1065 1274 1217 1306 certam
1253 1266 1361 1307 diem
1396 1265 1438 1305 in
1474 1265 1654 1306 colonias

315 1336 627 1370 reverterentur.
686 1328 885 1383 principio
922 1327 1068 1368 deinde
1104 1328 1211 1368 veris
1244 1336 1284 1369 et
1312 1327 1392 1382 ipsi
1422 1327 1474 1367 ad
1503 1327 1657 1368 bellum

316 1391 491 1446 profecti
517 1398 623 1430 sunt.

252 1468 290 1497 12
400 1452 452 1504 Q.
481 1451 687 1493 Caecilius
713 1452 856 1492 consul
881 1451 1104 1492 exercitum
1130 1452 1180 1492 ab
1207 1450 1256 1492 C.
1282 1452 1463 1500 Nerone,
1499 1451 1552 1491 L.
1571 1452 1656 1493 Ve-

316 1514 443 1555 turius
476 1529 499 1554 a
524 1513 576 1565 Q.
604 1512 779 1554 Claudio
810 1522 1073 1568 propraetore
1105 1513 1262 1567 acecpit
1290 1513 1490 1566 novisque
1521 1512 1657 1552 militi-

254 1591 290 1620 13
316 1578 412 1625 bus,
439 1591 541 1630 quos
566 1576 654 1630 ipse
681 1576 996 1630 conscripserat,
1024 1575 1241 1630 supplevit.
1290 1575 1332 1615 in
1358 1573 1658 1616 Consentinum

316 1654 460 1693 agrum
491 1639 680 1679 consules
713 1638 937 1679 exercitum
968 1638 1171 1678 duxerunt
1200 1637 1437 1693 passimque
1474 1637 1658 1692 depopu-

314 1701 402 1750 lati,
443 1716 535 1742 cum
571 1716 719 1755 agmen
755 1701 836 1741 iam
873 1716 998 1756 grave
1030 1701 1183 1756 praeda
1212 1709 1340 1750 esset,
1377 1701 1419 1741 in
1450 1700 1557 1741 saltu
1587 1716 1658 1741 an-

315 1771 437 1817 gusto
469 1778 493 1804 a
521 1763 694 1803 Bruttiis
731 1763 1103 1816 iaculatoribusque
1137 1763 1326 1804 Numidis
1363 1762 1513 1803 turbati
1549 1769 1656 1812 sunt,

251 1838 291 1866 14
314 1824 372 1865 ita
395 1833 440 1865 ut
463 1840 545 1866 non
570 1825 740 1880 pracda,
779 1833 841 1865 set
866 1825 1011 1865 armati
1035 1839 1196 1878 quoque
1221 1825 1263 1864 in
1286 1824 1467 1879 periculo
1492 1823 1655 1865 fuerint.

314 1887 443 1928 maior
479 1895 617 1928 tamen
652 1887 850 1928 tumultus
894 1902 1016 1940 quam
1056 1902 1197 1942 pugna
1238 1886 1316 1926 fuit
1356 1893 1396 1926 et
1429 1885 1658 1940 praemissa

249 1963 289 1991 15
314 1950 466 2003 praeda
490 1950 715 1990 incolumes
749 1957 789 1990 et
817 1949 1001 2004 legiones
1026 1949 1068 1989 111
1098 1949 1188 1989 loca
1212 1955 1299 1988 tuta
1323 1962 1503 1988 evasere.
1561 1948 1657 1989 inde

314 2012 356 2051 in
380 2012 575 2052 Lucanos
601 2011 787 2066 profecti.
848 2026 897 2052 ea
922 2011 1010 2052 sine
1041 2010 1261 2051 certamine
1293 2017 1379 2051 tota
1402 2024 1505 2064 gens
1529 2009 1573 2050 in
1596 2009 1657 2050 di-

315 2074 475 2115 cionem
498 2074 640 2129 populi
663 2073 843 2114 Romani
866 2073 997 2114 rediit.

276 2149 289 2176 1
400 2136 506 2177 XH.
567 2135 676 2177 Cum
700 2136 936 2176 Hannibale
966 2135 1066 2176 nihil
1096 2150 1144 2177 eo
1176 2149 1281 2176 anno
1311 2134 1369 2175 rei
1393 2140 1557 2189 gestum
1582 2141 1656 2175 est.

314 2214 410 2239 nam
434 2213 566 2252 neque
590 2198 679 2253 ipse
706 2213 749 2239 se
775 2198 921 2239 obtulit
950 2198 991 2238 in
1017 2206 1099 2238 tam
1123 2197 1277 2239 recenti
1301 2197 1467 2237 volnere
1491 2196 1656 2251 publico

313 2261 554 2316 privatoque
584 2275 717 2314 neque
746 2260 1016 2301 lacessierunt
1051 2260 1235 2313 quietum
1263 2259 1459 2300 Romani:
1502 2266 1657 2299 tantam

314 2324 450 2364 inesse
476 2323 576 2371 vim,
603 2322 680 2363 etsi
705 2323 842 2364 omnia
866 2322 944 2363 alia
968 2322 1075 2363 circa
1100 2337 1194 2363 eum
1212 2328 1395 2369 ruerent,
1420 2320 1463 2361 in
1486 2335 1568 2362 uno
1586 2320 1656 2362 illo

271 2401 289 2430 2
316 2386 418 2426 duce
443 2385 677 2425 censebant.
738 2399 785 2425 ac
815 2384 954 2425 nescio
986 2400 1038 2425 an
1067 2384 1289 2425 mirabilior
1319 2382 1502 2424 adversis
1535 2397 1656 2436 quam

272 2464 291 2493 3
318 2447 508 2488 secundis
542 2448 667 2488 rebus
703 2446 844 2496 fuerit,
882 2446 1032 2502 quippe
1069 2446 1156 2500 qui,
1199 2461 1292 2486 cum
1327 2453 1368 2486 et
1400 2444 1444 2485 in
1478 2444 1657 2486 hostium

315 2518 423 2550 terra
446 2525 519 2564 per
550 2525 678 2551 annos
710 2509 905 2550 tredecim
935 2518 1019 2550 tam
1042 2509 1184 2564 procul
1210 2509 1260 2550 ab
1286 2508 1407 2549 domo
1432 2507 1546 2548 varia
1574 2507 1656 2548 for-

319 2579 417 2612 tuna
451 2572 604 2612 bellum
638 2580 799 2626 gereret
837 2570 913 2627 [et]
953 2572 1134 2613 exercitu
1174 2586 1257 2612 non
1293 2585 1367 2611 suo
1403 2569 1536 2618 civili,
1584 2567 1657 2608 sed

317 2633 444 2673 mixto
481 2648 532 2674 ex
561 2634 804 2674 conluvione
835 2634 1016 2674 omnium
1047 2633 1250 2689 gentium,
1287 2632 1434 2685 quibus
1464 2645 1547 2671 non
1575 2629 1654 2676 lex,

316 2710 400 2736 non
418 2711 526 2746 mos,
551 2711 634 2737 non
657 2696 799 2751 lingua
818 2697 1065 2746 communis,
1092 2697 1194 2737 alius
1214 2695 1391 2743 habitus,
1417 2692 1497 2734 alia
1515 2689 1654 2739 vestis,
