1815 3184
482 208 636 242 LIBER
660 208 789 251 XXII,
817 208 871 242 34.
893 208 948 241 35.
977 210 1024 250 [a.
1041 206 1077 240 e.
1094 207 1176 250 217]
1451 198 1503 237 87

238 311 488 352 XXXHH.
545 310 797 352 Consulibus
830 316 1092 365 prorogatum
1124 310 1166 349 111
1196 324 1348 350 annum
1379 309 1507 362 impe·
1537 323 1545 349 1

156 374 271 413 rium.
331 373 555 427 interreges
597 373 747 426 proditi
783 388 806 413 a
842 372 1025 426 patribus
1067 371 1115 412 C.
1156 369 1356 412 Claudius
1393 370 1508 424 Appi

155 435 261 475 filius
285 434 464 483 Centho,
490 435 584 474 inde
605 434 652 474 P.
676 433 890 475 Cornelius
905 433 1050 474 Asina.
1098 433 1139 473 in
1165 433 1251 473 eius
1277 433 1508 487 interregno

156 497 319 536 comitia
356 496 496 537 habita
532 511 681 551 magno
719 496 939 536 'certamine
975 503 1135 549 patrum
1173 509 1221 535 ac
1257 494 1401 549 plebis.
1457 493 1506 534 C.
1535 508 1552 535 2

157 558 350 599 Terentio
375 557 569 607 Varroni,
610 573 732 610 quem
765 558 827 598 sui
858 558 1020 612 generis
1053 557 1277 605 hominem,
1315 556 1425 610 plebi
1450 557 1510 598 in-

157 620 377 660 sectatione
410 620 639 673 principum
671 619 1017 673 popularibusque
1049 618 1203 660 artibus
1235 618 1508 665 conciliatum,

157 681 207 722 ab
240 681 291 733 Q.
318 682 421 721 Fabi
454 681 599 735 opibus
633 688 671 721 et
703 681 916 722 dictatorio
946 681 1116 735 imperio
1148 695 1347 721 concusso
1379 679 1511 720 aliena

157 743 309 783 invidia
342 743 643 797 splendentem,
681 743 828 797 volgus
861 750 898 782 et
931 742 1142 782 extrahere
1175 743 1227 782 ad
1252 741 1509 782 consulatum

157 804 371 852 nitebatur,
403 812 540 858 patres
567 819 727 844 summa
753 819 829 857 ope
855 803 1091 851 obstabant,
1127 819 1177 844 ne
1204 818 1246 844 se
1271 803 1510 843 insectando

158 866 235 906 sibi
260 866 425 918 aequari
451 866 740 905 adsuescerent
765 865 964 905 homines.
1005 864 1056 917 Q.
1072 865 1252 905 Baebius
1273 864 1508 904 Herennius
1537 878 1555 905 :3

157 927 341 968 tribunus
368 926 516 980 plebis,
543 934 742 980 cognatus
771 926 818 966 C.
847 926 1031 974 Terenti,
1064 926 1315 966 criminando
1342 941 1421 966 non
1449 941 1512 965 se-

157 996 297 1028 natum
324 988 464 1036 modo,
499 988 571 1027 sed
596 988 718 1026 etiam
744 1002 940 1041 augures,
974 988 1083 1040 quod
1111 987 1349 1027 dictatorem
1376 986 1512 1040 prohi-

157 1050 342 1089 buissent
373 1049 536 1089 comitia
567 1048 779 1102 perficere,
818 1063 889 1102 per
919 1049 1113 1088 invidiam
1151 1063 1290 1088 eorum
1328 1048 1511 1088 favorem

156 1110 371 1150 candidato
410 1125 483 1150 suo
520 1109 781 1150 conciliabat:
831 1109 882 1149 ab
926 1109 1161 1150 hominibus
1198 1109 1403 1150 nobilibus
1442 1124 1513 1162 per
1538 1124 1557 1150 1

156 1172 305 1212 multos
332 1187 459 1211 annos
486 1171 636 1212 bellum
664 1171 953 1224 quaerentibus
981 1171 1259 1212 Hannibalem
1285 1172 1325 1211 in
1350 1171 1513 1211 Italiam

156 1234 395 1282 adductum,
423 1233 474 1273 ab
500 1234 648 1281 isdem,
677 1248 769 1273 cum
795 1233 989 1273 debellari
1016 1233 1164 1287 possit,
1192 1233 1334 1273 fraude
1360 1233 1511 1273 bellum

156 1295 271 1335 trahi.
323 1310 415 1335 011111
449 1302 641 1347 quattuor
672 1294 819 1348 (milia)
851 1295 1083 1351 legionibus
1110 1295 1311 1335 universis
1338 1295 1512 1349 pugnari
1539 1308 1557 1336 5

155 1371 277 1411 posse
314 1357 554 1410 apparuisse
591 1372 658 1406 eo,
697 1358 807 1410 quod
838 1357 898 1397 M.
931 1357 1142 1397 Minucius
1180 1357 1350 1398 absente
1381 1357 1512 1397 Fabio

156 1433 350 1472 prospere
381 1425 626 1473 pugnasset3
664 1419 766 1459 duas
798 1419 981 1474 legiones
1014 1419 1122 1459 hosti
1154 1419 1205 1459 ad
1237 1419 1403 1459 eaedem
1441 1419 1514 1459 ob-
1540 1431 1557 1460 6

156 1483 300 1531 1001115,
328 1482 473 1522 deinde
500 1498 551 1523 ex
575 1483 665 1536 ipsa
685 1483 808 1523 caede
830 1490 1008 1537 ereptas,
1036 1489 1079 1522 111
1099 1490 1215 1537 pater
1234 1490 1513 1536 patronusque

157 1544 429 1598 appellaretur
454 1544 523 1596 qui
548 1545 660 1598 prius
683 1545 842 1585 vincere
863 1544 1141 1599 prohibuisset
1160 1544 1370 1584 Romanos
1390 1558 1514 1596 (11111111

157 1606 282 1654 1’11101;
327 1606 516 1646 0011511105
554 1606 700 1646 deinde
736 1606 931 1646 Fabianis
968 1605 1142 1654 artibus,
1181 1620 1274 1646 eum
1311 1605 1513 1646 debellare

157 1674 343 1721 possent,
381 1667 535 1708 bellum
566 1668 752 1708 traxisse.
807 1669 849 1708 id
879 1668 1026 1709 foedus
1058 1668 1162 1708 inter
1192 1682 1332 1707 01111105
1365 1666 1513 1707 nobilis

158 1730 282 1769 ictum
308 1743 383 1769 1100
409 1729 531 1769 finem
558 1737 650 1769 ante
676 1729 772 1770 belli
797 1729 1008 1770 habituros
1035 1744 1158 1782 quam
1184 1729 1393 1769 consulem
1420 1744 1515 1769 vere

158 1791 381 1845 plebeium,
421 1791 463 1831 id
494 1799 557 1832 est
586 1791 794 1832 hominem
825 1806 998 1839 novum,
1036 1791 1243 1831 fecissent.
1303 1806 1399 1831 nam
1429 1791 1514 1845 ple·
1541 1802 1559 1831 S

157 1853 270 1893 beios
297 1852 454 1893 nobiles
479 1853 560 1893 iam
587 1853 741 1894 eisdem
772 1854 951 1894 initiatos
984 1868 1074 1894 esse
1107 1853 1232 1893 sacris
1265 1860 1305 1893 et
1336 1859 1516 1893 contem-

158 1929 253 1954 nere
274 1914 448 1968 plebem,
476 1930 525 1955 ex
545 1930 626 1968 quo
647 1916 851 1956 contemni
871 1915 1055 1969 patribus
1076 1915 1288 1963 desierint,
1316 1914 1513 1968 coepisse.

158 1976 223 2016 0111
248 1991 329 2016 11011
353 1976 394 2016 id
420 1991 633 2030 apparere,
660 1978 701 2017 id
727 1984 861 2018 actum
884 1984 922 2017 et
941 1977 1174 2030 quaesitum
1195 1991 1304 2025 esse,
1330 1983 1373 2016 ut
1394 1976 1516 2015 inter-
1542 1987 1559 2015 9

157 2053 330 2092 regnum
362 2038 542 2087 iniretur,
580 2047 625 2079 ut
655 2039 697 2079 in
727 2046 889 2093 patrum
919 2046 1122 2092 potestate
1154 2038 1317 2079 comitia
1354 2038 1516 2078 essent?

158 2099 200 2138 id
237 2099 425 2139 consules
463 2100 606 2141 ambos
638 2102 690 2141 ad
722 2101 944 2141 exercitum
976 2101 1173 2141 morando
1204 2099 1435 2152 quaesisse,
1474 2099 1515 2139 id
1544 2112 1583 2140 10

159 2167 318 2213 postea,
356 2161 451 2213 quia
481 2162 616 2202 invitis
648 2163 697 2203 iis
734 2163 907 2202 dictator
944 2172 1052 2202 esset
1088 2162 1222 2202 dictus
1259 2161 1515 2201 comitiorum

160 2236 301 2269 causa,
329 2230 608 2276 expugnatum
635 2238 744 2271 esse,
775 2230 820 2263 ut
844 2223 1015 2263 vitiosus
1043 2223 1216 2263 dictator
1240 2237 1313 2276 per
1337 2237 1513 2277 augures

160 2283 286 2323 fieret.
340 2283 490 2324 habere
522 2284 646 2338 igitur
676 2285 954 2339 interregnum
980 2299 1070 2333 eos,
1104 2284 1361 2325 consulatum
1386 2299 1514 2324 unum
1544 2298 1580 2326 11

161 2351 269 2384 certe
298 2344 430 2398 plebis
457 2345 669 2386 Romanae
702 2361 811 2394 esse,
849 2345 1047 2399 populum
1078 2346 1251 2387 liberum
1282 2345 1516 2386 habiturum

161 2420 207 2445 ac
238 2406 429 2446 daturum
460 2407 514 2455 ei,
552 2407 621 2459 qui
657 2414 814 2448 mature
851 2407 1013 2448 vincere
1051 2422 1172 2460 quani
1211 2407 1280 2447 diu
1316 2407 1516 2461 imperare

162 2467 287 2507 malit.

245 2528 444 2570 XXXV.
495 2529 603 2570 Cum
640 2530 703 2570 his
741 2531 991 2572 orationibus
1029 2545 1202 2571 accensa
1239 2529 1356 2584 plebs
1393 2538 1513 2579 esset,
1543 2545 1558 2573 1

163 2589 290 2630 tribus
311 2591 490 2644 patriciis
510 2591 743 2645 petentibus
764 2592 811 2632 P.
835 2592 1027 2637 Cornelio
1047 2592 1260 2641 Merenda,
1287 2592 1340 2632 L.
1355 2590 1514 2632 Manlio

162 2651 362 2702 Volsone,
389 2652 450 2694 M.
466 2652 646 2693 Aemilio
665 2654 848 2708 Lepido,
875 2655 1036 2696 duobus
1058 2654 1263 2696 nobilibus
1289 2654 1370 2694 iam
1397 2653 1515 2694 fami·
1541 2668 1558 2697 2

1542 1619 1558 1646 *1
