1815 3184
493 244 646 279 LIBER
671 244 820 288 XXVI,
845 244 899 278 46.
915 244 968 277 47.
998 246 1046 287 [a.
1063 243 1101 277 o,
1115 243 1196 286 210]
1438 232 1518 273 317

176 349 357 402 forisque
394 348 544 402 pariter
578 347 748 402 refringi
784 353 945 400 coepta3
988 353 1028 387 et
1063 360 1160 386 mox
1189 344 1396 386 caedendo
1431 358 1527 384 eon-

176 410 294 451 fectis
321 424 368 450 ac
393 410 615 458 distractis,
642 424 692 449 ne
717 409 792 449 iter
815 408 1082 462 inpediretur,
1108 407 1264 448 foribus
1289 406 1434 447 'armati
1452 406 1528 445 im-

175 479 316 526 petum
336 471 531 512 fecerunt.
574 486 726 525 magna
745 470 962 510 multitudo
983 476 1021 509 et
1040 484 1178 509 muros
1199 467 1525 515 transcendebat,
1554 480 1570 509 7

178 534 250 574 sed
280 533 308 573 ii
333 533 487 587 passim
518 532 570 572 ad
600 533 768 572 caedem
799 531 1095 585 oppidanorum
1126 530 1252 578 versi3
1300 529 1386 577 illa,
1423 542 1528 581 quae

176 602 337 649 portam
362 595 548 649 ingressa
573 600 675 642 erat,
713 594 820 633 iusta
850 593 956 633 acies
989 607 1081 633 cum
1112 591 1304 640 ducibus,
1342 606 1434 631 cum
1466 605 1530 630 or-

178 656 341 697 dinibus
368 656 502 696 media
526 655 626 696 urbe
652 656 693 695 in
719 655 851 695 forum
878 654 1090 708 processit.
1138 654 1232 693 inde
1254 667 1346 694 cum
1368 651 1528 692 duobus
1555 664 1573 693 S

177 718 389 759 itineribus
428 717 621 772 fugientis
658 718 813 757 videret
850 716 996 765 hostis,
1035 716 1135 756 alios
1173 716 1225 755 ad
1256 715 1458 755 tumulum
1488 714 1531 753 in

180 780 377 821 orientem
414 794 599 827 versum,
649 779 719 831 qui
754 777 969 818 tenebatur
1004 777 1320 832 quingentorum
1357 775 1530 815 militum

178 842 400 896 praesidio,
439 841 539 881 alios
577 841 618 880 in
655 854 807 888 arcem,
845 840 887 879 in
923 854 1046 891 quam
1084 846 1123 879 et
1158 839 1245 892 ipse
1276 839 1406 892 Mago
1438 852 1530 877 cum

179 904 368 944 omnibus
401 903 486 943 fere
518 902 682 942 armatis
714 902 783 953 qui
814 901 940 941 muris
971 900 1080 954 pulsi
1116 900 1278 940 fuerant
1309 900 1529 953 refugerat,

178 965 324 1019 partim
351 965 557 1018 copiarum
584 963 635 1003 ad
654 962 856 1002 tumulum
879 962 1197 1016 expugnandum
1218 962 1356 1009 mittit,
1382 960 1531 1014 partim

178 1027 266 1080 ipse
292 1026 343 1066 ad
369 1040 503 1066 arcem
529 1024 651 1064 ducit.
701 1030 740 1063 et
766 1023 946 1063 tumulus
972 1023 1103 1076 primo
1128 1023 1284 1076 impetu
1305 1030 1367 1062 est
1387 1028 1530 1074 captus

177 1096 217 1126 et
242 1087 389 1141 Mago,
428 1100 563 1126 arcem
594 1092 763 1125 conatus
790 1084 1028 1132 defendere,
1067 1099 1161 1124 eum
1186 1083 1323 1124 omnia
1351 1083 1532 1123 hostium
1557 1093 1575 1122 9

177 1149 298 1202 plena
334 1148 489 1187 videret
524 1161 657 1199 neque
694 1160 808 1200 spem
845 1145 972 1185 ullam
1011 1159 1121 1193 esse,
1160 1159 1203 1185 se
1240 1158 1456 1196 arcemque
1494 1150 1533 1183 et

177 1209 428 1264 praesidium
465 1209 630 1249 dedidit.
692 1208 827 1261 quoad
864 1208 1002 1247 dedita.
1037 1222 1110 1247 arx
1147 1212 1226 1255 est,
1266 1206 1412 1246 caedes
1450 1211 1533 1245 tota
1561 1215 1601 1244 10

178 1271 279 1312 tube
309 1270 466 1325 passim
497 1270 648 1318 factae,
697 1283 773 1309 nec
804 1269 876 1308 ulli
910 1268 1131 1322 puberum,
1169 1268 1240 1321 qui
1271 1267 1416 1308 obvius
1444 1266 1533 1314 fuit,

179 1332 440 1387 pareebatur3
466 1338 551 1372 tum
579 1332 696 1386 signo
723 1332 817 1371 dato
845 1330 1038 1371 caedibus
1061 1330 1152 1371 finis
1175 1330 1322 1378 factus,
1350 1330 1401 1369 ad
1419 1343 1536 1383 prae-

179 1393 275 1434 dam
300 1394 474 1434 victores
499 1394 624 1442 versi,
651 1408 755 1445 quae
780 1392 925 1447 ingens
951 1392 1084 1433 omnis
1110 1391 1271 1446 generis
1297 1391 1386 1430 fuit.

267 1455 560 1496 XXXXVII.
632 1454 879 1495 Liberorum
928 1454 1107 1507 capitum
1155 1453 1270 1493 virile
1320 1467 1439 1493 secus
1483 1451 1535 1491 ad
1564 1463 1577 1492 1

183 1517 323 1557 decem
360 1517 470 1557 milia
506 1523 635 1570 capta.
707 1516 801 1556 inde
844 1516 913 1568 qui
948 1516 1058 1556 cives
1101 1529 1233 1555 novae
1272 1513 1536 1567 Carthaginis

184 1586 296 1618 erant
328 1578 497 1626 dimisit,
536 1577 759 1629 urbemque
790 1584 829 1617 et
861 1592 934 1617 sua
965 1577 1119 1625 onmia,
1157 1591 1262 1629 quae
1292 1576 1447 1627 reliqua
1478 1574 1536 1613 eis

183 1639 336 1680 bellum
362 1639 532 1687 fecerat,
564 1638 750 1678 restituit.
812 1638 980 1691 opifices
1007 1638 1059 1677 ad
1084 1638 1164 1678 duo
1189 1637 1301 1677 milia
1326 1636 1538 1677 hominum

185 1708 316 1742 crant:
366 1715 434 1741 eos
465 1699 651 1754 publicos
683 1700 770 1739 fore
805 1699 947 1752 populi
976 1698 1153 1739 Romani
1185 1698 1310 1738 edixit
1341 1712 1433 1738 cum
1467 1711 1538 1750 spe

184 1763 413 1817 propinqua
443 1761 658 1809 libertatis,
698 1761 731 1801 si
762 1761 814 1800 ad
844 1760 1068 1800 ministeria
1099 1760 1195 1800 belli
1226 1759 1343 1800 enixe
1373 1773 1539 1812 operam

185 1830 419 1865 navassent.
481 1830 655 1863 ceteram
687 1822 989 1862 multitudinem
1020 1821 1246 1862 incolarum
1270 1821 1465 1860 iuvenum
1492 1833 1539 1859 ac
1565 1830 1583 1859 3

186 1886 414 1926 validorum
458 1899 668 1925 servorum
710 1884 752 1923 in
793 1883 967 1924 classem
1010 1883 1062 1923 ad
1105 1883 1435 1937 supplementum
1477 1896 1540 1922 re-

187 1947 345 2001 migum
376 1946 505 1995 dedit3
544 1952 583 1985 et
614 1951 782 1985 auxerat
812 1944 986 1984 navibus
1018 1951 1109 1984 octo
1140 1944 1311 1998 captivis
1350 1943 1536 1984 classem.

188 2016 302 2049 extra
326 2008 430 2048 hanc
456 2007 755 2048 multitudinem
782 2006 1064 2060 Hispanorum
1091 2005 1254 2046 obsides
1282 2011 1412 2053 erant,
1439 2019 1541 2056 quo·
1566 2016 1584 2044 4

188 2085 278 2110 rum
314 2070 481 2123 perinde
520 2084 567 2110 ac
604 2069 639 2109 si
681 2069 884 2109 sociorum
926 2067 1042 2107 liberi
1084 2075 1221 2108 essent
1257 2081 1350 2107 cura
1388 2066 1539 2106 habita.

189 2138 332 2185 captus
371 2138 410 2171 et
452 2137 670 2185 apparatus
714 2130 858 2184 ingens
900 2129 1019 2170 belli:
1069 2129 1295 2183 catapultae
1338 2128 1540 2168 maximae
1567 2139 1585 2168 5

189 2193 346 2233 formae
377 2200 540 2233 eentum
570 2192 733 2246 viginti,
771 2191 947 2231 minores
979 2190 1178 2231 ducentae
1211 2190 1417 2244 octoginta
1446 2204 1540 2237 una,

190 2253 376 2294 ballistae
401 2254 574 2294 malores
601 2253 746 2307 viginti
771 2260 872 2301 tres,
899 2252 1075 2292 minores
1102 2251 1399 2305 quinquaginta
1423 2251 1540 2299 duae,
1568 2263 1586 2292 6

193 2315 452 2368 scorpionum
483 2315 683 2355 maiorum
724 2314 1009 2366 minorumque
1041 2320 1080 2353 et
1116 2327 1320 2353 armorum
1351 2312 1543 2352 telorum-

192 2391 271 2429 que
290 2376 435 2430 ingens
460 2391 673 2425 numerus,
702 2376 819 2430 signa
843 2375 1033 2415 militaria
1059 2375 1317 2429 septuaginta
1338 2380 1540 2426 quattuor.

192 2447 231 2477 et
272 2437 359 2477 auri
402 2438 640 2491 argentique
681 2437 808 2477 relata
849 2436 901 2476 ad
935 2436 1222 2490 imperatorem
1264 2451 1414 2490 magna.
1454 2435 1540 2475 vis:
1571 2448 1586 2477 7

192 2506 355 2553 paterae
388 2513 535 2539 aureae
566 2499 729 2539 fuerunt
765 2499 964 2538 ducentae
996 2498 1255 2552 septuaginta
1292 2511 1382 2545 sex,
1419 2496 1542 2537 libras

192 2561 320 2601 ferme
352 2576 492 2601 omnes
522 2562 679 2615 pondo3
717 2560 875 2615 argenti
911 2559 1051 2600 infecti
1077 2560 1307 2614 signatique
1338 2560 1479 2600 decem
1505 2565 1544 2599 et

191 2629 283 2663 octo
314 2622 425 2663 milia
455 2629 494 2663 et
525 2629 705 2668 trecenta
739 2621 894 2676 pondo,
926 2636 1118 2667 vasorum
1149 2628 1432 2675 argenteorum
1458 2635 1545 2660 ma-

193 2699 299 2740 gnus
336 2699 544 2725 numerus.
615 2684 717 2725 haec
747 2683 884 2725 omnia
916 2681 964 2724 C.
992 2683 1194 2724 Flaminio
1236 2682 1441 2736 quaestori
1473 2682 1544 2722 ad·
1569 2693 1588 2723 8

1563 1648 1581 1676 Ν)
