1815 3184
303 232 386 273 490
631 237 781 272 LIBER
803 221 928 281 xxx,
955 238 986 271 s,
1007 238 1038 271 9.
1067 238 1303 282 [a.u.e.551]

300 343 517 389 intentum,
553 340 715 392 iamque
745 339 954 379 machinas
987 339 1271 380 admoventem
1301 341 1428 381 muris
1464 342 1637 384 advertit

257 419 274 447 ρ
300 404 410 443 fama
432 400 699 455 redintegrati
723 400 838 449 belli,
875 400 1128 454 modicisque
1157 401 1357 455 praesidis
1383 402 1435 442 ad
1461 403 1636 456 speciem

298 464 420 504 modo
456 462 680 503 obsidionis
718 469 825 502 terra
859 462 1042 515 marique
1071 462 1221 503 relictis
1251 462 1340 517 ipse
1371 478 1463 503 cum
1493 465 1638 506 robore

257 540 274 568 3
301 523 501 565 exercitus
526 524 584 565 ire
610 524 663 564 ad
687 523 816 564 hostis
842 523 988 578 pergit.
1046 523 1177 578 primo
1202 524 1244 564 in
1268 525 1423 566 tumulo
1449 532 1638 578 quattuor

299 585 410 626 milia
446 586 574 626 ferme
611 585 788 626 distante
825 585 875 625 ab
908 585 1050 626 castris
1081 585 1205 640 regiis
1237 586 1439 635 consedit3
1474 593 1639 641 postero

299 648 363 688 die
389 662 481 688 cum
506 647 689 700 equitatu
714 647 756 687 in
780 662 954 701 magnos
979 670 1013 675 —
1035 647 1091 687 ita
1115 657 1264 689 vocant
1286 673 1320 678 —
1344 663 1509 703 campos
1542 649 1638 689 sub-

297 710 424 750 iectos
450 710 487 750 ei
512 710 668 750 tumulo
694 709 935 764 degressus,
974 710 1231 751 succedendo
1263 711 1314 750 ad
1346 710 1540 751 stationes
1565 710 1638 751 ho-

253 786 273 815 4
300 771 422 812 stium
451 771 775 824 lacessendoque
804 771 963 812 levibus
993 771 1158 825 proeliis
1190 772 1297 812 diem
1328 772 1540 813 absumsit.
1599 779 1639 813 et

297 848 371 888 per
399 833 621 886 insequens
652 833 823 873 biduum
854 833 1115 874 tumultuosis
1147 833 1242 874 hinc
1278 841 1398 887 atque
1428 834 1540 873 illinc
1569 848 1639 874 ex-

298 895 554 936 cursionibus
590 895 632 935 in
667 895 800 935 vicem
834 894 935 935 nihil
966 895 1076 936 (lictu
1108 895 1206 936 satis
1238 895 1408 950 dignum
1438 895 1639 936 fecerunt:

254 972 273 1001 5
298 964 442 1010 quarto
469 957 533 998 die
558 956 599 997 in
625 956 754 997 aciem
783 956 986 1010 utrimque
1017 957 1263 998 descensum
1293 965 1368 998 est.
1426 957 1640 998 Romanus

297 1018 502 1073 principes
527 1026 622 1072 post
646 1018 900 1059 hastatorum
924 1018 1056 1073 prima
1081 1019 1217 1073 signa,
1254 1019 1296 1059 in
1327 1018 1520 1060 subsidiis
1547 1018 1641 1058 tria-

297 1080 379 1120 rios
410 1080 637 1129 constituit3
675 1080 899 1132 equitatum
929 1080 1119 1120 Italicum
1150 1081 1201 1121 ab
1233 1081 1376 1122 dextro
1407 1095 1551 1129 cornu,
1589 1080 1640 1120 ab

255 1156 272 1185 6
298 1142 416 1183 laevo
447 1142 647 1183 Numidas
679 1142 1030 1194 Masinissamque
1062 1142 1266 1196 opposuit.
1327 1142 1499 1197 Syphax
1528 1144 1640 1182 Has-

299 1203 524 1256 drubalque
548 1203 776 1244 Numidicis
810 1203 1007 1243 adversus
1037 1203 1227 1243 Italicum
1257 1204 1499 1256 equitatum,
1537 1202 1640 1244 Car-

298 1264 618 1319 thaginiensium
643 1272 783 1305 contra
806 1264 1075 1304 Masinissam
1099 1264 1261 1314 locatis,
1300 1263 1529 1305 Celtiberos
1554 1279 1640 1304 me-

299 1326 408 1366 diam
434 1327 563 1366 aciem
586 1326 627 1366 in
653 1326 826 1366 adversa
852 1325 971 1379 signa
1000 1325 1208 1380 legionum
1233 1340 1440 1380 accepere.
1498 1326 1555 1366 ita
1578 1326 1640 1366 in-

256 1403 272 1431 7
300 1388 441 1429 structi
472 1397 729 1429 concurrunt.
789 1387 920 1441 primo
949 1387 1105 1442 impetu
1137 1387 1257 1427 simul
1287 1396 1457 1440 utraque
1489 1402 1640 1428 cornua

298 1457 339 1490 et
372 1450 574 1490 Numidae
611 1458 650 1490 et
687 1448 1051 1503 Carthaginienses
1088 1449 1214 1503 pulsi:
1257 1464 1353 1488 nam
1388 1463 1520 1501 neque
1554 1449 1640 1489 Nu-

296 1511 448 1559 midae,
485 1511 665 1551 maxima
688 1526 783 1565 pars
815 1518 1018 1564 agrestes,
1055 1510 1291 1550 Romanum
1321 1510 1547 1563 equitatum
1570 1525 1641 1551 ne-

300 1588 377 1625 que
416 1571 802 1627 Carthaginienses,
840 1581 879 1612 et
915 1572 1003 1626 ipse
1037 1587 1169 1612 novus
1200 1572 1336 1620 miles,
1373 1572 1640 1613 Masinissam

252 1646 272 1676 S
297 1634 451 1674 recenti
477 1649 599 1689 super
625 1642 760 1674 cetera
780 1633 949 1673 victoria
969 1633 1191 1674 terribilem
1211 1633 1452 1674 sustinuere.
1489 1634 1643 1675 nudata

296 1696 499 1749 utrimque
525 1696 716 1737 cornibus
744 1694 1000 1736 Celtiberum
1032 1695 1139 1736 acies
1172 1696 1324 1745 stabat,
1362 1696 1472 1749 quod
1501 1710 1577 1737 nec
1600 1695 1641 1736 in

297 1759 397 1812 fuga
434 1758 543 1799 salus
580 1758 664 1798 ulla
706 1758 1000 1798 ostendebatur
1040 1757 1140 1798 locis
1182 1757 1334 1812 ignotis
1375 1772 1508 1810 neque
1545 1773 1639 1813 spes

296 1819 439 1861 veniae
471 1821 522 1860 ab
556 1818 749 1875 Scipione
781 1828 885 1868 erat,
929 1833 1051 1872 quem
1080 1819 1185 1860 bene
1214 1819 1404 1860 meritum
1434 1820 1484 1860 de
1522 1835 1565 1860 se
1602 1827 1642 1860 et

296 1890 418 1936 gente
456 1897 530 1923 sua
564 1881 854 1922 mercennariis
893 1881 1015 1921 armis
1051 1880 1093 1920 in
1128 1881 1316 1921 Africam
1358 1889 1639 1936 oppugnatum

253 1956 270 1985 9
297 1944 518 1984 venissent.
573 1943 697 1998 igitur
723 1943 980 1983 circumfusis
1006 1943 1186 1996 undique
1211 1942 1398 1983 hostibus
1424 1943 1492 1983 alii
1518 1958 1639 1997 super

298 2005 398 2046 alios
425 2005 619 2046 cadentes
646 2005 849 2046 obstinate
875 2004 1170 2053 moriebantur3
1209 2005 1478 2058 omnibusque
1502 2004 1544 2044 in
1569 2020 1638 2045 eos

297 2067 425 2108 versis
452 2068 704 2120 aliquantum
730 2068 782 2108 ad
807 2067 949 2121 fugam
974 2066 1168 2121 temporis
1197 2066 1368 2120 Syphax
1394 2074 1434 2107 et
1451 2066 1641 2107 Hasdru-

296 2129 362 2169 bal
393 2138 703 2184 praeceperunt.
769 2130 964 2185 fatigatos
1003 2129 1128 2169 caede
1165 2129 1316 2169 diutius
1349 2143 1471 2182 quam
1500 2144 1641 2184 pugna

297 2191 472 2232 victores
499 2208 581 2233 nox
607 2192 823 2247 oppressit.

256 2267 269 2294 1
381 2254 529 2296 VIIII.
595 2254 771 2294 Postero
803 2253 867 2294 die
900 2252 1039 2308 Scipio
1070 2253 1261 2294 Laelium
1291 2252 1641 2307 Masinissamque

297 2328 389 2354 cum
425 2316 535 2356 omni
569 2316 758 2357 Romano
802 2323 843 2356 et
877 2315 1094 2356 Numidico
1136 2315 1318 2369 equitatu
1360 2315 1641 2370 expeditisque

297 2377 469 2417 militum
501 2378 553 2417 ad
582 2378 889 2432 persequendos
924 2376 1159 2432 Syphacem
1190 2385 1311 2429 atque
1336 2377 1641 2417 Hasdrubalem

254 2451 272 2479 2
298 2439 417 2478 mittit
427 2456 437 2488 3
464 2440 552 2493 ipse
579 2454 671 2480 cum
696 2440 842 2481 robore
869 2439 1070 2479 exercitus
1090 2440 1212 2479 urbes
1234 2439 1359 2487 circa,
1385 2453 1489 2491 quae
1508 2438 1640 2479 omnis

299 2498 703 2555 Carthaginiensium
752 2501 922 2542 dicionis
972 2509 1104 2549 erant,
1152 2500 1301 2555 partim
1349 2515 1440 2554 spe,
1493 2499 1641 2554 partim

255 2574 272 2602 3
298 2570 426 2610 metm,
464 2563 613 2617 partim
644 2563 685 2603 vi
717 2563 876 2603 subicit.
926 2562 1169 2617 Carthagini
1195 2570 1279 2602 erat
1305 2562 1470 2615 quidem
1494 2562 1639 2616 ingens

299 2630 444 2672 terror,
481 2632 521 2664 et
545 2625 900 2665 circumferentem
932 2640 1045 2665 arma
1071 2624 1307 2678 Scipionem
1338 2624 1525 2665 omnibus
1550 2621 1640 2662 fini-

300 2682 407 2723 timis
437 2686 586 2738 raptim
614 2686 853 2740 perdomitis
884 2686 1016 2740 ipsam
1048 2685 1344 2740 Carthaginem
1372 2691 1540 2739 repente
1570 2682 1640 2722 ad-
