<?xml version="1.0" encoding="UTF-8"?>
<!DOCTYPE html PUBLIC "-//W3C//DTD XHTML 1.0 Transitional//EN"
    "http://www.w3.org/TR/xhtml1/DTD/xhtml1-transitional.dtd">
<html xmlns="http://www.w3.org/1999/xhtml" xml:lang="en" lang="en">
 <head>
  <title>
</title>
<meta http-equiv="Content-Type" content="text/html;charset=utf-8" />
  <meta name='ocr-system' content='tesseract 3.04.00' />
  <meta name='ocr-capabilities' content='ocr_page ocr_carea ocr_par ocr_line ocrx_word'/>
</head>
<body>
  <div class='ocr_page' id='page_1' title='image "./aburbeconditalib02livyuoft_0238.png"; bbox 0 0 1815 3184; ppageno 0'>
   <div class='ocr_carea' id='block_1_1' title="bbox 281 248 1339 300">
    <p class='ocr_par' dir='ltr' id='par_1_1' title="bbox 281 248 1339 300">
     <span class='ocr_line' id='line_1_1' title="bbox 281 248 1339 300; baseline 0.002 -12"><span class='ocrx_word' id='word_1_1' title='bbox 281 248 361 289; x_wconf 85' lang='lat'>134</span> <span class='ocrx_word' id='word_1_2' title='bbox 559 255 712 289; x_wconf 79' lang='lat' dir='ltr'>LIBER</span> <span class='ocrx_word' id='word_1_3' title='bbox 737 254 888 298; x_wconf 77' lang='lat' dir='ltr'>xxm,</span> <span class='ocrx_word' id='word_1_4' title='bbox 916 255 1073 289; x_wconf 75' lang='lat'>19-21.</span> <span class='ocrx_word' id='word_1_5' title='bbox 1102 258 1150 298; x_wconf 87' lang='lat' dir='ltr'>[a.</span> <span class='ocrx_word' id='word_1_6' title='bbox 1165 267 1199 290; x_wconf 86' lang='lat' dir='ltr'>u.</span> <span class='ocrx_word' id='word_1_7' title='bbox 1214 267 1244 290; x_wconf 73' lang='grc' dir='ltr'>ο.</span> <span class='ocrx_word' id='word_1_8' title='bbox 1258 256 1339 300; x_wconf 74' lang='lat'>538]</span> 
     </span>
    </p>
   </div>
   <div class='ocr_carea' id='block_1_2' title="bbox 192 357 1623 2752">
    <p class='ocr_par' dir='ltr' id='par_1_2' title="bbox 270 357 1623 534">
     <span class='ocr_line' id='line_1_2' title="bbox 270 357 1621 412; baseline 0.003 -15"><span class='ocrx_word' id='word_1_9' title='bbox 270 359 331 398; x_wconf 90' lang='lat' dir='ltr'>M.</span> <span class='ocrx_word' id='word_1_10' title='bbox 352 357 547 398; x_wconf 82' lang='lat' dir='ltr'>Anicium</span> <span class='ocrx_word' id='word_1_11' title='bbox 568 372 642 411; x_wconf 91' lang='lat' dir='ltr'>pro</span> <span class='ocrx_word' id='word_1_12' title='bbox 662 357 873 407; x_wconf 79' lang='lat' dir='ltr'>militibus,</span> <span class='ocrx_word' id='word_1_13' title='bbox 900 358 970 411; x_wconf 89' lang='lat' dir='ltr'>qui</span> <span class='ocrx_word' id='word_1_14' title='bbox 985 357 1158 398; x_wconf 83' lang='lat' dir='ltr'>Casilini</span> <span class='ocrx_word' id='word_1_15' title='bbox 1176 358 1218 398; x_wconf 91' lang='lat' dir='ltr'>in</span> <span class='ocrx_word' id='word_1_16' title='bbox 1237 359 1440 412; x_wconf 87' lang='lat' dir='ltr'>praesidio</span> <span class='ocrx_word' id='word_1_17' title='bbox 1459 359 1621 410; x_wconf 85' lang='lat' dir='ltr'>fuerint,</span> 
     </span>
     <span class='ocr_line' id='line_1_3' title="bbox 270 419 1623 475; baseline 0.002 -15"><span class='ocrx_word' id='word_1_18' title='bbox 270 427 410 460; x_wconf 77' lang='lat' dir='ltr'>votum</span> <span class='ocrx_word' id='word_1_19' title='bbox 440 419 616 459; x_wconf 75' lang='lat' dir='ltr'>vovisse.</span> <span class='ocrx_word' id='word_1_20' title='bbox 677 419 786 459; x_wconf 88' lang='lat' dir='ltr'>idem</span> <span class='ocrx_word' id='word_1_21' title='bbox 817 419 958 460; x_wconf 90' lang='lat' dir='ltr'>titulus</span> <span class='ocrx_word' id='word_1_22' title='bbox 990 419 1119 460; x_wconf 89' lang='lat' dir='ltr'>tribus</span> <span class='ocrx_word' id='word_1_23' title='bbox 1152 420 1280 475; x_wconf 84' lang='lat' dir='ltr'>signis</span> <span class='ocrx_word' id='word_1_24' title='bbox 1316 421 1358 461; x_wconf 92' lang='lat' dir='ltr'>in</span> <span class='ocrx_word' id='word_1_25' title='bbox 1394 422 1493 462; x_wconf 87' lang='lat' dir='ltr'>aede</span> <span class='ocrx_word' id='word_1_26' title='bbox 1523 422 1623 463; x_wconf 89' lang='lat' dir='ltr'>For-</span> 
     </span>
     <span class='ocr_line' id='line_1_4' title="bbox 271 480 912 534; baseline 0.003 -14"><span class='ocrx_word' id='word_1_27' title='bbox 271 493 392 521; x_wconf 82' lang='lat' dir='ltr'>tunae</span> <span class='ocrx_word' id='word_1_28' title='bbox 417 481 561 534; x_wconf 89' lang='lat' dir='ltr'>positis</span> <span class='ocrx_word' id='word_1_29' title='bbox 587 480 665 520; x_wconf 87' lang='lat' dir='ltr'>fuit</span> <span class='ocrx_word' id='word_1_30' title='bbox 691 481 912 522; x_wconf 86' lang='lat' dir='ltr'>subiectus.</span> 
     </span>
    </p>

    <p class='ocr_par' dir='ltr' id='par_1_3' title="bbox 228 541 1623 722">
     <span class='ocr_line' id='line_1_5' title="bbox 228 541 1621 598; baseline 0.003 -17"><span class='ocrx_word' id='word_1_31' title='bbox 228 557 241 585; x_wconf 89' lang='lat'>1</span> <span class='ocrx_word' id='word_1_32' title='bbox 353 541 461 582; x_wconf 83' lang='lat' dir='ltr'>XX.</span> <span class='ocrx_word' id='word_1_33' title='bbox 537 542 766 583; x_wconf 86' lang='lat' dir='ltr'>Casilinum</span> <span class='ocrx_word' id='word_1_34' title='bbox 804 543 1001 597; x_wconf 89' lang='lat' dir='ltr'>oppidum</span> <span class='ocrx_word' id='word_1_35' title='bbox 1043 543 1247 583; x_wconf 86' lang='lat' dir='ltr'>redditum</span> <span class='ocrx_word' id='word_1_36' title='bbox 1286 543 1510 598; x_wconf 85' lang='lat' dir='ltr'>Campanis</span> <span class='ocrx_word' id='word_1_37' title='bbox 1548 553 1621 595; x_wconf 90' lang='lat' dir='ltr'>est,</span> 
     </span>
     <span class='ocr_line' id='line_1_6' title="bbox 268 603 1622 658; baseline 0.002 -15"><span class='ocrx_word' id='word_1_38' title='bbox 268 603 473 643; x_wconf 87' lang='lat' dir='ltr'>firmatum</span> <span class='ocrx_word' id='word_1_39' title='bbox 506 604 858 658; x_wconf 83' lang='lat' dir='ltr'>septingentorum</span> <span class='ocrx_word' id='word_1_40' title='bbox 888 605 1062 644; x_wconf 85' lang='lat' dir='ltr'>militum</span> <span class='ocrx_word' id='word_1_41' title='bbox 1093 605 1143 645; x_wconf 92' lang='lat' dir='ltr'>de</span> <span class='ocrx_word' id='word_1_42' title='bbox 1169 605 1350 645; x_wconf 79' lang='lat' dir='ltr'>exercitu</span> <span class='ocrx_word' id='word_1_43' title='bbox 1374 605 1622 647; x_wconf 79' lang='lat' dir='ltr'>Hannibalis</span> 
     </span>
     <span class='ocr_line' id='line_1_7' title="bbox 266 665 1623 722; baseline 0.001 -17"><span class='ocrx_word' id='word_1_44' title='bbox 266 665 488 719; x_wconf 87' lang='lat' dir='ltr'>praesidio,</span> <span class='ocrx_word' id='word_1_45' title='bbox 525 680 577 706; x_wconf 89' lang='lat' dir='ltr'>ne</span> <span class='ocrx_word' id='word_1_46' title='bbox 614 665 685 706; x_wconf 90' lang='lat' dir='ltr'>ubi</span> <span class='ocrx_word' id='word_1_47' title='bbox 709 666 875 706; x_wconf 87' lang='lat' dir='ltr'>Poenus</span> <span class='ocrx_word' id='word_1_48' title='bbox 912 666 1006 706; x_wconf 89' lang='lat' dir='ltr'>inde</span> <span class='ocrx_word' id='word_1_49' title='bbox 1044 665 1314 707; x_wconf 79' lang='lat' dir='ltr'>abscessisset</span> <span class='ocrx_word' id='word_1_50' title='bbox 1344 667 1521 707; x_wconf 84' lang='lat' dir='ltr'>Romani</span> <span class='ocrx_word' id='word_1_51' title='bbox 1551 682 1623 722; x_wconf 89' lang='lat' dir='ltr'>op-</span> 
     </span>
    </p>

    <p class='ocr_par' dir='ltr' id='par_1_4' title="bbox 223 727 1623 900">
     <span class='ocr_line' id='line_1_8' title="bbox 223 727 1623 783; baseline 0.001 -15"><span class='ocrx_word' id='word_1_52' title='bbox 223 742 240 769; x_wconf 75' lang='lat'>2</span> <span class='ocrx_word' id='word_1_53' title='bbox 266 735 508 782; x_wconf 80' lang='lat' dir='ltr'>pugnarent.</span> <span class='ocrx_word' id='word_1_54' title='bbox 547 727 826 768; x_wconf 79' lang='lat' dir='ltr'>Praenestinis</span> <span class='ocrx_word' id='word_1_55' title='bbox 841 728 1038 768; x_wconf 86' lang='lat' dir='ltr'>militibus</span> <span class='ocrx_word' id='word_1_56' title='bbox 1054 736 1220 770; x_wconf 87' lang='lat' dir='ltr'>senatus</span> <span class='ocrx_word' id='word_1_57' title='bbox 1235 729 1450 769; x_wconf 85' lang='lat' dir='ltr'>Romanus</span> <span class='ocrx_word' id='word_1_58' title='bbox 1469 729 1623 783; x_wconf 79' lang='lat' dir='ltr'>duplex</span> 
     </span>
     <span class='ocr_line' id='line_1_9' title="bbox 269 789 1621 843; baseline 0.001 -14"><span class='ocrx_word' id='word_1_59' title='bbox 269 789 518 843; x_wconf 76' lang='lat' dir='ltr'>stipendium</span> <span class='ocrx_word' id='word_1_60' title='bbox 555 796 594 830; x_wconf 89' lang='lat' dir='ltr'>et</span> <span class='ocrx_word' id='word_1_61' title='bbox 636 790 890 843; x_wconf 85' lang='lat' dir='ltr'>quinquenni</span> <span class='ocrx_word' id='word_1_62' title='bbox 931 790 1100 830; x_wconf 89' lang='lat' dir='ltr'>militiae</span> <span class='ocrx_word' id='word_1_63' title='bbox 1136 791 1393 831; x_wconf 75' lang='lat' dir='ltr'>vacationem</span> <span class='ocrx_word' id='word_1_64' title='bbox 1429 790 1621 832; x_wconf 81' lang='lat' dir='ltr'>decrevit.</span> 
     </span>
     <span class='ocr_line' id='line_1_10' title="bbox 267 851 1620 900; baseline 0.001 -9"><span class='ocrx_word' id='word_1_65' title='bbox 267 851 429 892; x_wconf 76' lang='lat' dir='ltr'>civitate</span> <span class='ocrx_word' id='word_1_66' title='bbox 467 866 562 891; x_wconf 90' lang='lat' dir='ltr'>cum</span> <span class='ocrx_word' id='word_1_67' title='bbox 597 851 848 892; x_wconf 81' lang='lat' dir='ltr'>donarentur</span> <span class='ocrx_word' id='word_1_68' title='bbox 882 851 934 892; x_wconf 92' lang='lat' dir='ltr'>ob</span> <span class='ocrx_word' id='word_1_69' title='bbox 971 852 1183 900; x_wconf 62' lang='lat' dir='ltr'>virtutem,</span> <span class='ocrx_word' id='word_1_70' title='bbox 1231 867 1313 892; x_wconf 92' lang='lat' dir='ltr'>non</span> <span class='ocrx_word' id='word_1_71' title='bbox 1349 859 1620 893; x_wconf 76' lang='lat' dir='ltr'>mutaverunt.</span> 
     </span>
    </p>

    <p class='ocr_par' dir='ltr' id='par_1_5' title="bbox 221 912 1623 1016">
     <span class='ocr_line' id='line_1_11' title="bbox 221 912 1623 968; baseline 0.001 -15"><span class='ocrx_word' id='word_1_72' title='bbox 221 926 238 954; x_wconf 85' lang='lat'>3</span> <span class='ocrx_word' id='word_1_73' title='bbox 265 912 558 953; x_wconf 86' lang='lat' dir='ltr'>Perusinorum</span> <span class='ocrx_word' id='word_1_74' title='bbox 589 928 709 954; x_wconf 87' lang='lat' dir='ltr'>casus</span> <span class='ocrx_word' id='word_1_75' title='bbox 742 913 954 954; x_wconf 87' lang='lat' dir='ltr'>obscurior</span> <span class='ocrx_word' id='word_1_76' title='bbox 977 913 1090 954; x_wconf 86' lang='lat' dir='ltr'>fama</span> <span class='ocrx_word' id='word_1_77' title='bbox 1121 920 1200 962; x_wconf 86' lang='lat' dir='ltr'>est,</span> <span class='ocrx_word' id='word_1_78' title='bbox 1238 914 1307 967; x_wconf 88' lang='lat' dir='ltr'>qui</span> <span class='ocrx_word' id='word_1_79' title='bbox 1339 928 1414 968; x_wconf 79' lang='lat' dir='ltr'>nec</span> <span class='ocrx_word' id='word_1_80' title='bbox 1438 914 1623 968; x_wconf 87' lang='lat' dir='ltr'>ipsorum</span> 
     </span>
     <span class='ocr_line' id='line_1_12' title="bbox 265 975 1591 1016; baseline 0.001 -2"><span class='ocrx_word' id='word_1_81' title='bbox 265 986 528 1015; x_wconf 91' lang='lat' dir='ltr'>monumento</span> <span class='ocrx_word' id='word_1_82' title='bbox 554 975 636 1015; x_wconf 90' lang='lat' dir='ltr'>ullo</span> <span class='ocrx_word' id='word_1_83' title='bbox 662 982 723 1016; x_wconf 91' lang='lat' dir='ltr'>est</span> <span class='ocrx_word' id='word_1_84' title='bbox 748 975 985 1016; x_wconf 81' lang='lat' dir='ltr'>inlustratus</span> <span class='ocrx_word' id='word_1_85' title='bbox 1010 990 1086 1016; x_wconf 86' lang='lat' dir='ltr'>nec</span> <span class='ocrx_word' id='word_1_86' title='bbox 1112 976 1274 1016; x_wconf 87' lang='lat' dir='ltr'>decreto</span> <span class='ocrx_word' id='word_1_87' title='bbox 1298 975 1591 1016; x_wconf 85' lang='lat' dir='ltr'>Romanorum.</span> 
     </span>
    </p>

    <p class='ocr_par' dir='ltr' id='par_1_6' title="bbox 219 1036 1621 1214">
     <span class='ocr_line' id='line_1_13' title="bbox 219 1036 1620 1090; baseline 0.001 -14"><span class='ocrx_word' id='word_1_88' title='bbox 219 1048 240 1076; x_wconf 77' lang='lat'>4</span> <span class='ocrx_word' id='word_1_89' title='bbox 349 1036 510 1077; x_wconf 86' lang='lat' dir='ltr'>Eodem</span> <span class='ocrx_word' id='word_1_90' title='bbox 542 1043 725 1090; x_wconf 86' lang='lat' dir='ltr'>tempore</span> <span class='ocrx_word' id='word_1_91' title='bbox 756 1037 984 1086; x_wconf 83' lang='lat' dir='ltr'>Petelinos,</span> <span class='ocrx_word' id='word_1_92' title='bbox 1023 1037 1092 1090; x_wconf 86' lang='lat' dir='ltr'>qui</span> <span class='ocrx_word' id='word_1_93' title='bbox 1123 1038 1194 1077; x_wconf 93' lang='lat' dir='ltr'>uni</span> <span class='ocrx_word' id='word_1_94' title='bbox 1225 1051 1275 1077; x_wconf 88' lang='lat' dir='ltr'>ex</span> <span class='ocrx_word' id='word_1_95' title='bbox 1300 1037 1473 1077; x_wconf 87' lang='lat' dir='ltr'>Bruttiis</span> <span class='ocrx_word' id='word_1_96' title='bbox 1506 1052 1620 1077; x_wconf 86' lang='lat' dir='ltr'>man-</span> 
     </span>
     <span class='ocr_line' id='line_1_14' title="bbox 266 1098 1618 1153; baseline 0.001 -15"><span class='ocrx_word' id='word_1_97' title='bbox 266 1105 402 1138; x_wconf 82' lang='lat' dir='ltr'>serant</span> <span class='ocrx_word' id='word_1_98' title='bbox 436 1099 479 1138; x_wconf 90' lang='lat' dir='ltr'>in</span> <span class='ocrx_word' id='word_1_99' title='bbox 515 1099 694 1139; x_wconf 88' lang='lat' dir='ltr'>amicitia</span> <span class='ocrx_word' id='word_1_100' title='bbox 717 1099 924 1147; x_wconf 87' lang='lat' dir='ltr'>Romana,</span> <span class='ocrx_word' id='word_1_101' title='bbox 962 1114 1044 1139; x_wconf 91' lang='lat' dir='ltr'>non</span> <span class='ocrx_word' id='word_1_102' title='bbox 1082 1098 1446 1153; x_wconf 79' lang='lat' dir='ltr'>Carthaginienses</span> <span class='ocrx_word' id='word_1_103' title='bbox 1483 1099 1618 1147; x_wconf 86' lang='lat' dir='ltr'>mOdO‚</span> 
     </span>
     <span class='ocr_line' id='line_1_15' title="bbox 264 1160 1621 1214; baseline 0.001 -15"><span class='ocrx_word' id='word_1_104' title='bbox 264 1160 335 1212; x_wconf 88' lang='lat' dir='ltr'>qui</span> <span class='ocrx_word' id='word_1_105' title='bbox 359 1160 570 1214; x_wconf 82' lang='lat' dir='ltr'>regionem</span> <span class='ocrx_word' id='word_1_106' title='bbox 595 1160 850 1209; x_wconf 89' lang='lat' dir='ltr'>obtinebant,</span> <span class='ocrx_word' id='word_1_107' title='bbox 889 1170 951 1201; x_wconf 88' lang='lat' dir='ltr'>set</span> <span class='ocrx_word' id='word_1_108' title='bbox 975 1160 1112 1201; x_wconf 84' lang='lat' dir='ltr'>Brutti</span> <span class='ocrx_word' id='word_1_109' title='bbox 1139 1174 1301 1213; x_wconf 86' lang='lat' dir='ltr'>quoque</span> <span class='ocrx_word' id='word_1_110' title='bbox 1333 1160 1455 1200; x_wconf 82' lang='lat' dir='ltr'>ceteri</span> <span class='ocrx_word' id='word_1_111' title='bbox 1480 1160 1531 1201; x_wconf 92' lang='lat' dir='ltr'>ob</span> <span class='ocrx_word' id='word_1_112' title='bbox 1558 1175 1621 1200; x_wconf 92' lang='lat' dir='ltr'>se-</span> 
     </span>
    </p>

    <p class='ocr_par' dir='ltr' id='par_1_7' title="bbox 220 1221 1620 1521">
     <span class='ocr_line' id='line_1_16' title="bbox 220 1221 1620 1276; baseline 0 -15"><span class='ocrx_word' id='word_1_113' title='bbox 220 1235 238 1262; x_wconf 71' lang='lat'>5</span> <span class='ocrx_word' id='word_1_114' title='bbox 264 1228 404 1275; x_wconf 85' lang='lat' dir='ltr'>parata</span> <span class='ocrx_word' id='word_1_115' title='bbox 430 1221 480 1262; x_wconf 89' lang='lat' dir='ltr'>ab</span> <span class='ocrx_word' id='word_1_116' title='bbox 507 1236 550 1262; x_wconf 91' lang='lat' dir='ltr'>se</span> <span class='ocrx_word' id='word_1_117' title='bbox 576 1222 746 1262; x_wconf 85' lang='lat' dir='ltr'>consilia</span> <span class='ocrx_word' id='word_1_118' title='bbox 771 1221 1077 1276; x_wconf 86' lang='lat' dir='ltr'>oppugnabant.</span> <span class='ocrx_word' id='word_1_119' title='bbox 1129 1222 1279 1275; x_wconf 88' lang='lat' dir='ltr'>quibus</span> <span class='ocrx_word' id='word_1_120' title='bbox 1300 1237 1394 1262; x_wconf 89' lang='lat' dir='ltr'>cum</span> <span class='ocrx_word' id='word_1_121' title='bbox 1420 1221 1620 1262; x_wconf 90' lang='lat' dir='ltr'>obsistere</span> 
     </span>
     <span class='ocr_line' id='line_1_17' title="bbox 264 1283 1618 1337; baseline 0.001 -15"><span class='ocrx_word' id='word_1_122' title='bbox 264 1283 382 1323; x_wconf 89' lang='lat' dir='ltr'>malis</span> <span class='ocrx_word' id='word_1_123' title='bbox 413 1283 626 1336; x_wconf 87' lang='lat' dir='ltr'>nequirent</span> <span class='ocrx_word' id='word_1_124' title='bbox 651 1283 845 1332; x_wconf 84' lang='lat' dir='ltr'>Petelini,</span> <span class='ocrx_word' id='word_1_125' title='bbox 882 1283 1040 1337; x_wconf 87' lang='lat' dir='ltr'>legatos</span> <span class='ocrx_word' id='word_1_126' title='bbox 1072 1283 1248 1324; x_wconf 85' lang='lat' dir='ltr'>Romam</span> <span class='ocrx_word' id='word_1_127' title='bbox 1281 1284 1332 1324; x_wconf 92' lang='lat' dir='ltr'>ad</span> <span class='ocrx_word' id='word_1_128' title='bbox 1368 1284 1618 1337; x_wconf 83' lang='lat' dir='ltr'>praesidium</span> 
     </span>
     <span class='ocr_line' id='line_1_18' title="bbox 264 1344 1619 1398; baseline -0.001 -14"><span class='ocrx_word' id='word_1_129' title='bbox 264 1344 487 1397; x_wconf 90' lang='lat' dir='ltr'>petendum</span> <span class='ocrx_word' id='word_1_130' title='bbox 534 1345 743 1385; x_wconf 85' lang='lat' dir='ltr'>miserunt.</span> <span class='ocrx_word' id='word_1_131' title='bbox 817 1359 991 1398; x_wconf 88' lang='lat' dir='ltr'>quorum</span> <span class='ocrx_word' id='word_1_132' title='bbox 1038 1359 1180 1398; x_wconf 83' lang='lat' dir='ltr'>preces</span> <span class='ocrx_word' id='word_1_133' title='bbox 1222 1345 1496 1397; x_wconf 81' lang='lat' dir='ltr'>lacrimaeque</span> <span class='ocrx_word' id='word_1_134' title='bbox 1520 1369 1554 1373; x_wconf 89' lang='lat'>—</span> <span class='ocrx_word' id='word_1_135' title='bbox 1577 1345 1619 1384; x_wconf 89' lang='lat' dir='ltr'>in</span> 
     </span>
     <span class='ocr_line' id='line_1_19' title="bbox 264 1406 1618 1459; baseline -0.001 -13"><span class='ocrx_word' id='word_1_136' title='bbox 264 1412 434 1458; x_wconf 85' lang='lat' dir='ltr'>questus</span> <span class='ocrx_word' id='word_1_137' title='bbox 472 1407 580 1446; x_wconf 84' lang='lat' dir='ltr'>enim</span> <span class='ocrx_word' id='word_1_138' title='bbox 616 1406 791 1455; x_wconf 87' lang='lat' dir='ltr'>flebiles,</span> <span class='ocrx_word' id='word_1_139' title='bbox 831 1421 924 1447; x_wconf 87' lang='lat' dir='ltr'>cum</span> <span class='ocrx_word' id='word_1_140' title='bbox 961 1406 1123 1447; x_wconf 85' lang='lat' dir='ltr'>sibimet</span> <span class='ocrx_word' id='word_1_141' title='bbox 1159 1407 1238 1459; x_wconf 84' lang='lat' dir='ltr'>ipsi</span> <span class='ocrx_word' id='word_1_142' title='bbox 1275 1406 1487 1446; x_wconf 91' lang='lat' dir='ltr'>consulere</span> <span class='ocrx_word' id='word_1_143' title='bbox 1517 1406 1618 1445; x_wconf 89' lang='lat' dir='ltr'>iussi</span> 
     </span>
     <span class='ocr_line' id='line_1_20' title="bbox 264 1467 1618 1521; baseline 0 -14"><span class='ocrx_word' id='word_1_144' title='bbox 264 1476 381 1516; x_wconf 90' lang='lat' dir='ltr'>sunt,</span> <span class='ocrx_word' id='word_1_145' title='bbox 433 1483 522 1508; x_wconf 87' lang='lat' dir='ltr'>sese</span> <span class='ocrx_word' id='word_1_146' title='bbox 560 1468 602 1508; x_wconf 89' lang='lat' dir='ltr'>in</span> <span class='ocrx_word' id='word_1_147' title='bbox 639 1468 840 1509; x_wconf 84' lang='lat' dir='ltr'>vestibulo</span> <span class='ocrx_word' id='word_1_148' title='bbox 879 1468 1015 1508; x_wconf 90' lang='lat' dir='ltr'>curiae</span> <span class='ocrx_word' id='word_1_149' title='bbox 1057 1467 1329 1521; x_wconf 86' lang='lat' dir='ltr'>profuderunt</span> <span class='ocrx_word' id='word_1_150' title='bbox 1352 1491 1386 1496; x_wconf 85' lang='lat'><em>-</em></span> <span class='ocrx_word' id='word_1_151' title='bbox 1409 1467 1618 1521; x_wconf 87' lang='lat' dir='ltr'>ingentem</span> 
     </span>
    </p>

    <p class='ocr_par' dir='ltr' id='par_1_8' title="bbox 219 1528 1619 1830">
     <span class='ocr_line' id='line_1_21' title="bbox 219 1528 1618 1583; baseline -0.001 -13"><span class='ocrx_word' id='word_1_152' title='bbox 219 1543 236 1572; x_wconf 74' lang='lat'><strong>6</strong></span> <span class='ocrx_word' id='word_1_153' title='bbox 262 1530 584 1570; x_wconf 87' lang='lat' dir='ltr'>misericordiam</span> <span class='ocrx_word' id='word_1_154' title='bbox 608 1529 793 1583; x_wconf 91' lang='lat' dir='ltr'>patribus</span> <span class='ocrx_word' id='word_1_155' title='bbox 819 1544 867 1570; x_wconf 86' lang='lat' dir='ltr'>ac</span> <span class='ocrx_word' id='word_1_156' title='bbox 892 1529 1043 1583; x_wconf 90' lang='lat' dir='ltr'>populo</span> <span class='ocrx_word' id='word_1_157' title='bbox 1074 1536 1301 1569; x_wconf 80' lang='lat' dir='ltr'>moverunt.</span> <span class='ocrx_word' id='word_1_158' title='bbox 1363 1528 1618 1581; x_wconf 88' lang='lat' dir='ltr'>consultique</span> 
     </span>
     <span class='ocr_line' id='line_1_22' title="bbox 261 1590 1619 1644; baseline 0 -14"><span class='ocrx_word' id='word_1_159' title='bbox 261 1591 409 1632; x_wconf 88' lang='lat' dir='ltr'>iterum</span> <span class='ocrx_word' id='word_1_160' title='bbox 434 1607 457 1631; x_wconf 92' lang='lat' dir='ltr'>a</span> <span class='ocrx_word' id='word_1_161' title='bbox 483 1591 544 1630; x_wconf 81' lang='lat' dir='ltr'>M.</span> <span class='ocrx_word' id='word_1_162' title='bbox 570 1590 750 1630; x_wconf 89' lang='lat' dir='ltr'>Aemilio</span> <span class='ocrx_word' id='word_1_163' title='bbox 776 1599 963 1644; x_wconf 88' lang='lat' dir='ltr'>praetore</span> <span class='ocrx_word' id='word_1_164' title='bbox 993 1597 1129 1644; x_wconf 89' lang='lat' dir='ltr'>patres</span> <span class='ocrx_word' id='word_1_165' title='bbox 1157 1590 1463 1644; x_wconf 84' lang='lat' dir='ltr'>circumspectis</span> <span class='ocrx_word' id='word_1_166' title='bbox 1489 1591 1619 1631; x_wconf 90' lang='lat' dir='ltr'>omni-</span> 
     </span>
     <span class='ocr_line' id='line_1_23' title="bbox 263 1651 1618 1706; baseline 0 -14"><span class='ocrx_word' id='word_1_167' title='bbox 263 1651 339 1692; x_wconf 90' lang='lat' dir='ltr'>bus</span> <span class='ocrx_word' id='word_1_168' title='bbox 365 1652 525 1706; x_wconf 80' lang='lat' dir='ltr'>imperii</span> <span class='ocrx_word' id='word_1_169' title='bbox 545 1652 700 1692; x_wconf 75' lang='lat' dir='ltr'>viribus</span> <span class='ocrx_word' id='word_1_170' title='bbox 726 1652 845 1692; x_wconf 85' lang='lat' dir='ltr'>fateri</span> <span class='ocrx_word' id='word_1_171' title='bbox 871 1652 1018 1700; x_wconf 85' lang='lat' dir='ltr'>coacti,</span> <span class='ocrx_word' id='word_1_172' title='bbox 1055 1651 1155 1691; x_wconf 91' lang='lat' dir='ltr'>nihil</span> <span class='ocrx_word' id='word_1_173' title='bbox 1186 1651 1268 1691; x_wconf 89' lang='lat' dir='ltr'>iam</span> <span class='ocrx_word' id='word_1_174' title='bbox 1293 1651 1527 1706; x_wconf 85' lang='lat' dir='ltr'>longinquis</span> <span class='ocrx_word' id='word_1_175' title='bbox 1554 1666 1618 1692; x_wconf 92' lang='lat' dir='ltr'>so-</span> 
     </span>
     <span class='ocr_line' id='line_1_24' title="bbox 261 1713 1617 1768; baseline -0.001 -14"><span class='ocrx_word' id='word_1_176' title='bbox 261 1714 334 1754; x_wconf 88' lang='lat' dir='ltr'>ciis</span> <span class='ocrx_word' id='word_1_177' title='bbox 360 1714 401 1754; x_wconf 90' lang='lat' dir='ltr'>in</span> <span class='ocrx_word' id='word_1_178' title='bbox 427 1728 469 1754; x_wconf 85' lang='lat' dir='ltr'>se</span> <span class='ocrx_word' id='word_1_179' title='bbox 487 1714 683 1768; x_wconf 86' lang='lat' dir='ltr'>praesidii</span> <span class='ocrx_word' id='word_1_180' title='bbox 699 1728 808 1762; x_wconf 89' lang='lat' dir='ltr'>esse,</span> <span class='ocrx_word' id='word_1_181' title='bbox 834 1714 965 1754; x_wconf 89' lang='lat' dir='ltr'>redire</span> <span class='ocrx_word' id='word_1_182' title='bbox 991 1714 1158 1754; x_wconf 90' lang='lat' dir='ltr'>domum</span> <span class='ocrx_word' id='word_1_183' title='bbox 1178 1713 1339 1766; x_wconf 87' lang='lat' dir='ltr'>fideque</span> <span class='ocrx_word' id='word_1_184' title='bbox 1359 1714 1411 1754; x_wconf 89' lang='lat' dir='ltr'>ad</span> <span class='ocrx_word' id='word_1_185' title='bbox 1430 1714 1617 1754; x_wconf 90' lang='lat' dir='ltr'>ultimum</span> 
     </span>
     <span class='ocr_line' id='line_1_25' title="bbox 261 1774 1617 1830; baseline 0 -14"><span class='ocrx_word' id='word_1_186' title='bbox 261 1775 422 1829; x_wconf 80' lang='lat' dir='ltr'>expleta</span> <span class='ocrx_word' id='word_1_187' title='bbox 458 1775 670 1816; x_wconf 91' lang='lat' dir='ltr'>consulere</span> <span class='ocrx_word' id='word_1_188' title='bbox 707 1775 870 1816; x_wconf 90' lang='lat' dir='ltr'>sibimet</span> <span class='ocrx_word' id='word_1_189' title='bbox 899 1775 1011 1829; x_wconf 88' lang='lat' dir='ltr'>ipsos</span> <span class='ocrx_word' id='word_1_190' title='bbox 1048 1775 1090 1815; x_wconf 91' lang='lat' dir='ltr'>in</span> <span class='ocrx_word' id='word_1_191' title='bbox 1119 1775 1322 1828; x_wconf 87' lang='lat' dir='ltr'>reliquum</span> <span class='ocrx_word' id='word_1_192' title='bbox 1356 1774 1467 1830; x_wconf 86' lang='lat' dir='ltr'>[pro]</span> <span class='ocrx_word' id='word_1_193' title='bbox 1500 1790 1617 1829; x_wconf 86' lang='lat' dir='ltr'>prae-</span> 
     </span>
    </p>

    <p class='ocr_par' dir='ltr' id='par_1_9' title="bbox 218 1837 1616 2015">
     <span class='ocr_line' id='line_1_26' title="bbox 218 1837 1616 1891; baseline -0.001 -12"><span class='ocrx_word' id='word_1_194' title='bbox 218 1852 233 1880; x_wconf 84' lang='grc'>7</span> <span class='ocrx_word' id='word_1_195' title='bbox 263 1838 366 1877; x_wconf 84' lang='lat' dir='ltr'>senti</span> <span class='ocrx_word' id='word_1_196' title='bbox 391 1837 554 1878; x_wconf 88' lang='lat' dir='ltr'>fortuna</span> <span class='ocrx_word' id='word_1_197' title='bbox 578 1837 798 1877; x_wconf 88' lang='lat' dir='ltr'>iusserunt.</span> <span class='ocrx_word' id='word_1_198' title='bbox 846 1837 948 1877; x_wconf 87' lang='lat' dir='ltr'>haec</span> <span class='ocrx_word' id='word_1_199' title='bbox 972 1844 1193 1891; x_wconf 86' lang='lat' dir='ltr'>postquam</span> <span class='ocrx_word' id='word_1_200' title='bbox 1216 1838 1447 1877; x_wconf 90' lang='lat' dir='ltr'>renuntiata</span> <span class='ocrx_word' id='word_1_201' title='bbox 1465 1837 1616 1891; x_wconf 86' lang='lat' dir='ltr'>legatio</span> 
     </span>
     <span class='ocr_line' id='line_1_27' title="bbox 258 1898 1616 1953; baseline 0 -14"><span class='ocrx_word' id='word_1_202' title='bbox 258 1898 454 1940; x_wconf 87' lang='lat' dir='ltr'>Petelinis</span> <span class='ocrx_word' id='word_1_203' title='bbox 492 1907 573 1948; x_wconf 90' lang='lat' dir='ltr'>est,</span> <span class='ocrx_word' id='word_1_204' title='bbox 611 1906 749 1940; x_wconf 87' lang='lat' dir='ltr'>tantus</span> <span class='ocrx_word' id='word_1_205' title='bbox 786 1907 952 1953; x_wconf 88' lang='lat' dir='ltr'>repente</span> <span class='ocrx_word' id='word_1_206' title='bbox 988 1914 1148 1940; x_wconf 90' lang='lat' dir='ltr'>maeror</span> <span class='ocrx_word' id='word_1_207' title='bbox 1183 1913 1391 1953; x_wconf 72' lang='lat' dir='ltr'>pavorque</span> <span class='ocrx_word' id='word_1_208' title='bbox 1428 1906 1616 1939; x_wconf 86' lang='lat' dir='ltr'>senatum</span> 
     </span>
     <span class='ocr_line' id='line_1_28' title="bbox 258 1961 1616 2015; baseline 0 -14"><span class='ocrx_word' id='word_1_209' title='bbox 258 1976 399 2001; x_wconf 89' lang='lat' dir='ltr'>eorum</span> <span class='ocrx_word' id='word_1_210' title='bbox 425 1961 550 2015; x_wconf 86' lang='lat' dir='ltr'>cepit,</span> <span class='ocrx_word' id='word_1_211' title='bbox 576 1968 621 2001; x_wconf 90' lang='lat' dir='ltr'>ut</span> <span class='ocrx_word' id='word_1_212' title='bbox 645 1976 740 2015; x_wconf 88' lang='lat' dir='ltr'>pars</span> <span class='ocrx_word' id='word_1_213' title='bbox 766 1961 1047 2015; x_wconf 86' lang='lat' dir='ltr'>profugiendi,</span> <span class='ocrx_word' id='word_1_214' title='bbox 1081 1975 1161 2014; x_wconf 87' lang='lat' dir='ltr'>qua</span> <span class='ocrx_word' id='word_1_215' title='bbox 1187 1961 1360 2014; x_wconf 88' lang='lat' dir='ltr'>quisque</span> <span class='ocrx_word' id='word_1_216' title='bbox 1384 1967 1542 2014; x_wconf 85' lang='lat' dir='ltr'>posset,</span> <span class='ocrx_word' id='word_1_217' title='bbox 1568 1975 1616 2000; x_wconf 85' lang='lat' dir='ltr'>ac</span> 
     </span>
    </p>

    <p class='ocr_par' dir='ltr' id='par_1_10' title="bbox 212 2022 1616 2139">
     <span class='ocr_line' id='line_1_29' title="bbox 212 2022 1616 2076; baseline -0.001 -12"><span class='ocrx_word' id='word_1_218' title='bbox 212 2037 231 2066; x_wconf 84' lang='lat'><em>8</em></span> <span class='ocrx_word' id='word_1_219' title='bbox 257 2023 505 2063; x_wconf 88' lang='lat' dir='ltr'>deserendae</span> <span class='ocrx_word' id='word_1_220' title='bbox 531 2022 643 2063; x_wconf 89' lang='lat' dir='ltr'>urbis</span> <span class='ocrx_word' id='word_1_221' title='bbox 670 2030 858 2063; x_wconf 83' lang='lat' dir='ltr'>auctores</span> <span class='ocrx_word' id='word_1_222' title='bbox 886 2029 1039 2071; x_wconf 89' lang='lat' dir='ltr'>essent,</span> <span class='ocrx_word' id='word_1_223' title='bbox 1076 2037 1189 2076; x_wconf 85' lang='lat' dir='ltr'>pars,</span> <span class='ocrx_word' id='word_1_224' title='bbox 1228 2022 1392 2074; x_wconf 86' lang='lat' dir='ltr'>quando</span> <span class='ocrx_word' id='word_1_225' title='bbox 1417 2022 1568 2062; x_wconf 88' lang='lat' dir='ltr'>deserti</span> <span class='ocrx_word' id='word_1_226' title='bbox 1592 2037 1616 2062; x_wconf 89' lang='lat' dir='ltr'>a</span> 
     </span>
     <span class='ocr_line' id='line_1_30' title="bbox 256 2083 1616 2139; baseline -0.001 -14"><span class='ocrx_word' id='word_1_227' title='bbox 256 2084 462 2125; x_wconf 75' lang='lat' dir='ltr'>veteribus</span> <span class='ocrx_word' id='word_1_228' title='bbox 496 2085 617 2125; x_wconf 89' lang='lat' dir='ltr'>sociis</span> <span class='ocrx_word' id='word_1_229' title='bbox 651 2092 807 2133; x_wconf 88' lang='lat' dir='ltr'>essent,</span> <span class='ocrx_word' id='word_1_230' title='bbox 846 2084 1098 2139; x_wconf 86' lang='lat' dir='ltr'>adiungendi</span> <span class='ocrx_word' id='word_1_231' title='bbox 1130 2099 1173 2125; x_wconf 94' lang='lat' dir='ltr'>se</span> <span class='ocrx_word' id='word_1_232' title='bbox 1205 2084 1348 2124; x_wconf 86' lang='lat' dir='ltr'>ceteris</span> <span class='ocrx_word' id='word_1_233' title='bbox 1379 2083 1537 2124; x_wconf 79' lang='lat' dir='ltr'>Bruttis</span> <span class='ocrx_word' id='word_1_234' title='bbox 1568 2097 1616 2124; x_wconf 85' lang='lat' dir='ltr'>ac</span> 
     </span>
    </p>

    <p class='ocr_par' dir='ltr' id='par_1_11' title="bbox 213 2146 1615 2264">
     <span class='ocr_line' id='line_1_31' title="bbox 213 2146 1614 2200; baseline -0.002 -11"><span class='ocrx_word' id='word_1_235' title='bbox 213 2162 230 2190; x_wconf 81' lang='lat'><strong>9</strong></span> <span class='ocrx_word' id='word_1_236' title='bbox 255 2161 328 2200; x_wconf 89' lang='lat' dir='ltr'>per</span> <span class='ocrx_word' id='word_1_237' title='bbox 363 2161 433 2187; x_wconf 91' lang='lat' dir='ltr'>eos</span> <span class='ocrx_word' id='word_1_238' title='bbox 471 2147 647 2187; x_wconf 87' lang='lat' dir='ltr'>dedendi</span> <span class='ocrx_word' id='word_1_239' title='bbox 671 2146 912 2188; x_wconf 84' lang='lat' dir='ltr'>Hannibali.</span> <span class='ocrx_word' id='word_1_240' title='bbox 967 2147 1064 2187; x_wconf 67' lang='lat' dir='ltr'>vicit</span> <span class='ocrx_word' id='word_1_241' title='bbox 1101 2153 1238 2187; x_wconf 87' lang='lat' dir='ltr'>tamen</span> <span class='ocrx_word' id='word_1_242' title='bbox 1274 2161 1322 2186; x_wconf 91' lang='lat' dir='ltr'>ea</span> <span class='ocrx_word' id='word_1_243' title='bbox 1357 2160 1471 2200; x_wconf 85' lang='lat' dir='ltr'>pars,</span> <span class='ocrx_word' id='word_1_244' title='bbox 1508 2160 1614 2199; x_wconf 87' lang='lat' dir='ltr'>quae</span> 
     </span>
     <span class='ocr_line' id='line_1_32' title="bbox 255 2208 1615 2264; baseline 0 -16"><span class='ocrx_word' id='word_1_245' title='bbox 255 2208 355 2248; x_wconf 89' lang='lat' dir='ltr'>nihil</span> <span class='ocrx_word' id='word_1_246' title='bbox 379 2208 527 2262; x_wconf 88' lang='lat' dir='ltr'>raptim</span> <span class='ocrx_word' id='word_1_247' title='bbox 553 2224 628 2249; x_wconf 83' lang='lat' dir='ltr'>neo</span> <span class='ocrx_word' id='word_1_248' title='bbox 653 2216 803 2249; x_wconf 89' lang='lat' dir='ltr'>temere</span> <span class='ocrx_word' id='word_1_249' title='bbox 831 2209 1038 2264; x_wconf 86' lang='lat' dir='ltr'>agendum</span> <span class='ocrx_word' id='word_1_250' title='bbox 1070 2209 1448 2261; x_wconf 87' lang='lat' dir='ltr'>consulendumque</span> <span class='ocrx_word' id='word_1_251' title='bbox 1480 2208 1530 2248; x_wconf 92' lang='lat' dir='ltr'>de</span> <span class='ocrx_word' id='word_1_252' title='bbox 1554 2208 1615 2248; x_wconf 89' lang='lat' dir='ltr'>in-</span> 
     </span>
    </p>

    <p class='ocr_par' dir='ltr' id='par_1_12' title="bbox 192 2270 1614 2448">
     <span class='ocr_line' id='line_1_33' title="bbox 192 2270 1614 2325; baseline -0.001 -13"><span class='ocrx_word' id='word_1_253' title='bbox 192 2284 230 2313; x_wconf 89' lang='lat'>10</span> <span class='ocrx_word' id='word_1_254' title='bbox 256 2278 370 2325; x_wconf 84' lang='lat' dir='ltr'>tegro</span> <span class='ocrx_word' id='word_1_255' title='bbox 407 2271 577 2311; x_wconf 87' lang='lat' dir='ltr'>censuit.</span> <span class='ocrx_word' id='word_1_256' title='bbox 638 2271 765 2311; x_wconf 86' lang='lat' dir='ltr'>relata</span> <span class='ocrx_word' id='word_1_257' title='bbox 801 2278 967 2324; x_wconf 85' lang='lat' dir='ltr'>postero</span> <span class='ocrx_word' id='word_1_258' title='bbox 998 2270 1063 2311; x_wconf 91' lang='lat' dir='ltr'>die</span> <span class='ocrx_word' id='word_1_259' title='bbox 1099 2285 1171 2325; x_wconf 91' lang='lat' dir='ltr'>per</span> <span class='ocrx_word' id='word_1_260' title='bbox 1202 2271 1401 2310; x_wconf 85' lang='lat' dir='ltr'>minorem</span> <span class='ocrx_word' id='word_1_261' title='bbox 1437 2270 1614 2324; x_wconf 88' lang='lat' dir='ltr'>trepida-</span> 
     </span>
     <span class='ocr_line' id='line_1_34' title="bbox 255 2331 1613 2386; baseline 0 -15"><span class='ocrx_word' id='word_1_262' title='bbox 255 2332 406 2372; x_wconf 89' lang='lat' dir='ltr'>tionem</span> <span class='ocrx_word' id='word_1_263' title='bbox 436 2347 480 2372; x_wconf 89' lang='lat' dir='ltr'>re</span> <span class='ocrx_word' id='word_1_264' title='bbox 511 2339 727 2373; x_wconf 90' lang='lat' dir='ltr'>tenuerunt</span> <span class='ocrx_word' id='word_1_265' title='bbox 759 2333 997 2386; x_wconf 89' lang='lat' dir='ltr'>optimates,</span> <span class='ocrx_word' id='word_1_266' title='bbox 1035 2339 1080 2372; x_wconf 88' lang='lat' dir='ltr'>ut</span> <span class='ocrx_word' id='word_1_267' title='bbox 1112 2332 1318 2373; x_wconf 78' lang='lat' dir='ltr'>convectis</span> <span class='ocrx_word' id='word_1_268' title='bbox 1345 2331 1535 2372; x_wconf 89' lang='lat' dir='ltr'>omnibus</span> <span class='ocrx_word' id='word_1_269' title='bbox 1562 2346 1613 2372; x_wconf 80' lang='lat' dir='ltr'>ex</span> 
     </span>
     <span class='ocr_line' id='line_1_35' title="bbox 256 2393 1017 2448; baseline 0.001 -15"><span class='ocrx_word' id='word_1_270' title='bbox 256 2394 364 2448; x_wconf 85' lang='lat' dir='ltr'>agris</span> <span class='ocrx_word' id='word_1_271' title='bbox 390 2393 533 2434; x_wconf 88' lang='lat' dir='ltr'>urbem</span> <span class='ocrx_word' id='word_1_272' title='bbox 560 2409 607 2434; x_wconf 87' lang='lat' dir='ltr'>ac</span> <span class='ocrx_word' id='word_1_273' title='bbox 633 2408 771 2435; x_wconf 88' lang='lat' dir='ltr'>muros</span> <span class='ocrx_word' id='word_1_274' title='bbox 797 2394 1017 2434; x_wconf 63' lang='lat' dir='ltr'>firmarent]</span> 
     </span>
    </p>

    <p class='ocr_par' dir='ltr' id='par_1_13' title="bbox 214 2453 1613 2511">
     <span class='ocr_line' id='line_1_36' title="bbox 214 2453 1613 2511; baseline -0.002 -15"><span class='ocrx_word' id='word_1_275' title='bbox 214 2469 228 2497; x_wconf 88' lang='lat'>1</span> <span class='ocrx_word' id='word_1_276' title='bbox 338 2455 470 2496; x_wconf 81' lang='lat' dir='ltr'>XXI.</span> <span class='ocrx_word' id='word_1_277' title='bbox 531 2456 612 2497; x_wconf 91' lang='lat' dir='ltr'>Per</span> <span class='ocrx_word' id='word_1_278' title='bbox 636 2456 745 2496; x_wconf 87' lang='lat' dir='ltr'>idem</span> <span class='ocrx_word' id='word_1_279' title='bbox 778 2456 863 2497; x_wconf 89' lang='lat' dir='ltr'>sere</span> <span class='ocrx_word' id='word_1_280' title='bbox 889 2464 1050 2511; x_wconf 87' lang='lat' dir='ltr'>tempus</span> <span class='ocrx_word' id='word_1_281' title='bbox 1081 2456 1239 2496; x_wconf 85' lang='lat' dir='ltr'>litterae</span> <span class='ocrx_word' id='word_1_282' title='bbox 1271 2470 1321 2495; x_wconf 84' lang='lat' dir='ltr'>ex</span> <span class='ocrx_word' id='word_1_283' title='bbox 1349 2454 1489 2495; x_wconf 83' lang='lat' dir='ltr'>Sicilia</span> <span class='ocrx_word' id='word_1_284' title='bbox 1515 2453 1613 2495; x_wconf 85' lang='lat' dir='ltr'>Sar-</span> 
     </span>
    </p>

    <p class='ocr_par' dir='ltr' id='par_1_14' title="bbox 212 2515 1613 2752">
     <span class='ocr_line' id='line_1_37' title="bbox 212 2515 1613 2573; baseline -0.004 -14"><span class='ocrx_word' id='word_1_285' title='bbox 212 2531 229 2559; x_wconf 82' lang='lat'><strong>2</strong></span> <span class='ocrx_word' id='word_1_286' title='bbox 256 2517 446 2571; x_wconf 87' lang='lat' dir='ltr'>diniaque</span> <span class='ocrx_word' id='word_1_287' title='bbox 471 2518 649 2559; x_wconf 84' lang='lat' dir='ltr'>Romam</span> <span class='ocrx_word' id='word_1_288' title='bbox 687 2518 859 2559; x_wconf 85' lang='lat' dir='ltr'>adlatae.</span> <span class='ocrx_word' id='word_1_289' title='bbox 919 2519 1074 2573; x_wconf 88' lang='lat' dir='ltr'>priores</span> <span class='ocrx_word' id='word_1_290' title='bbox 1113 2533 1163 2559; x_wconf 85' lang='lat' dir='ltr'>ex</span> <span class='ocrx_word' id='word_1_291' title='bbox 1196 2516 1337 2558; x_wconf 87' lang='lat' dir='ltr'>Sicilia</span> <span class='ocrx_word' id='word_1_292' title='bbox 1368 2517 1417 2557; x_wconf 90' lang='lat' dir='ltr'>T.</span> <span class='ocrx_word' id='word_1_293' title='bbox 1446 2515 1613 2557; x_wconf 88' lang='lat' dir='ltr'>Otacilii</span> 
     </span>
     <span class='ocr_line' id='line_1_38' title="bbox 255 2579 1610 2632; baseline -0.002 -14"><span class='ocrx_word' id='word_1_294' title='bbox 255 2580 526 2632; x_wconf 85' lang='lat' dir='ltr'>propraetoris</span> <span class='ocrx_word' id='word_1_295' title='bbox 546 2581 588 2620; x_wconf 93' lang='lat' dir='ltr'>in</span> <span class='ocrx_word' id='word_1_296' title='bbox 614 2591 760 2621; x_wconf 86' lang='lat' dir='ltr'>senatu</span> <span class='ocrx_word' id='word_1_297' title='bbox 778 2581 970 2621; x_wconf 84' lang='lat' dir='ltr'>recitatae</span> <span class='ocrx_word' id='word_1_298' title='bbox 991 2587 1103 2621; x_wconf 86' lang='lat' dir='ltr'>sunt:</span> <span class='ocrx_word' id='word_1_299' title='bbox 1129 2580 1177 2620; x_wconf 89' lang='lat' dir='ltr'>P.</span> <span class='ocrx_word' id='word_1_300' title='bbox 1193 2579 1364 2620; x_wconf 86' lang='lat' dir='ltr'>Furium</span> <span class='ocrx_word' id='word_1_301' title='bbox 1383 2584 1610 2632; x_wconf 89' lang='lat' dir='ltr'>praetorem</span> 
     </span>
     <span class='ocr_line' id='line_1_39' title="bbox 257 2638 1612 2696; baseline -0.002 -17"><span class='ocrx_word' id='word_1_302' title='bbox 257 2654 348 2680; x_wconf 92' lang='lat' dir='ltr'>cum</span> <span class='ocrx_word' id='word_1_303' title='bbox 375 2641 507 2681; x_wconf 89' lang='lat' dir='ltr'>classe</span> <span class='ocrx_word' id='word_1_304' title='bbox 533 2656 584 2682; x_wconf 83' lang='lat' dir='ltr'>ex</span> <span class='ocrx_word' id='word_1_305' title='bbox 608 2642 755 2682; x_wconf 82' lang='lat' dir='ltr'>Africa</span> <span class='ocrx_word' id='word_1_306' title='bbox 779 2642 1030 2696; x_wconf 73' lang='lat' dir='ltr'>Lilybaeum</span> <span class='ocrx_word' id='word_1_307' title='bbox 1055 2642 1238 2690; x_wconf 81' lang='lat' dir='ltr'>venisse,</span> <span class='ocrx_word' id='word_1_308' title='bbox 1272 2642 1408 2694; x_wconf 85' lang='lat' dir='ltr'>ipsum</span> <span class='ocrx_word' id='word_1_309' title='bbox 1433 2638 1612 2693; x_wconf 84' lang='lat' dir='ltr'>graviter</span> 
     </span>
     <span class='ocr_line' id='line_1_40' title="bbox 257 2698 1610 2752; baseline -0.001 -12"><span class='ocrx_word' id='word_1_310' title='bbox 257 2702 442 2742; x_wconf 84' lang='lat' dir='ltr'>saucium</span> <span class='ocrx_word' id='word_1_311' title='bbox 462 2703 503 2742; x_wconf 92' lang='lat' dir='ltr'>in</span> <span class='ocrx_word' id='word_1_312' title='bbox 523 2703 754 2744; x_wconf 87' lang='lat' dir='ltr'>discrimine</span> <span class='ocrx_word' id='word_1_313' title='bbox 776 2704 918 2745; x_wconf 87' lang='lat' dir='ltr'>ultimo</span> <span class='ocrx_word' id='word_1_314' title='bbox 938 2704 1045 2745; x_wconf 71' lang='lat' dir='ltr'>vitae</span> <span class='ocrx_word' id='word_1_315' title='bbox 1066 2719 1169 2752; x_wconf 85' lang='lat' dir='ltr'>esse,</span> <span class='ocrx_word' id='word_1_316' title='bbox 1195 2702 1312 2743; x_wconf 81' lang='lat' dir='ltr'>militi</span> <span class='ocrx_word' id='word_1_317' title='bbox 1332 2716 1378 2741; x_wconf 85' lang='lat' dir='ltr'>ac</span> <span class='ocrx_word' id='word_1_318' title='bbox 1397 2698 1610 2740; x_wconf 77' lang='lat' dir='ltr'>navalibus</span> 
     </span>
    </p>
   </div>
  </div>
 </body>
</html>
