1815 3184
337 251 419 291 462
612 255 764 290 LIBER
788 254 992 297 XXVIIII,
1021 255 1073 287 19.
1093 255 1146 300 20.
1175 257 1222 297 [a.
1238 266 1272 288 u.
1288 266 1316 289 ο.
1331 256 1412 300 550]

336 359 469 414 gratia
495 365 648 411 quanta
673 364 783 398 esset
809 363 908 410 aput
931 356 1223 410 imperatorem
1246 364 1439 411 expertos
1460 373 1572 409 esse,
1599 374 1692 401 cum

335 423 441 462 inter
477 435 570 460 eum
608 427 647 459 et
684 419 870 459 tribunos
909 418 1075 471 cognita
1110 432 1235 458 causa
1266 418 1452 459 tribunos
1484 420 1525 459 in
1556 421 1692 462 vincla

338 482 576 530 coniecerit,
610 481 794 535 legatum
826 494 956 532 aeque
988 490 1149 520 sontem
1175 488 1244 520 aut
1269 481 1401 535 magis
1429 481 1552 521 etiam
1577 482 1619 521 in
1643 498 1692 523 ea

292 562 310 590 3
337 551 542 600 potestate
573 542 795 595 reliquerit.
856 541 979 581 iussis
1006 542 1205 582 excedere
1231 542 1385 596 templo
1409 543 1577 596 legatis,
1610 559 1693 584 non

335 605 564 649 Pleminius
590 604 733 653 modo,
766 604 840 644 sed
865 604 989 643 etiam
1016 602 1156 658 Scipio
1181 604 1413 658 principum
1439 605 1691 645 orationibus

336 667 520 709 lacerari.
581 675 675 706 ante
707 665 839 706 omnis
866 664 919 716 Q.
945 665 1102 705 Fabius
1133 674 1277 705 natum
1308 681 1402 706 eum
1428 666 1479 706 ad
1505 681 1693 707 conrum-

292 747 312 775 4
337 729 517 785 pendam
543 727 803 782 disciplinam
828 726 1047 767 militarem
1073 726 1264 781 arguere:
1292 727 1351 767 sic
1371 735 1411 767 et
1429 727 1471 767 in
1484 728 1693 782 Hispania

339 793 432 848 plus
469 799 637 846 propter
675 790 920 830 seditionem
955 789 1131 829 militum
1168 804 1290 842 quam
1327 790 1435 831 bello
1479 790 1691 830 amissum.

337 863 506 895 externo
545 860 585 893 et
620 852 735 906 regio
766 866 880 892 more
912 859 952 891 et
983 851 1197 905 indulgere
1228 851 1417 891 licentiae
1449 851 1623 891 militum
1654 860 1694 892 et

339 916 497 956 saevire
523 915 565 954 in
591 928 675 954 eos,
738 912 983 953 sententiam
1010 912 1158 953 deinde
1184 927 1312 965 aeque
1337 921 1494 953 trucem
1520 913 1694 953 orationi

295 994 313 1021 5
341 977 506 1017 adiecit:
549 975 801 1016 Pleminium
836 975 1020 1029 legatum
1057 974 1240 1014 vinctum
1271 975 1450 1015 Romam
1487 974 1694 1029 deportari

338 1040 501 1094 placere
533 1045 573 1078 et
603 1052 655 1077 ex
685 1036 860 1077 vinculis
893 1050 1061 1076 causam
1093 1036 1228 1077 dicere
1262 1050 1327 1085 ac,
1366 1036 1400 1076 si
1433 1051 1530 1076 vera
1559 1036 1695 1077 forent

339 1115 443 1152 quae
475 1100 712 1139 Locrenses
744 1106 1023 1151 quererentur,
1062 1097 1104 1137 in
1136 1112 1299 1138 carcere
1330 1098 1469 1138 necari
1504 1098 1694 1150 bonaque

295 1178 312 1206 6
340 1163 426 1202 eius
448 1160 647 1215 publicari
656 1177 666 1209 3
692 1161 742 1200 P.
765 1158 1022 1213 Scipionem,
1049 1160 1159 1211 quod
1179 1160 1229 1199 de
1254 1159 1467 1213 provincia
1491 1159 1694 1199 decessis-

341 1232 401 1264 set
426 1223 587 1262 iniussu
613 1229 801 1270 senatus,
827 1221 1030 1269 revocari,
1058 1221 1207 1275 agique
1233 1235 1327 1260 cum
1352 1221 1525 1261 tribunis
1545 1220 1692 1275 plebis,

297 1301 312 1328 τ
340 1292 384 1324 ut
410 1285 460 1324 de
486 1283 658 1338 imperio
691 1283 778 1323 eius
811 1283 1050 1336 abrogando
1081 1283 1235 1322 ferrent
1268 1283 1319 1322 ad
1350 1283 1569 1337 populum3
1606 1283 1694 1322 Lo-

341 1346 553 1387 crensibus
586 1359 725 1385 coram
758 1352 946 1385 senatum
975 1345 1246 1398 respondere,
1285 1359 1388 1397 quas
1419 1344 1589 1385 iniurias
1616 1344 1694 1384 sibi

340 1408 471 1448 factas
509 1414 789 1459 quererentur,
827 1420 896 1445 eas
928 1419 1063 1457 neque
1101 1414 1289 1445 senatum
1324 1420 1459 1457 neque
1495 1405 1695 1460 populum

340 1470 472 1509 factas
499 1468 623 1516 velle,
656 1468 766 1508 viros
792 1467 924 1507 bonos
953 1466 1169 1519 sociosque
1196 1474 1237 1507 et
1262 1466 1415 1506 amicos
1450 1481 1520 1507 eos
1554 1467 1694 1521 appel-

338 1531 432 1579 lari,
458 1531 629 1579 liberos,
656 1530 853 1583 coniuges
874 1543 1061 1581 quaeque
1082 1529 1161 1568 alia
1186 1537 1327 1583 erepta
1352 1536 1492 1573 essent
1515 1530 1673 1570 restitui
1682 1547 1692 1578 ;

337 1591 568 1646 pecuniam,
596 1598 749 1644 quanta
769 1606 819 1631 ex
839 1590 1074 1630 thensauris
1088 1590 1365 1644 Proserpinae
1387 1591 1551 1632 sublata
1569 1601 1692 1637 esset,

340 1653 526 1706 conquiri
571 1653 823 1707 duplamque
860 1651 1081 1707 pecuniam
1116 1651 1158 1691 in
1194 1652 1439 1693 thensauros
1477 1653 1620 1707 reponi
1656 1662 1696 1693 et

295 1728 313 1757 s
341 1729 503 1755 sacrum
533 1715 740 1769 piaculare
772 1714 878 1763 fieri,
916 1714 973 1754 ita
1003 1722 1048 1754 ut
1077 1714 1206 1768 prius¹
1224 1714 1276 1754 ad
1301 1714 1536 1769 conlegium
1561 1715 1696 1769 ponti-

340 1777 463 1816 ficum
482 1777 716 1825 referretur,
744 1777 854 1829 quod
881 1776 986 1816 sacri
1011 1776 1223 1816 thensauri
1249 1777 1350 1816 moti
1374 1776 1517 1816 violati
1542 1784 1694 1825 essent,

340 1854 444 1892 quae
487 1838 651 1893 piacula
688 1838 837 1890 quibus
876 1837 962 1878 deis
1001 1838 1150 1890 quibus
1188 1838 1334 1878 hostiis
1371 1838 1459 1878 fieri
1494 1838 1694 1893 placeret3

295 1915 312 1943 9
340 1901 507 1949 milites,
535 1901 675 1954 quiqui
690 1901 838 1941 Locris
860 1908 1018 1949 essent,
1045 1915 1187 1941 omnes
1213 1900 1255 1940 in
1277 1899 1461 1940 Siciliam
1486 1908 1697 1954 transpor-

339 1963 434 2011 tari,
468 1970 659 2015 quattuor
686 1962 875 2002 cohortes
903 1962 1108 2003 sociorum
1132 1961 1276 2002 Latini
1300 1961 1477 2002 nominis
1503 1961 1545 2001 in
1576 1976 1696 2015 prae-

276 2038 314 2065 ιο
343 2025 492 2065 sidium
524 2024 684 2064 Locros
723 2023 883 2064 adduci.
943 2023 1155 2078 perrogari
1191 2039 1239 2064 eo
1271 2023 1336 2063 die
1369 2023 1596 2063 sententiae
1629 2037 1696 2063 ac-

339 2087 474 2127 censis
513 2086 658 2127 studiis
696 2101 770 2140 pro
804 2085 998 2140 Scipione
1037 2094 1077 2126 et
1108 2086 1307 2126 adversus
1342 2083 1579 2139 Scipionem
1614 2100 1698 2125 non

275 2163 311 2189 11
338 2158 520 2203 potuere.
570 2155 733 2202 praeter
757 2148 936 2188 Plemini
962 2147 1123 2188 facinus
1153 2147 1512 2199 Locrensiumque
1538 2146 1699 2186 cladem

339 2210 468 2264 ipsius
495 2209 619 2251 etiam
643 2209 903 2264 imperatoris
929 2225 1012 2249 non
1038 2210 1253 2250 Romanus
1278 2210 1421 2257 modo,
1448 2208 1523 2249 sed
1546 2223 1598 2248 ne
1622 2208 1698 2247 mi-

276 2285 313 2313 12
338 2272 467 2312 litaris
506 2272 672 2324 quidem
704 2272 837 2312 cultus
867 2271 1116 2312 iactabatur:
1158 2286 1250 2311 cum
1281 2270 1406 2325 pallio
1439 2270 1698 2324 crepidisque

339 2333 593 2374 inambulare
619 2333 661 2373 in
687 2333 924 2387 gymnasio,
962 2333 1110 2373 libellis
1137 2347 1231 2374 eum
1255 2332 1569 2387 palaestraeque
1601 2346 1699 2385 ope-

339 2411 426 2435 ram
453 2396 568 2444 dare,
597 2410 726 2448 aeque
754 2395 947 2450 segniter,
977 2395 1155 2435 molliter
1180 2395 1392 2435 cohortem
1417 2401 1546 2434 totam
1572 2392 1699 2447 Syra-

278 2469 314 2497 13
341 2472 531 2498 cusarum
558 2458 805 2499 amoenitate
831 2458 930 2506 frui,
959 2457 1258 2512 Carthaginem
1279 2465 1401 2509 atque
1416 2455 1697 2497 Hannibalem

341 2519 546 2560 excidisse
584 2519 635 2560 de
672 2519 891 2567 memoria,
942 2520 1168 2560 exercitum
1206 2534 1371 2560 omnem
1408 2517 1574 2559 licentia
1609 2530 1697 2557 cor-

341 2588 523 2634 ruptum,
557 2581 688 2634 qualis
718 2580 905 2622 Sucrone
935 2581 978 2621 in
1002 2581 1211 2635 Hispania
1245 2580 1386 2629 fuerit,
1425 2579 1558 2633 qualis
1588 2590 1696 2618 nunc

341 2641 507 2689 Locris,
536 2646 642 2683 socis
667 2643 802 2697 magis
828 2657 952 2695 quam
978 2643 1086 2684 hosti
1111 2642 1391 2683 metuendum.

300 2716 312 2742 1
408 2702 536 2751 XX.
596 2705 715 2744 Haec
751 2718 1003 2757 quamquam
1037 2704 1187 2758 partim
1224 2719 1338 2751 vera,
1382 2702 1532 2756 partim
1567 2699 1696 2740 mixta
