1815 3184
271 425 289 452 4

275 913 290 940 *1

274 1534 292 1564 10

275 2033 295 2061 4

276 2220 295 2249 5

278 2344 295 2373 6

281 2529 297 2537 .,

283 2541 291 2557 Ι

319 236 400 277 154
618 242 771 277 LIBER
795 236 945 286 xxm,
971 243 1025 276 39.
1044 242 1100 276 40.
1130 245 1226 286 [au.
1243 243 1368 287 0539]

314 354 416 396 erat,
449 352 488 387 et
509 345 623 387 Crito
642 345 840 388 Boeotius
867 351 906 387 et
927 344 1144 387 Sositheus
1169 344 1361 400 Magnes.
1408 346 1452 386 hi
1475 361 1669 402 prospere

315 409 494 450 tulerunt
525 422 572 448 ac
602 407 828 449 retulerunt
858 408 1063 448 mandata.
1124 414 1186 449 set
1214 408 1327 462 p'rius
1360 422 1403 449 se
1434 415 1568 450 aestas
1594 410 1670 450 cir-

315 470 495 525 cumegit
530 483 656 523 quam
691 484 856 511 movere
892 484 940 511 ac
975 469 1108 510 moliri
1142 470 1363 523 quicquam
1402 484 1476 510 rex
1509 477 1669 525 posset:

314 538 472 572 tantum
508 532 626 572 navis
662 547 744 572 una
775 539 894 586 capta
929 546 1023 573 cum
1059 531 1205 586 legatis
1246 532 1443 573 momenti
1482 531 1580 573 fecit
1619 532 1671 573 ad

316 594 552 635 dilationem
576 594 812 635 inminentis
836 594 1034 635 Romanis
1059 593 1168 634 belli.

398 655 456 696 Et
481 656 588 696 circa
614 655 820 710 Capuam,
859 663 1117 710 transgresso
1141 654 1391 696 Volturnum
1420 655 1550 697 Fabio
1580 663 1674 710 post

315 718 477 772 expiata
513 718 679 758 tandem
715 717 921 773 prodigia,
961 717 1083 758 ambo
1120 717 1309 759 consules
1339 732 1426 758 rem
1462 717 1671 773 gerebant.

319 779 643 820 Combulteriam
668 787 708 820 et
726 779 951 820 Trebulam
977 786 1015 820 et
1034 779 1298 820 Austiculam
1321 779 1462 829 urbes,
1490 795 1595 834 quae
1621 780 1673 821 ad

315 842 504 882 Poenum
530 841 784 890 defecerant,
821 841 978 883 Fabius
1003 841 1045 882 vi
1069 842 1195 897 cepit3
1231 842 1518 896 praesidiaque
1541 843 1585 883 in
1607 843 1673 883 his

317 903 565 945 Hannibalis
599 902 884 958 Campanique
919 904 1112 958 permulti
1149 905 1268 958 capti.
1329 912 1368 945 et
1402 904 1532 945 Nolae
1569 905 1675 946 sicut

315 966 448 1020 priore
485 981 592 1006 anno
624 973 789 1007 senatus
815 966 1115 1015 Romanorum,
1152 966 1270 1021 plebs
1294 966 1542 1008 Hannibalis
1576 974 1672 1016 erat,

317 1028 567 1081 consiliaque
593 1028 754 1069 occulta
779 1028 829 1068 de
855 1029 979 1069 caede
998 1028 1229 1082 principum
1249 1035 1288 1069 et
1311 1029 1540 1083 proditione
1563 1028 1673 1069 urbis

317 1089 535 1130 inibantur.
597 1089 746 1142 quibus
773 1105 822 1131 ne
848 1090 1010 1144 incepta
1034 1090 1318 1144 procederent,
1356 1090 1460 1130 inter
1485 1089 1674 1144 Capuam

317 1158 531 1204 castraque
567 1151 840 1201 Hannibalis,
889 1166 994 1204 quae
1030 1152 1073 1192 in
1109 1151 1258 1193 Tifatis
1302 1158 1438 1200 erant,
1487 1152 1674 1193 traducto

317 1213 499 1254 exercitu
535 1213 689 1254 Fabius
727 1228 851 1267 super
889 1212 1131 1254 Suessulam
1167 1214 1210 1254 in
1251 1214 1396 1254 castris
1435 1212 1674 1254 Claudianis

318 1275 520 1324 consedit,
547 1275 641 1316 inde
665 1274 726 1315 M.
752 1274 998 1316 Marcellum
1023 1282 1326 1330 propraetorem
1352 1289 1445 1316 cum
1470 1276 1520 1316 iis
1546 1275 1674 1330 copiis

317 1352 419 1391 quas
445 1336 623 1377 habebat
646 1336 795 1377 Nolam
821 1337 861 1377 in
888 1338 1137 1391 praesidium
1162 1338 1284 1378 misit.

401 1399 607 1439 XXXX.
667 1398 725 1439 Et
755 1399 798 1439 in
830 1397 1021 1440 Sardinia
1050 1414 1115 1439 res
1145 1414 1218 1453 per
1248 1399 1297 1440 T.
1324 1398 1530 1439 Manlium
1559 1414 1676 1453 prac-

317 1469 446 1502 torem
466 1461 740 1501 administrari
759 1467 945 1515 coeptae,
972 1474 1077 1513 quae
1097 1460 1274 1501 omissae
1300 1467 1430 1509 erant,
1456 1467 1676 1515 postquam

320 1522 372 1575 Q.
406 1522 573 1563 Mucius
604 1530 769 1576 praetor
798 1522 915 1576 gravi
945 1521 1088 1563 morbo
1121 1529 1181 1562 est
1212 1522 1431 1576 inplicitus.
1492 1520 1676 1563 Manlius

317 1584 491 1625 navibus
527 1584 662 1638 longis
699 1584 752 1624 ad
779 1583 938 1624 Caralis
977 1583 1190 1625 subductis
1222 1583 1521 1638 navalibusque
1553 1584 1676 1625 sociis

319 1646 503 1694 armatis,
541 1653 585 1686 ut
616 1653 723 1687 terra
752 1660 840 1686 rem
864 1652 1042 1700 gereret,
1081 1653 1120 1687 et
1145 1662 1167 1687 a
1192 1653 1379 1700 praetore
1405 1646 1586 1687 exercitu
1610 1660 1678 1686 ac-

319 1714 436 1762 cepto
462 1707 543 1748 duo
570 1714 609 1748 et
633 1708 780 1762 viginti
804 1708 917 1748 milia
940 1708 1137 1762 peditum,
1164 1708 1274 1749 mille
1300 1708 1498 1749 ducentos
1519 1708 1677 1761 equites

319 1770 506 1810 confecit.
568 1784 662 1810 cum
693 1770 756 1811 his
793 1770 975 1823 equitum
1006 1771 1272 1824 peditumque
1304 1771 1431 1825 copiis
1468 1770 1677 1825 profectus

318 1833 361 1873 in
396 1848 541 1887 agrum
577 1833 758 1874 hostium
794 1833 894 1873 haut
928 1833 1071 1887 procul
1107 1833 1159 1874 ab
1196 1833 1497 1887 Hampsicorae
1533 1832 1678 1873 castris

320 1901 453 1935 castra
486 1895 637 1949 posuit.
698 1894 976 1949 Hampsicora
1011 1902 1098 1935 tum
1135 1895 1239 1936 forte
1275 1894 1484 1949 profectus
1516 1900 1602 1935 erat
1636 1894 1680 1934 in

318 1955 490 1997 Pellitos
529 1955 685 1998 Sardos
723 1957 776 1997 ad
810 1957 1065 1997 iuventutem
1107 1957 1372 2006 armandam,
1421 1971 1504 2010 qua
1539 1955 1678 2010 copias

320 2025 506 2074 augeret3
543 2019 651 2060 filius
688 2019 852 2060 nomine
877 2019 1039 2060 Hostus
1077 2020 1221 2060 castris
1256 2025 1456 2074 praeerat.
1515 2019 1550 2059 is
1582 2017 1680 2059 ado-

319 2080 515 2121 lescentia
540 2081 658 2122 ferox
683 2088 834 2122 temere
860 2081 1014 2136 proelio
1039 2082 1138 2122 inito
1164 2081 1283 2122 fusus
1309 2081 1573 2136 fugatusque.
1627 2079 1681 2120 ad

320 2144 396 2184 tria
431 2144 542 2184 milia
581 2143 806 2185 Sardorum
844 2160 892 2185 eo
927 2144 1082 2199 proelio
1114 2159 1253 2194 caesa,
1292 2143 1516 2199 octingenti
1551 2142 1680 2184 ferme

320 2207 404 2247 viri
429 2208 549 2262 capti.
587 2208 690 2248 alius
717 2208 920 2249 exercitus
946 2208 1076 2262 primo
1102 2223 1175 2262 per
1200 2223 1321 2263 agros
1348 2208 1554 2260 silvasque
1579 2206 1682 2261 suga

320 2269 503 2323 palatus,
541 2270 653 2318 dein,
692 2285 773 2324 quo
805 2271 947 2311 ducem
983 2270 1144 2325 fugisse
1175 2270 1287 2311 fama
1319 2276 1422 2319 erat,
1460 2269 1513 2310 ad
1536 2268 1682 2310 urbem

322 2332 486 2372 nomine
514 2330 715 2380 Cornum,
748 2338 870 2386 caput
896 2333 982 2373 eius
1008 2333 1207 2387 regioms,
1245 2332 1443 2386 confugit.
1503 2330 1682 2371 debella-

322 2401 491 2447 tumque
527 2409 574 2435 eo
610 2395 765 2448 proelio
801 2395 844 2435 in
883 2393 1075 2436 Sardinia
1110 2402 1237 2443 esset,
1274 2395 1317 2435 ni
1347 2393 1496 2445 ,classis
1521 2392 1682 2433 Punica

323 2470 417 2496 cum
442 2456 546 2497 duce
559 2456 842 2505 Hasdrubale,
870 2471 974 2509 quae
995 2463 1239 2511 tempestate
1259 2456 1417 2496 deiecta
1435 2455 1488 2496 ad
1505 2453 1680 2494 Baliaris

324 2524 428 2567 crat,
454 2518 497 2558 in
520 2525 702 2572 tempore
729 2518 781 2558 ad
806 2533 922 2572 spem
946 2518 1170 2559 rebellandi
1196 2517 1442 2558 advenisset.
1496 2515 1680 2556 Manlius

323 2585 415 2632 post
446 2579 600 2620 famam
631 2580 828 2634 adpulsae
852 2580 1036 2621 Punicae
1067 2580 1211 2621 classis
1244 2578 1403 2620 Caralis
1435 2593 1479 2619 se
1508 2576 1679 2630 recepit:

281 2651 299 2680 S
326 2654 373 2680 ea
398 2641 558 2682 occasio
571 2641 875 2695 Hampsicorae
900 2642 994 2682 data
1016 2649 1076 2682 est
1090 2641 1232 2682 Poeno
1255 2656 1297 2682 se
1317 2639 1526 2695 iungendi.
1568 2637 1681 2678 Has-

326 2701 487 2751 drubal,
526 2703 653 2757 copiis
683 2703 725 2743 in
756 2710 904 2744 terrain
935 2703 1130 2758 expositis
1157 2710 1196 2744 et
1227 2703 1357 2744 classe
1381 2701 1553 2742 remissa
1579 2698 1681 2739 Car-
