1815 3184
319 246 375 286 64
640 254 794 288 LIBER
819 255 951 300 XXII,
977 256 1081 290 9.10.
1109 258 1207 299 [a.u.
1223 256 1347 300 0.537]

317 357 457 398 habita
475 357 736 410 refectusque
756 358 874 399 miles
895 357 1075 399 hibernis
1101 358 1314 400 itineribus
1340 373 1388 399 ac
1412 359 1584 413 palustri
1609 361 1676 401 via

317 419 553 474 proelioque
573 419 706 473 magis
727 420 780 460 ad
802 427 994 460 eventum
1016 420 1197 461 secundo
1216 435 1341 473 quam
1365 420 1447 461 levi
1471 428 1542 461 aut
1565 421 1676 462 facili

272 495 291 523 5
318 480 518 521 adfectus.
567 479 638 521 ubi
670 481 768 521 satis
800 481 948 534 quietis
980 481 1120 522 datum
1154 482 1305 536 praeda
1330 496 1378 522 ac
1402 482 1676 536 populationi-

317 542 394 582 bus
426 541 559 596 magis
592 556 715 595 quam
748 543 830 583 otio
861 550 932 584 aut
961 544 1100 597 requie
1132 543 1427 599 gaudentibus,
1466 544 1675 598 profectus

314 603 643 653 Praetutianum,
677 604 939 645 Hadrianum
966 621 1129 660 agrum,
1163 605 1328 647 Marsos
1353 606 1448 646 inde
1474 605 1677 646 Marruci-

315 680 472 718 nosque
499 672 539 706 et
557 665 780 720 Paelignos
807 667 995 708 devastat
1020 668 1208 720 circaque
1229 667 1368 721 Arpos
1395 674 1434 708 et
1453 667 1676 708 Luceriam

272 740 290 769 6
317 728 547 781 proximam
572 727 752 782 Apuliae
783 729 1006 783 regionem.
1069 728 1146 770 Cn.
1177 728 1378 770 Servilius
1410 729 1553 769 consul
1577 729 1677 769 levi-

314 789 392 830 bus
423 790 588 844 proeliis
620 805 713 830 cum
741 788 873 831 Gallis
906 791 1006 831 actis
1039 798 1078 832 et
1109 806 1189 832 uno
1222 791 1372 845 oppido
1404 790 1575 846 ignobili
1607 805 1677 831 ex-

313 858 498 905 pugnato
518 859 736 906 postquam
760 853 810 893 de
836 853 1017 907 collegae
1044 854 1328 906 exercitusque
1356 853 1480 893 caede
1506 852 1674 901 audivit,

314 913 396 953 iam
429 913 643 954 moenibus
675 915 830 968 patriae
863 922 1069 964 metuens,
1101 930 1152 956 ne
1185 915 1350 956 abesset
1374 914 1416 955 in
1441 914 1675 955 discrimine

315 982 516 1023 extremo,
550 975 602 1016 ad
626 976 770 1017 urbem
796 977 873 1017 iter
896 977 1081 1017 intendit.

271 1051 287 1080 7
400 1037 453 1090 Q.
476 1037 632 1079 Fabius
652 1037 864 1080 Maximus
891 1039 1064 1079 dictator
1088 1039 1234 1080 iterum
1261 1053 1341 1092 quo
1368 1040 1434 1080 (lie
1458 1038 1675 1094 magistra-

315 1106 401 1140 tum
438 1100 527 1140 iniit
564 1109 708 1141 vocato
747 1107 909 1149 senatu,
947 1101 998 1141 ab
1031 1102 1108 1142 diis
1141 1116 1278 1150 orsus,
1317 1116 1410 1141 cum
1443 1100 1675 1141 edocuisset

312 1169 469 1215 patres⁵
512 1161 605 1215 plus
642 1163 903 1217 neglegentia
940 1163 1279 1204 caerimoniarum
1316 1163 1673 1216 auspiciorumque

312 1239 435 1277 quam
473 1225 700 1266 temeritate
738 1234 860 1278 atque
892 1226 1054 1266 inscitia
1084 1234 1298 1280 peecatum
1331 1242 1355 1266 a
1388 1225 1436 1266 C.
1468 1225 1672 1266 Flaminio

313 1287 482 1327 consule
509 1302 599 1327 esse
625 1302 812 1341 quaeque
838 1288 999 1342 piacula
1025 1289 1107 1328 irae
1134 1289 1256 1328 desim
1283 1294 1419 1329 essent
1440 1288 1552 1341 ipsos
1573 1288 1673 1328 deos

268 1361 287 1391 8
313 1349 587 1389 consulendos
615 1364 724 1398 0550,
751 1350 940 1403 pervicit,
968 1358 1029 1398 ut,
1057 1350 1166 1403 quod
1187 1365 1266 1390 non
1288 1350 1415 1390 ferme
1443 1350 1674 1390 decernitur

311 1410 390 1450 11151
421 1425 514 1450 cum
547 1418 675 1451 taetra
706 1411 894 1466 prodigia
925 1412 1109 1451 nuntiata
1143 1420 1255 1460 sunt,
1295 1411 1516 1451 decemviri
1546 1410 1672 1452 libros

314 1470 539 1525 Sibyllinos
571 1473 683 1513 adire
708 1473 958 1514 iuberentur.
1019 1473 1089 1526 qui
1114 1473 1317 1527 inspeetis⁴
1337 1472 1532 1513 fatalibus
1559 1472 1672 1513 libris

267 1547 285 1576 9
312 1534 552 1574 rettulerunt
583 1535 789 1588 patribus,
827 1535 938 1588 quod
970 1535 1056 1575 eius
1088 1535 1184 1576 belli
1216 1550 1341 1576 eausa
1372 1545 1514 1575 votum
1546 1534 1674 1575 Marti

309 1595 434 1645 foret,
460 1596 502 1636 id
528 1611 608 1636 non
634 1597 708 1637 rite
733 1597 888 1637 factum
915 1597 964 1637 de
990 1597 1150 1652 integro
1176 1604 1297 1650 atque
1319 1597 1494 1651 amplius
1516 1597 1673 1637 faciun-

246 1669 285 1699 10
311 1658 408 1698 dum
435 1673 525 1699 esse
551 1666 589 1698 et
615 1658 705 1699 Iovi
731 1659 848 1700 ludos
877 1675 1049 1714 magnos
1076 1668 1115 1700 et
1140 1661 1262 1701 aedes
1289 1659 1440 1700 Veneri
1466 1659 1673 1700 Erucinae

310 1735 358 1760 ac
383 1719 517 1760 Menti
549 1721 758 1762 vovendas
792 1736 884 1762 esse
916 1722 1328 1776 et'supplicationem
1358 1722 1673 1762 lectisternium-

308 1796 389 1835 que
415 1782 650 1823 habendum
676 1790 715 1824 et
740 1798 811 1824 ver
837 1798 999 1824 sacrum
1025 1784 1278 1833 vovendum,
1306 1784 1340 1824 si
1359 1783 1554 1825 bellatum
1579 1798 1673 1837 pro-

311 1858 429 1898 spere
471 1852 581 1885 esset
623 1859 771 1898 resque
808 1845 974 1899 publiea
1009 1846 1052 1886 in
1088 1846 1233 1886 eodem
1271 1860 1351 1899 quo
1389 1852 1481 1885 ante
1517 1845 1672 1885 bellum

245 1918 281 1946 11
310 1905 459 1946 fuisset
501 1912 610 1947 statu
651 1908 959 1960 permansisset.
1020 1914 1207 1955 senatus,
1258 1907 1452 1960 quoniam
1492 1906 1672 1947 Fabium

309 1967 406 2008 belli
436 1982 534 2009 cura
565 1978 816 2023 occupatura
849 1968 1069 2018 esset‚*M.
1096 1968 1322 2010 Aemilium
1354 1976 1582 2022 praetorem
1620 1982 1671 2008 ex

310 2029 472 2084 collegii
508 2030 748 2084 pontificum
786 2031 989 2072 sententia
1025 2031 1163 2072 onmia
1199 2045 1247 2072 ea
1284 2037 1327 2071 ut
1363 2037 1521 2071 mature
1557 2029 1669 2079 fiant,

311 2104 453 2131 curare
478 2091 606 2132 iubet.

267 2167 281 2194 1
395 2153 455 2194 X.
504 2153 586 2195 His
613 2161 779 2195 senatus
806 2155 1003 2196 consultis
1030 2154 1223 2209 perfectis
1243 2155 1296 2195 L.
1320 2153 1537 2195 Cornelius
1558 2154 1671 2194 Len-

309 2214 419 2256 tulus
461 2215 650 2270 pontifex
692 2217 897 2258 maximus
940 2217 1179 2257 consulente
1222 2216 1441 2271 collegium
1483 2222 1669 2270 praetore

309 2278 493 2318 omnium
534 2279 713 2332 primum
755 2280 954 2333 populum
997 2279 1296 2319 consulendum
1334 2279 1385 2319 de
1421 2293 1516 2319 vere
1554 2292 1669 2318 sacro

265 2351 284 2380 2
310 2347 466 2380 censet:
493 2340 654 2381 iniussu
678 2341 820 2395 populi
845 2342 985 2382 voveri
1009 2356 1092 2382 non
1117 2355 1252 2395 posse.
1307 2346 1476 2395 rogatus
1501 2340 1543 2380 in
1567 2339 1669 2379 haec

308 2401 434 2442 verba
463 2402 661 2456 populus:
701 2403 852 2444 ‘velitis
884 2403 1112 2444 iubeatisne
1143 2403 1245 2443 haec
1276 2402 1333 2443 sic
1363 2401 1475 2442 fieri?
1535 2402 1569 2442 si
1604 2416 1668 2441 res

307 2463 473 2516 publica
497 2465 638 2519 populi
657 2464 836 2506 Romani
856 2464 1080 2518 Quiritium
1105 2465 1157 2505 ad
1182 2464 1507 2518 quinquennium
1533 2463 1668 2518 proxi-

308 2540 421 2565 mum
458 2526 563 2566 sieut
600 2527 722 2567 velim
759 2542 850 2568 eam
887 2542 978 2568 esse
1015 2527 1190 2576 salvam,
1242 2534 1404 2567 servata
1445 2527 1519 2566 erit
1555 2525 1668 2567 hisee

309 2586 455 2627 duellis
470 2612 502 2616 —
516 2589 627 2641 quod
646 2589 828 2629 duellum
846 2589 999 2643 populo
1014 2589 1203 2629 Romano
1226 2603 1319 2629 eum
1335 2586 1666 2642 Carthaginiensi

310 2654 371 2688 est
395 2663 582 2702 quaeque
608 2651 744 2691 duella
769 2666 863 2692 cum
884 2650 1015 2692 Gallis
1044 2658 1157 2700 sunt,
1184 2651 1253 2704 qui
1280 2651 1337 2691 eis
1358 2650 1480 2704 Alpis
1507 2655 1601 2690 sunt
1617 2672 1663 2697 —,

265 2721 284 2751 3
309 2708 450 2750 datum
487 2711 641 2752 donum
677 2713 763 2753 duit
799 2713 976 2767 populus
1014 2713 1227 2754 Romanus
1267 2711 1508 2765 Quiritium,
1552 2709 1661 2763 quod
