1815 3184
268 1610 286 1638 S

252 2104 290 2133 10

252 2292 289 2319 11

257 2536 293 2565 12

309 251 392 291 494
612 254 762 288 LIBER
786 253 911 295 XXX,
938 253 990 286 11.
1013 252 1065 285 12.
1093 254 1140 294 [a.
1155 263 1190 285 u.
1205 262 1234 285 ο.
1248 251 1329 295 551]

308 366 573 414 conspectum
608 356 775 409 quidem
810 355 1021 409 signorum
1058 360 1180 407 atque
1212 368 1416 394 armorum
1447 354 1644 396 tulerunt:

308 430 461 462 tantum
490 434 563 460 seu
587 417 785 458 memoria
807 416 990 471 priorum
1009 415 1185 456 cladium
1211 430 1284 456 seu
1303 430 1499 470 praesens
1519 423 1646 457 terror

307 482 448 523 valuit.

390 543 495 584 XII.
544 541 609 583 Ibi
630 540 821 596 Syphax,
853 540 950 580 dum
977 538 1185 592 obequitat
1210 538 1389 579 hostium
1414 537 1575 587 turmis,
1613 538 1648 578 si

305 606 480 661 pudore,
519 604 552 645 si
576 603 757 658 periculo
784 617 857 643 suo
883 602 1025 656 fugam
1056 601 1199 642 sistere
1229 608 1388 655 posset,
1426 615 1531 654 equo
1556 615 1649 654 gra-

307 668 410 708 viter
433 667 512 707 icto
539 666 695 706 effusus
721 664 962 719 opprimitur
993 663 1230 718 capiturque
1255 670 1295 704 et
1323 663 1460 712 vivus,
1497 663 1649 703 laetum

307 737 401 770 ante
427 728 558 769 omnis
584 727 836 768 Masinissae
860 725 1119 782 praebiturus
1147 726 1443 780 spectaculum,
1470 725 1521 766 ad
1540 725 1650 766 Lae-

307 792 406 832 lium
432 789 693 845 pertrahitur.

393 851 509 893 Cirta
544 860 666 906 caput
700 849 818 905 regni
843 848 1047 904 Syphacis
1085 856 1189 899 erat3
1233 864 1280 890 eo
1317 864 1360 890 se
1396 849 1541 904 ingens
1578 848 1652 889 ho-

308 915 463 956 minum
499 913 670 954 contulit
706 912 781 953 vis.
848 913 994 953 caedes
1031 911 1074 952 in
1104 926 1152 953 eo
1182 911 1336 967 proelio
1367 911 1499 952 minor
1530 925 1652 964 quam

308 977 477 1018 victoria
502 976 596 1025 fuit,
635 974 730 1028 quia
755 974 934 1027 equestri
965 974 1248 1015 tantummodo
1273 973 1428 1028 proelio
1454 980 1652 1013 certatum

308 1040 454 1080 fuerat.
513 1053 596 1079 non
619 1037 712 1092 plus
739 1037 917 1090 quinque
947 1036 1060 1077 milia
1089 1037 1242 1085 occisa,
1279 1036 1414 1076 minus
1441 1034 1653 1075 dimidium

310 1101 396 1142 eius
432 1100 644 1141 hominum
681 1107 846 1153 captum
881 1106 943 1139 est
978 1099 1134 1153 impetu
1162 1098 1205 1138 in
1236 1107 1369 1138 castra
1404 1097 1532 1145 facto,
1572 1110 1652 1148 quo

309 1163 500 1218 perculsa
522 1176 620 1216 rege
647 1161 799 1201 amisso
824 1160 1041 1201 multitudo
1068 1175 1112 1200 se
1138 1160 1377 1200 contulerat.
1425 1157 1654 1198 Masinissa

311 1224 389 1265 sibi
414 1223 579 1276 quidem
604 1222 738 1263 dicere
762 1221 862 1261 nihil
888 1236 980 1262 esse
1004 1221 1046 1261 in
1070 1221 1303 1275 praesentia
1326 1219 1505 1275 pulcrius
1531 1234 1654 1272 quam

310 1286 507 1326 victorem
542 1291 828 1338 recuperatum
863 1290 975 1323 tanto
1011 1290 1106 1337 post
1142 1282 1355 1323 intervallo
1386 1281 1563 1337 patrium
1593 1280 1654 1320 in-

311 1348 444 1388 visere
475 1361 666 1401 regnum3
705 1345 778 1386 sed
814 1353 899 1385 tam
935 1344 1125 1385 secundis
1158 1359 1281 1397 quam
1311 1343 1493 1384 adversis
1530 1343 1653 1383 rebus

311 1425 394 1450 non
430 1408 517 1448 dari
555 1407 731 1462 spatium
774 1407 826 1447 ad
867 1407 1125 1447 cessandum.
1198 1406 1232 1446 si
1269 1420 1312 1446 se
1348 1405 1518 1445 Laelius
1562 1419 1655 1444 cum

313 1470 495 1523 equitatu
520 1469 737 1521 vinctoque
765 1467 956 1523 Syphace
978 1466 1135 1508 Cirtam
1160 1467 1405 1521 praecedere
1432 1466 1550 1514 sinat,
1576 1474 1656 1506 tre-

310 1532 408 1587 pida
437 1531 574 1572 omnia
603 1538 715 1570 metu
746 1544 789 1570 se
820 1544 1132 1584 oppressurum:
1170 1528 1362 1569 Laelium
1394 1542 1486 1567 cum
1510 1527 1656 1582 pediti-

313 1595 388 1633 bus
416 1592 612 1645 subsequi
637 1592 807 1633 modicis
833 1591 1046 1632 itineribus
1066 1605 1203 1646 posse.
1242 1589 1497 1630 adsentiente
1511 1589 1657 1630 Laelio

311 1669 580 1710 praegressus
608 1653 767 1695 Cirtam
792 1653 953 1694 evocari
979 1653 1031 1693 ad
1056 1652 1316 1706 conloquium
1340 1652 1545 1707 principes
1567 1650 1659 1692 Cir-

312 1717 489 1758 tensium
519 1717 643 1757 iubet.
711 1715 784 1756 sed
815 1715 923 1770 apud
953 1715 1119 1770 ignaros
1149 1715 1259 1769 regis
1292 1729 1411 1755 casus
1442 1728 1518 1755 nec
1554 1728 1658 1767 quae

314 1787 405 1820 acta
434 1786 573 1819 essent
602 1778 827 1833 promendo
859 1791 936 1818 nec
964 1777 1085 1818 minis
1116 1791 1192 1817 nec
1223 1776 1433 1817 suadendo
1466 1783 1559 1816 ante
1589 1791 1660 1816 va-

313 1842 385 1882 luit
417 1856 540 1894 quam
575 1856 647 1881 rex
680 1840 839 1880 vinctus
871 1839 913 1879 in
943 1847 1211 1894 conspectum
1241 1839 1360 1880 datus
1392 1846 1513 1879 esset.
1574 1845 1660 1878 tum

315 1904 367 1944 ad
397 1903 677 1958 spectaculum
703 1911 786 1943 tam
811 1902 978 1943 foedum
1003 1901 1268 1957 comploratio
1294 1908 1399 1949 orta,
1437 1909 1477 1941 et
1511 1899 1660 1954 partim

314 1981 466 2022 pavore
498 1966 671 2007 moenia*
691 1974 783 2006 sunt
817 1965 997 2014 deserta,
1035 1965 1183 2019 partim
1213 1963 1425 2018 repentino
1457 1976 1660 2004 consensu

314 2029 489 2084 gratiam
526 2028 636 2083 apud
672 2028 870 2069 victorem
916 2027 1198 2081 quaerentium
1232 2026 1462 2081 patefactae
1502 2031 1658 2079 portae.

315 2099 355 2131 et
378 2091 607 2131 Masinissa
641 2089 848 2145 praesidio
885 2089 992 2130 circa
1026 2096 1165 2144 portas
1203 2095 1513 2143 opportunaque
1548 2101 1661 2127 moe-

314 2153 428 2193 nium
459 2152 648 2202 dimisso‚
690 2167 742 2194 ne
774 2152 838 2193 cui
868 2152 992 2207 fugae
1028 2158 1186 2206 pateret
1223 2150 1375 2199 exitus,
1419 2149 1471 2190 ad
1505 2148 1662 2203 regiam

316 2215 598 2269 occupandam
623 2215 746 2256 citato
772 2214 885 2255 vadit
911 2228 1028 2267 equo.

399 2278 576 2318 Intranti
613 2277 863 2319 vestibulum
893 2276 935 2317 in
965 2276 1055 2331 ipso
1091 2275 1230 2316 limine
1263 2273 1522 2329 Sophoniba,
1560 2287 1663 2313 uxor

319 2338 542 2394 Syphacis,
578 2340 663 2380 filia
693 2338 970 2380 Hasdrubalis
999 2337 1150 2387 Poeni,
1187 2337 1380 2385 occurrit3
1429 2343 1469 2376 et
1498 2349 1592 2375 cum
1623 2334 1663 2373 in

317 2402 450 2442 medio
478 2401 642 2456 agmine
674 2409 923 2442 armatorum
946 2399 1217 2440 Masinissam
1246 2398 1452 2453 insignem
1482 2411 1575 2437 cum
1601 2411 1663 2436 ar-

317 2463 414 2512 mis,
442 2471 528 2503 tum
553 2472 688 2505 cetero
710 2463 852 2504 habitu
873 2462 1176 2517 conspexisset,
1201 2476 1343 2515 regem
1363 2474 1467 2508 esse,
1493 2458 1535 2499 id
1555 2457 1663 2512 quod

320 2535 423 2573 erat,
465 2534 573 2574 rata,
616 2526 790 2580 genibus
829 2525 1023 2566 advoluta
1058 2524 1171 2565 eius:
1227 2522 1382 2564 ‘omnia
1419 2521 1584 2574 quidem
1618 2527 1662 2559 ut

319 2602 463 2640 posses
501 2587 542 2627 in
577 2588 716 2636 nobis,
754 2587 795 2627 di
826 2587 1026 2627 dederunt
1057 2586 1268 2638 virtusque
1299 2593 1339 2625 et
1369 2583 1542 2624 felicitas
1574 2588 1661 2628 tua;

322 2648 394 2687 sed
420 2648 453 2687 si
479 2649 664 2703 captivae
690 2649 799 2704 apud
824 2648 1035 2689 dominum
1059 2648 1167 2688 vitae
1185 2647 1379 2699 necisque
1403 2659 1501 2686 suae
1521 2655 1663 2684 vocem

258 2720 297 2751 13
323 2709 549 2763 supplicem
572 2710 732 2751 mittere
762 2710 874 2759 licet,
911 2710 945 2750 si
975 2725 1129 2764 genua,
1167 2709 1202 2749 si
1226 2708 1435 2749 victricem
1465 2704 1662 2757 attingere
