1815 3184
493 255 646 289 LIBER
670 256 839 299 XXIIII,
864 256 919 290 30.
938 255 993 289 31.
1022 258 1070 299 [a.
1088 255 1220 298 0914]
1454 246 1535 287 195

184 360 300 408 bant,
345 359 452 413 capti
489 359 541 399 ad
577 358 894 399 Trasimennum
929 359 1033 399 inter
1068 358 1349 399 Romanorum
1385 358 1537 399 auxilia

183 421 434 473 dimissique.
497 434 600 472 quos
631 420 702 460 ubi
732 434 783 460 ex
815 420 942 474 signis
973 434 1262 472 armorumque
1291 418 1433 460 habitu
1470 434 1537 459 co-

183 497 380 536 gnovere,
412 481 688 535 Hippocrates
715 488 835 534 atque
860 481 1070 535 Epicydes
1096 496 1232 522 ramos
1258 480 1371 522 oleae
1396 495 1444 521 ae
1469 495 1538 521 ve-

182 543 360 584 lamenta
390 543 469 584 alia
500 543 745 597 supplicium
775 543 1029 597 porrigentes
1061 557 1194 591 orare,
1232 549 1278 583 ut
1312 543 1539 596 reciperent

184 620 291 654 sese,
318 612 362 645 ut
386 611 572 659 receptos
598 611 826 645 tutarentur
849 619 929 644 neu
953 604 1171 658 proderent
1198 603 1488 658 Syracusanis,
1515 619 1540 644 a

183 667 332 720 quibus
358 667 437 720 ipsi
462 681 559 706 mox
584 665 814 706 trucidandi
837 665 990 720 populo
1015 665 1204 706 Romano
1229 666 1486 706 dederentur.

266 727 446 768 XXXI.
516 727 741 767 Enimvero
778 727 1054 775 conclamant,
1098 725 1251 767 bonum
1283 733 1327 767 ut
1357 727 1538 767 animum

182 788 396 829 haberent:
435 803 597 829 omnem
624 803 667 829 se
693 802 787 828 cum
811 788 890 828 illis
917 788 1123 828 fortunam
1155 788 1374 829 subituros.
1434 788 1539 828 inter

182 850 260 890 hoc
286 850 547 903 conloquium
574 850 693 904 signa
724 849 1005 897 constiterant,
1044 849 1339 902 tenebaturque
1370 864 1538 904 agmeng

183 913 359 953 necdum
395 927 500 965 quac
543 925 680 952 morae
721 925 847 951 causa
888 910 993 951 foret
1028 918 1270 964 pervenerat
1312 912 1364 951 ad
1399 912 1538 952 duces.

182 980 399 1028 postquam
436 973 720 1026 Hippocraten
756 979 879 1024 atque
914 971 1131 1025 Epicyden
1174 973 1354 1025 pervasit
1388 987 1537 1021 rumor,

182 1036 450 1087 fremitusque
486 1040 570 1074 toto
607 1033 770 1088 agmine
807 1038 892 1072 erat
927 1032 1029 1072 haut
1065 1032 1188 1073 dubie
1225 1033 1538 1087 adprobantium

182 1097 404 1136 adventum
447 1109 607 1143 eorum,
657 1093 862 1147 extemplo
904 1100 1113 1147 praetores
1156 1094 1288 1134 citatis
1332 1094 1446 1146 equis
1489 1094 1540 1134 ad

180 1157 311 1211 prima
337 1156 455 1210 signa
478 1161 756 1209 perrexerunt.
806 1155 875 1208 qui
900 1169 989 1195 mos
1014 1155 1100 1204 ille,
1127 1169 1232 1207 quae
1258 1155 1420 1196 licentia
1441 1154 1541 1196 Cre-

180 1218 358 1258 tensium
383 1223 491 1258 esset
515 1217 741 1271 rogitantes
773 1216 990 1269 conloquia
1021 1217 1184 1257 serendi
1215 1231 1308 1257 cum
1338 1216 1456 1257 hoste
1481 1217 1542 1257 in-

179 1279 377 1332 iussuque
396 1285 630 1333 praetorum
651 1278 850 1318 miscendi
871 1292 940 1318 cos
962 1278 1119 1332 agmini
1143 1293 1236 1327 suo,
1263 1278 1540 1332 conprehendi

180 1340 356 1394 inicique
392 1346 556 1380 catenas
592 1339 800 1380 iusserunt
830 1339 1090 1394 Hippocrati.
1152 1340 1204 1380 ad
1240 1354 1364 1392 quam
1394 1354 1539 1380 vocem

181 1408 318 1442 tantus
345 1401 548 1455 extemplo
579 1401 755 1454 primum
787 1417 810 1442 a
836 1400 1104 1443 Cretensibus
1139 1401 1293 1441 clamor
1327 1407 1389 1441 cst
1415 1408 1539 1450 ortus,

182 1463 328 1503 deinde
349 1470 543 1516 exceptus
565 1462 615 1502 ab
631 1462 738 1511 aliis,
764 1469 809 1502 ut
828 1462 966 1511 facile,
993 1463 1027 1503 si
1040 1463 1146 1503 ultra
1159 1462 1389 1512 tenderent,
1415 1478 1542 1517 appa-

182 1532 287 1565 reret
308 1525 365 1565 eis
386 1525 612 1565 timendum
633 1539 735 1565 esse.
787 1524 948 1565 solliciti
966 1525 1191 1578 incertique
1216 1539 1352 1565 rerum
1375 1540 1541 1565 suarum

182 1586 418 1640 Megaram,
455 1586 564 1626 unde
588 1585 761 1640 profecti
786 1592 917 1635 erant,
954 1586 1097 1627 referri
1129 1587 1247 1641 signa
1271 1586 1413 1627 iubent
1437 1602 1542 1627 nun-

184 1649 346 1700 tiosque
383 1647 433 1687 de
471 1653 580 1688 statu
610 1647 816 1701 praesenti
848 1646 1077 1700 Syracusas
1114 1648 1293 1687 mittunt.
1354 1647 1542 1688 fraudem

183 1723 347 1762 quoque
384 1708 660 1762 Hippocrates
702 1708 815 1748 addit
855 1708 1058 1748 inclinatis
1102 1709 1154 1748 ad
1201 1723 1366 1749 omnem
1409 1709 1543 1763 suspi-

185 1771 342 1811 cionem
373 1770 520 1810 animis
552 1776 591 1810 et
624 1769 885 1810 Cretensium
916 1769 1164 1822 quibusdam
1195 1770 1247 1810 ad
1277 1770 1421 1811 itinera
1445 1771 1542 1811 insi-

184 1832 319 1872 denda
342 1832 479 1871 missis
505 1831 617 1872 velut
641 1831 886 1884 interceptas
912 1831 1084 1880 litteras,
1122 1846 1225 1884 quas
1256 1831 1345 1885 ipse
1376 1846 1543 1886 compo-

185 1900 339 1942 suerat,
365 1893 525 1933 recitat:
559 1896 784 1947 ‘praetores
813 1891 1065 1947 Syracusani
1091 1907 1173 1934 cos.
1200 1892 1428 1934 Marcello?
1478 1908 1542 1934 se-

186 1955 367 1995 cundum
393 1954 585 2003 salutem,
617 1961 662 1994 ut
686 1954 862 2003 adsolet,
897 1955 1094 2008 scriptum
1119 1960 1204 1995 erat
1228 1960 1337 1996 recte
1363 1969 1457 1995 eum
1482 1962 1543 1996 at-

184 2030 265 2069 que
295 2016 435 2057 ordine
466 2016 636 2065 fecisse,
674 2016 785 2069 quod
814 2016 858 2056 in
886 2016 1105 2057 Leontinis
1136 2016 1237 2056 nulli
1272 2017 1542 2071 pepercisset3

187 2083 249 2117 set
267 2077 449 2117 omnium
467 2078 839 2118 mercennariorum
865 2077 1040 2117 militum
1065 2078 1237 2118 eandem
1257 2092 1349 2118 esse
1375 2092 1542 2119 causam

187 2152 263 2178 nec
297 2153 493 2191 umquam
526 2137 755 2193 Syracusas
788 2139 1014 2191 quieturas,
1053 2139 1183 2179 donec
1219 2139 1440 2192 quicquam
1475 2153 1544 2179 ex-

188 2208 395 2241 ternorum
421 2201 665 2242 auxiliorum
690 2207 759 2242 aut
784 2201 826 2241 in
850 2200 951 2242 urbe
977 2201 1107 2242 autin
1126 2201 1307 2242 exercitu
1327 2216 1401 2242 suo
1421 2208 1542 2242 esset.

187 2262 324 2314 itaquo
362 2262 476 2302 daret
512 2276 698 2316 operam,
736 2268 781 2302 ut
812 2277 901 2311 eos,
940 2263 1010 2316 qui
1047 2277 1141 2303 cum
1172 2263 1257 2304 suis
1287 2262 1543 2317 praetoribus

189 2332 321 2364 castra
347 2324 399 2364 ad
423 2323 598 2379 Megara
622 2324 836 2374 haberent,
861 2325 904 2365 in
930 2340 1047 2366 suam
1071 2331 1318 2379 potestatem
1341 2325 1546 2380 redigeret

189 2400 235 2426 ac
262 2385 461 2440 supplicio
487 2400 628 2427 eorum
652 2386 842 2427 liberaret
867 2387 1032 2428 tandem
1048 2385 1291 2441 Syracusas.
1328 2386 1431 2427 haec
1451 2401 1545 2427 cum

189 2447 357 2487 recitata
376 2454 531 2497 essent,
559 2462 653 2488 cum
677 2455 789 2488 tanto
809 2448 984 2489 clamore
1004 2449 1055 2489 ad
1081 2464 1194 2489 arma
1213 2449 1445 2489 discursum
1470 2455 1544 2497 est,

189 2516 233 2549 ut
268 2516 475 2563 praetores
512 2510 616 2550 inter
645 2509 866 2550 tumultum
895 2510 1033 2564 pavidi
1064 2509 1388 2563 abequitaverint
1421 2509 1546 2564 Syra-

190 2586 322 2612 cusas.
382 2577 421 2612 et
451 2586 502 2612 ne
538 2572 639 2627 fuga
669 2572 835 2626 quidem
865 2586 1007 2613 eorum
1037 2573 1183 2613 seditio
1214 2587 1435 2627 conpressa
1469 2579 1542 2621 est,

188 2633 432 2687 impetusque
469 2634 511 2674 in
544 2633 828 2688 Syracusanos
864 2634 1013 2675 milites
1049 2634 1219 2683 fiebant3
1269 2648 1345 2675 nec
1380 2633 1432 2674 ab
1461 2634 1545 2675 ullo

189 2700 459 2748 temperatum
496 2695 617 2745 foret,
666 2696 708 2736 ni
743 2695 953 2751 Epicydes
991 2702 1113 2749 atque
1149 2695 1424 2750 Hippocrates
1461 2696 1544 2736 irae

1251 2761 1315 2795 13*

1564 433 1603 461 14

1563 800 1581 829 Ν.)

1570 2278 1588 2306 9

1572 2399 1612 2429 10

1573 2585 1609 2614 11
