1815 3184
223 367 263 397 10

222 676 258 703 11

241 1293 259 1321 ¹0

241 2407 256 2435 ἱ]

287 243 371 285 250
597 249 751 283 LIBER
775 249 902 293 XXV,
930 249 984 283 30.
1001 248 1063 282 31.
1091 251 1188 292 [a.u.
1205 248 1330 293 0542]

287 367 500 394 manorum
539 351 770 392 arcendum.
852 351 894 391 in
935 351 1014 392 hoc
1055 351 1233 391 tumultu
1274 351 1478 392 actuariae
1513 367 1639 393 naves

286 416 507 455 instructae
537 413 619 453 iam
656 419 749 453 ante
786 412 1164 466 circumvectaeque
1195 412 1247 453 ad
1276 412 1434 453 Nasum
1465 420 1640 454 armatos

287 482 518 530 exponunt,
568 475 638 527 qui
673 474 881 529 inproviso
917 475 1048 515 adorti
1084 474 1329 528 semiplenas
1374 474 1566 515 stationes
1603 482 1643 516 et

286 538 500 591 adapertas
554 536 664 577 fores
718 543 883 591 portae,
944 551 1025 589 qua
1071 536 1192 590 paulo
1242 543 1335 577 ante
1383 544 1643 576 excurrerant

286 599 448 647 armati,
496 598 608 638 haud
655 613 806 653 magno
849 598 1067 638 certamine
1108 598 1267 639 Nasum
1315 612 1459 652 cepere
1507 598 1644 638 deser-

287 669 370 702 tam
419 661 687 715 trepidatione
734 668 774 702 et
826 661 927 715 fuga
969 661 1197 702 custodum.
1279 675 1412 714 neque
1459 660 1502 700 in
1550 660 1642 700 ullis

286 724 421 764 minus
452 723 645 777 praesidii
683 729 753 763 aut
787 723 1035 778 pertinaciae
1075 723 1127 763 ad
1156 724 1407 764 manendum
1443 737 1567 776 quam
1602 722 1643 762 in

292 785 518 840 transfugis
549 785 645 834 fuit,
690 785 786 838 quia
822 800 873 826 ne
911 785 995 826 suis
1033 785 1198 838 quidem
1235 786 1334 826 satis
1373 786 1584 826 credentes
1622 799 1643 824 e

287 847 422 888 medio
455 848 674 888 certamine
707 847 951 901 effugerunt.
1012 846 1256 897 Marcellus,
1294 854 1338 887 ut
1364 854 1525 901 captam
1552 861 1642 889 esse

284 908 443 950 Nasum
471 907 619 964 [videt]
649 916 686 950 et
707 908 970 950 Achradinae
994 909 1205 964 regionem
1230 924 1354 950 unam
1379 910 1507 950 teneri
1524 910 1646 952 Moe-

285 970 496 1024 ricumque
533 985 626 1011 cum
663 971 867 1025 praesidio
906 971 990 1011 suis
1027 971 1283 1019 adiunctum,
1320 972 1501 1025 receptui
1539 973 1644 1014 ceci-

286 1033 362 1080 nit,
400 1047 450 1073 ne
476 1033 612 1087 regiae
639 1047 756 1087 opes,
804 1047 977 1086 quarum
1002 1032 1113 1074 fama
1140 1033 1269 1074 maior
1293 1047 1415 1086 quam
1447 1049 1512 1076 res
1545 1045 1641 1084 erat,

286 1094 568 1147 diriperentur.

372 1155 551 1196 XXXI.
616 1155 849 1210 Suppresso
891 1156 1048 1210 impetu
1084 1156 1259 1196 militum
1294 1163 1339 1196 ut
1373 1157 1448 1206 iis,
1497 1158 1567 1210 qui
1602 1159 1642 1199 in

285 1217 524 1258 Achradina
550 1226 681 1267 crant,
719 1219 946 1273 transfugis
979 1219 1156 1272 spatium
1186 1218 1384 1271 locusque
1415 1220 1539 1274 fugae
1572 1221 1643 1261 (la-

286 1287 351 1321 tus
378 1288 456 1329 est,
486 1279 736 1334 Syracusani
762 1282 926 1321 tandem
952 1281 1068 1321 liberi
1093 1288 1203 1321 metu
1229 1281 1355 1334 portis
1379 1281 1642 1323 Achradinae

286 1342 436 1395 apertis
485 1349 665 1382 oratores
708 1343 760 1383 ad
795 1342 1041 1383 Marcellum
1083 1342 1266 1391 mittunt,
1315 1343 1415 1383 nihil
1456 1350 1641 1397 petentes

286 1403 396 1444 aliud
421 1418 544 1456 quam
570 1404 890 1444 incolumitatem
917 1404 994 1444 sibi
1019 1404 1239 1456 liberisque
1266 1404 1364 1444 suis,
1418 1404 1641 1446 Marcellus

286 1465 454 1505 consilio
481 1466 679 1506 advocato
706 1473 744 1505 et
770 1465 963 1506 adhibitis
996 1465 1118 1505 etiam
1146 1464 1438 1518 Syracusanis,
1477 1467 1547 1518 qui
1570 1481 1643 1521 per

287 1527 506 1567 seditiones
533 1527 639 1581 pulsi
666 1527 717 1568 ab
743 1528 864 1568 domo
890 1528 995 1567 intra
1019 1527 1230 1580 praesidia
1254 1526 1443 1568 Romana
1468 1528 1641 1578 fuerant,

284 1589 511 1642 respondit,
549 1604 631 1629 non
667 1589 785 1643 plura
821 1604 894 1643 per
929 1604 1057 1630 annos
1095 1589 1393 1645 quinquaginta
1429 1590 1643 1632 benefacta

283 1650 478 1690 Hieronis
506 1665 629 1703 quam
654 1651 797 1705 paucis
828 1651 891 1691 his
923 1651 1039 1692 annis
1072 1651 1271 1691 maleficia
1302 1666 1442 1692 eorum
1468 1653 1538 1705 qui
1564 1652 1644 1707 Sy-

282 1727 448 1752 racusas
492 1713 693 1753 tenuerint
737 1728 834 1767 erga
876 1713 1075 1767 populum
1116 1713 1350 1754 Romanum
1393 1728 1497 1755 esse.
1571 1715 1643 1755 sed

282 1774 476 1828 pleraque
520 1790 660 1815 eorum
702 1790 783 1829 quo
827 1776 1041 1816 debuerint
1086 1776 1305 1817 reccidisse
1348 1776 1642 1829 foederumque

282 1850 494 1891 ruptorum
519 1839 631 1893 ipsos
657 1838 708 1880 ab
741 1854 784 1880 se
809 1839 1018 1894 graviores
1045 1838 1173 1879 multo
1204 1853 1327 1891 quam
1357 1839 1533 1893 populus
1559 1839 1643 1880 Ro-

284 1914 430 1940 manus
458 1900 630 1940 volucrit
660 1916 815 1955 poenas
848 1901 1061 1955 exegisse:
1112 1915 1155 1941 se
1187 1901 1351 1953 quidem
1383 1901 1545 1941 tertium
1571 1917 1643 1941 an-

282 1975 379 2000 num
417 1962 714 2003 circumsedere
743 1962 991 2016 Syracusas,
1030 1977 1112 2002 non
1144 1971 1188 2002 ut
1219 1962 1396 2016 populus
1426 1962 1640 2003 Romanus

283 2037 443 2063 servam
476 2024 682 2064 civitatem
713 2024 901 2073 liaberet,
940 2024 1013 2065 sed
1048 2039 1099 2064 ne
1138 2024 1444 2078 transfugarum
1477 2022 1643 2078 [alieni-

282 2084 582 2140 genarum]que
609 2087 734 2128 duces
760 2094 921 2141 captam
948 2093 987 2127 et
1018 2101 1257 2141 oppressam
1289 2092 1483 2126 tenerent.
1544 2086 1643 2138 quid

281 2148 485 2200 potuerint
513 2147 763 2202 Syracusani
789 2149 942 2198 facere,
981 2148 1169 2202 exemplo
1200 2147 1266 2188 vel
1297 2162 1367 2188 eos
1399 2162 1489 2188 esse
1517 2146 1643 2202 Syra—

283 2224 547 2259 cusanorum,
587 2210 658 2263 qui
683 2211 788 2251 intra
819 2211 1023 2265 praesidia
1048 2210 1237 2250 Romana
1268 2209 1436 2258 fuerint,
1473 2209 1540 2249 vel
1564 2209 1643 2250 Hi-

283 2286 458 2324 spanum
483 2272 630 2312 ducem
654 2272 904 2322 Moericum,
942 2273 1013 2326 qui
1037 2272 1288 2327 praesidium
1313 2271 1540 2321 tradiderit,
1579 2271 1642 2312 vel

282 2332 465 2386 ipsorum
503 2332 861 2387 Syracusanorum
902 2342 1111 2389 postremo
1155 2349 1292 2374 serum
1330 2333 1520 2386 quidem,
1569 2333 1642 2372 sed

282 2394 386 2435 forte
423 2396 650 2436 consilium.
723 2396 801 2437 sibi
838 2397 1022 2437 omnium
1063 2395 1251 2436 laborum
1285 2395 1640 2449 periculorumque

284 2456 390 2496 circa
420 2458 582 2498 moenia
615 2456 879 2513 Syracusana
911 2466 1018 2499 terra
1048 2458 1232 2510 marique
1269 2464 1352 2497 tam
1389 2457 1459 2497 diu
1489 2456 1641 2497 exhau-

285 2528 439 2558 storum
475 2533 737 2573 nequaquam
773 2526 931 2560 tantum
967 2520 1146 2560 fructum
1184 2533 1300 2568 esse,
1349 2518 1461 2571 quod
1497 2531 1640 2571 capere

288 2577 515 2632 Syracusas
552 2582 767 2635 potuisset.
838 2582 934 2622 inde
977 2589 1171 2635 quaestor
1212 2595 1306 2621 cum
1346 2579 1551 2634 praesidio
1588 2578 1639 2618 ad

285 2639 443 2680 Nasum
479 2648 518 2682 et
555 2643 833 2697 accipiendam
867 2644 1085 2698 pecuniam
1121 2643 1276 2697 regiam
1312 2641 1639 2694 custodiendam-
