1815 3184
257 787 296 817 κ)

256 911 293 939 11

258 1341 296 1369 13

258 1649 297 1676 14

258 1772 297 1799 15

258 1895 296 1923 16

259 2019 295 2047 17

280 2265 293 2293 1

278 2325 297 2354 2

322 236 403 277 448
615 241 767 275 LIBER
791 218 996 283 xxvnn,
1021 241 1053 273 6.
1075 240 1104 273 7.
1134 240 1228 283 [a.u.
1245 251 1274 274 ο.
1291 241 1373 284 549]

321 344 649 398 composuissent
680 343 898 396 signaque,
934 355 1038 395 quae
1068 342 1212 395 procul
1248 342 1356 382 edita
1391 342 1667 392 observarent,

320 407 399 461 ipsi
430 406 481 446 ad
514 403 751 457 Scipionem
784 402 1013 457 Syracusas
1044 403 1234 457 profecti,
1274 403 1383 457 apud
1418 418 1539 456 quem
1575 419 1668 458 pars

321 467 487 507 exulum
530 472 633 514 erat,
681 465 903 505 referentes
946 464 1003 504 ibi
1043 464 1246 517 promissa
1288 465 1540 518 captivorum
1577 480 1669 505 cum

322 543 436 582 spem
468 527 518 567 ab
551 527 701 567 effectu
731 526 841 566 haud
866 525 1151 566 abhorrentem
1177 526 1333 567 consuli
1358 526 1571 575 fecissent,
1603 527 1672 566 tri-

321 589 420 630 buni
456 588 630 628 militum
667 602 760 628 cum
790 588 839 627 iis
870 587 932 627 M.
961 586 1132 641 Sergius
1165 593 1204 627 et
1233 587 1282 627 P.
1314 586 1523 627 Matienus
1555 587 1671 628 missi

320 651 502 702 iussique
539 649 590 690 ab
621 649 754 703 Regio
786 649 861 689 tria
891 648 1003 688 milia
1033 649 1207 688 militum
1238 649 1397 689 Locros
1428 649 1595 697 ducere,
1633 656 1672 688 et

322 711 371 764 Q.
391 711 593 751 Pleminio
618 710 870 764 propraetori
895 710 1109 764 scriptum,
1136 716 1179 750 ut
1203 710 1262 750 rei
1287 710 1470 765 agendae
1496 705 1673 751 adessetss

322 773 495 827 profecti
534 772 585 813 ab
622 772 773 827 Regio,
819 772 949 812 scalas
986 772 1038 812 ad
1075 772 1226 812 editam
1269 772 1523 813 altitudinem
1566 772 1670 813 arcis

321 835 540 875 fabricatas
566 841 794 888 portantes,
822 834 957 874 media
981 833 1110 874 ferme
1135 841 1253 874 nocte
1280 849 1331 874 ex
1356 849 1403 875 eo
1428 834 1535 883 1000,
1562 834 1671 874 1111(10

321 903 582 945 convenerat,
616 896 779 950 signum
804 896 951 936 dedere
976 895 1250 949 proditoribus
1283 896 1404 945 arcis3
1443 896 1512 948 qui
1542 895 1672 949 parati

320 958 546 1010 intentique
578 964 615 998 et
647 958 726 1011 ipsi
752 957 884 997 scalas
910 957 962 997 ad
985 958 1027 997 id
1051 957 1187 1010 ipsum
1212 957 1342 998 factas
1369 972 1461 997 cum
1487 958 1674 998 demisis-

323 1026 413 1060 sent
431 1019 698 1074 pluribusque
720 1019 840 1060 simul
860 1019 960 1059 locis
983 1020 1225 1059 scandentes
1248 1020 1514 1073 accepissent,
1540 1019 1672 1073 prius-

322 1097 445 1134 quam
472 1082 623 1121 clamor
653 1088 845 1129 oreretur,
884 1081 925 1120 in
955 1081 1100 1135 vigiles
1125 1080 1376 1130 Poenorum,
1415 1088 1459 1120 ut
1488 1081 1530 1121 in
1561 1081 1670 1120 1111110

323 1143 392 1183 tali
422 1150 533 1183 metu
565 1143 737 1196 sopitos,
775 1143 950 1195 impetus
983 1149 1044 1182 est
1076 1142 1222 1182 factus.
1283 1157 1456 1195 quorum
1492 1142 1670 1196 gemitus

322 1204 454 1258 primo
485 1204 745 1244 morientium
777 1203 1011 1252 exauditus,
1046 1204 1139 1243 dein
1166 1203 1300 1243 subita
1325 1203 1594 1244 consternatio
1621 1218 1672 1243 ex

324 1280 468 1306 somno
494 1272 533 1306 et
558 1265 773 1313 tumultus,
802 1279 895 1305 cum
921 1279 1045 1305 causa
1069 1265 1334 1319 ignoraretur,
1361 1271 1567 1319 postremo
1587 1279 1672 1305 cer-

323 1327 400 1368 tior
430 1342 494 1374 res
526 1326 614 1367 aliis
647 1325 916 1366 excitantibus
949 1326 1061 1366 alios.
1110 1326 1272 1378 iamque
1304 1326 1355 1366 ad
1386 1341 1498 1366 arma
1529 1340 1602 1379 pro
1629 1340 1671 1365 se

323 1389 496 1442 quisque
533 1387 724 1428 vocabat:
773 1387 903 1427 hostis
946 1387 988 1426 111
1025 1402 1117 1427 arce
1154 1402 1244 1427 csse
1282 1394 1320 1427 et
1357 1388 1471 1427 caedi
1507 1387 1671 1442 vigiles3

323 1450 588 1504 oppressique
620 1449 753 1489 forent
778 1449 954 1489 Romani
984 1462 1243 1501 nequaquam
1267 1463 1436 1488 numero
1461 1463 1599 1502 pares,
1630 1449 1673 1488 ni

323 1512 475 1552 clamor
506 1511 556 1551 ab
588 1511 636 1550 iis
668 1510 737 1563 qui
769 1517 882 1550 extra
918 1524 1052 1550 arcem
1089 1516 1201 1549 erant
1239 1509 1423 1549 sublatus
1460 1509 1672 1558 incertum,

322 1573 429 1612 unde
461 1572 695 1619 accidisset,
737 1571 872 1611 omnia
903 1586 1008 1611 vana
1038 1577 1214 1625 augente
1250 1578 1447 1611 nocturno
1483 1570 1671 1619 tumultu,

322 1634 499 1674 fecisset.
543 1634 679 1685 itaque
699 1632 810 1672 velut
828 1632 950 1686 plena
973 1632 1054 1672 iam
1079 1632 1258 1673 hostium
1285 1647 1376 1673 arce
1402 1632 1527 1673 territi
1544 1631 1675 1672 Poeni

322 1695 474 1735 01111550
512 1694 730 1735 certamine
766 1694 806 1733 in
843 1694 1011 1734 alteram
1048 1709 1183 1734 arcem
1218 1719 1250 1722 —
1288 1694 1392 1734 duae
1429 1700 1523 1734 sunt
1564 1693 1675 1734 haud

323 1757 494 1796 multum
520 1757 623 1796 inter
648 1770 691 1796 se
717 1755 914 1795 distantes
940 1780 972 1784 —
998 1756 1252 1810 confugiunt.
1315 1755 1508 1809 oppidani
1533 1755 1675 1795 urbem

321 1818 527 1859 habebant
553 1817 773 1858 victoribus
799 1817 1026 1870 praemium
1050 1818 1092 1857 in
1117 1817 1251 1857 medio
1276 1817 1465 1871 positam.
1504 1831 1554 1857 ex
1573 1817 1675 1857 arci-

322 1881 399 1921 bus
426 1880 585 1921 duabus
611 1880 776 1934 proeliis
803 1880 951 1920 cotidie
976 1880 1136 1921 levibus
1162 1880 1404 1921 certabatur.
1456 1879 1507 1932 Q
1522 1879 1674 1920 Plemi-

321 1943 413 1982 nius
435 1943 641 1991 Romano,
668 1942 881 1982 Hamilcar
900 1942 1058 1983 Punico
1083 1943 1286 1996 praesidio
1311 1949 1514 1996 praeerat3
1541 1957 1675 1982 arces-

324 2011 459 2045 sentes
486 2019 536 2044 ex
561 2004 800 2058 propinquis
827 2004 926 2045 locis
955 2004 1139 2045 subsidia
1169 2005 1306 2058 copias
1333 2004 1550 2058 augebant.
1588 2003 1676 2057 ipse

322 2074 528 2121 postremo
560 2067 750 2107 veniebat
780 2066 1010 2116 Hannibal,
1048 2082 1123 2108 nec
1166 2067 1455 2107 sustinuissent
1485 2067 1674 2115 Romani,

322 2129 400 2169 nisi
436 2129 709 2169 Locrensium
746 2129 982 2177 multitudo,
1033 2129 1275 2169 exacerbata
1319 2128 1510 2182 superbia
1552 2135 1673 2181 atque

324 2191 492 2231 avaritia
516 2190 770 2239 Poenorum,
797 2191 849 2230 ad
873 2190 1083 2231 Romanos
1110 2190 1357 2231 inclinasset.

360 2266 366 2271 ·
406 2251 504 2292 VII.
557 2252 740 2306 Scipioni
765 2259 809 2292 ut
833 2253 1063 2292 nuntiatum
1088 2260 1167 2300 est,
1194 2252 1236 2291 in
1261 2252 1414 2292 maiore
1440 2251 1673 2292 discrimine

323 2314 469 2354 Locris
512 2328 596 2354 rem
633 2314 736 2354 verti
771 2314 988 2367 ipsumque
1026 2314 1305 2354 Hannibalem
1342 2314 1581 2362 adventare,
1623 2327 1676 2353 ne

323 2375 525 2428 praesidio
556 2375 678 2415 etiam
709 2375 1004 2428 periclitaretur
1032 2375 1143 2417 haud
1167 2375 1278 2415 facili
1302 2375 1396 2415 inde
1422 2381 1606 2428 receptu,
1638 2382 1678 2415 et

323 2437 410 2490 ipse
437 2453 461 2477 a
486 2437 684 2477 Messana
702 2438 754 2477 L.
779 2435 972 2490 Scipione
998 2437 1121 2477 fratre
1147 2437 1189 2477 in
1213 2437 1416 2491 praesidio
1442 2435 1498 2476 ibi
1522 2435 1675 2485 relicto,

324 2512 416 2537 011111
447 2499 622 2552 primum
655 2509 770 2538 aestu
801 2498 951 2538 fretum
984 2498 1280 2546 inclinatumst‚
1318 2512 1444 2538 naves
1476 2497 1578 2537 mari
1615 2511 1678 2537 se-

325 2559 457 2599 cundo
490 2560 611 2599 misit.
673 2559 884 2600 Hannibal
915 2575 938 2600 a
964 2560 1114 2601 Buloto
1150 2561 1260 2600 3111111
1283 2585 1316 2589 ——
1340 2560 1451 2599 haud
1476 2559 1618 2613 procul
1642 2559 1676 2598 is

325 2619 375 2659 ab
412 2620 511 2660 urbe
548 2621 695 2661 Locris
733 2621 849 2661 abest
880 2646 912 2649 —
942 2622 1084 2662 nuntio
1124 2622 1370 2675 praemisso,
1408 2627 1453 2660 ut
1489 2621 1552 2661 sui
1586 2620 1675 2659 luce

325 2681 455 2733 prima
487 2695 648 2722 summa
678 2682 717 2721 vi
747 2682 947 2735 proelium
978 2697 1071 2722 cum
1095 2682 1294 2724 Romanis
1321 2697 1368 2723 ae
1393 2679 1673 2722 Locrensibus
