1815 3184
286 251 366 292 130
588 256 742 291 LIBER
766 256 917 300 XXIII,
944 256 997 289 16.
1018 256 1070 289 17.
1100 258 1146 299 [a.
1160 267 1194 290 u.
1209 267 1239 291 c.
1251 256 1333 301 538]

219 376 255 404 14
283 361 474 402 addidere
506 360 726 400 clamorem
757 359 864 399 lixae
896 359 1141 411 calonesque
1173 365 1213 399 et
1244 358 1323 399 alia
1353 358 1472 400 turba
1502 368 1634 402 custo-

282 425 372 464 diae
413 423 783 476 inpedimentorum
826 422 1031 475 adposita,
1080 428 1125 461 ut
1166 421 1413 475 paucitatem
1460 423 1636 464 maxime

282 484 566 539 spernentibus
603 484 756 524 Poenis
792 484 970 538 ingentis
1007 490 1172 537 repente
1214 483 1416 524 exereitus
1459 485 1635 538 speeiem

215 561 253 589 15
281 547 433 587 fecerit.
471 547 541 586 vix
556 546 745 598 equidem
760 547 892 586 ausim
907 545 1121 586 adfirmare
1142 545 1251 598 quod
1271 546 1437 599 quidam
1451 554 1635 588 auctores

280 615 391 656 sunt,
430 608 511 648 duo
543 608 654 647 milia
685 614 725 647 ct
755 607 1012 661 octingentos
1044 607 1223 647 hostium
1256 621 1397 647 caesos
1428 623 1508 648 non
1544 609 1635 662 plus

215 684 252 711 10·
280 670 513 723 quingentis
528 669 811 710 Romanorum
837 669 1013 709 amissis.
1059 675 1119 709 set
1145 669 1230 709 sive
1256 676 1368 709 tanta
1393 669 1479 709 sive
1504 670 1636 710 minor

279 732 449 771 victoria
474 731 569 780 suit,
610 731 757 785 ingens
784 746 832 771 eo
858 731 922 771 die
947 745 1012 771 res
1044 745 1092 771 ac
1116 731 1254 770 nescio
1286 746 1337 771 an
1363 731 1542 771 maxima
1566 732 1635 772 illo

279 793 386 833 bello
417 800 592 846 gestast:
629 808 711 833 non
742 793 851 833 vinci
882 793 990 832 enim
1021 792 1073 833 ab
1104 792 1341 833 Hannibale
1376 793 1634 834 vincentibus

279 854 488 894 difficilius
515 854 591 894 fuit
616 869 740 907 quam
765 861 910 908 postea
934 854 1110 894 vincere.

237 930 250 958 1
363 916 512 957 XVII.
572 915 785 956 Hannibal
817 931 889 970 spe
919 916 1140 970 potiundae
1164 915 1293 956 Nolae
1325 915 1516 970 adempta
1541 931 1632 957 cum

278 977 457 1019 Acerras
494 978 752 1026 recessisset,
800 977 1025 1018 Marcellus
1068 977 1273 1031 extemplo
1316 977 1464 1018 clausis
1508 979 1634 1032 portis

279 1040 600 1093 custodibusque
621 1040 844 1094 dispositis,
871 1054 922 1080 ne
942 1040 1033 1093 quis
1054 1040 1326 1094 egrederetur,
1353 1041 1635 1092 quaestionem

277 1102 318 1141 in
344 1102 432 1142 foro
458 1102 508 1142 de
534 1102 583 1142 iis
610 1102 679 1155 qui
712 1102 816 1142 clam
846 1102 887 1141 in
914 1101 1140 1154 conloquiis
1165 1100 1345 1141 hostium
1377 1102 1539 1142 fuerant
1562 1102 1634 1142 ha-

233 1177 251 1206 2
278 1163 383 1212 buit,
423 1178 546 1217 supra
578 1164 838 1218 septuaginta
868 1163 1083 1204 damnatos
1114 1163 1354 1217 proditionis
1388 1164 1519 1204 securi
1543 1179 1634 1218 per-

278 1225 407 1266 cussit
431 1225 620 1278 bonaque
653 1240 794 1266 eorum
825 1225 942 1265 iussit
974 1225 1139 1278 publica
1168 1225 1309 1279 populi
1334 1225 1510 1265 Romani
1543 1240 1634 1265 esse

235 1300 252 1328 3
279 1295 318 1327 et
344 1302 505 1328 summa
534 1302 670 1328 rerum
703 1287 862 1328 senatui
892 1287 1040 1327 tradita
1070 1301 1164 1327 eum
1195 1287 1376 1327 exercitu
1407 1287 1517 1328 omni
1542 1302 1634 1341 pro-

233 1363 252 1390 4
279 1349 411 1389 fectus
439 1364 562 1403 supra
588 1348 833 1390 Suessulam
865 1349 1008 1389 castris
1034 1349 1178 1402 positis
1211 1349 1408 1389 consedit.
1467 1348 1633 1389 Poenus

277 1410 457 1451 Acerras
482 1411 659 1465 primum
691 1411 743 1451 ad
774 1410 1042 1451 voluntariam
1069 1410 1317 1450 deditionem
1349 1416 1519 1449 conatus
1545 1425 1635 1463 pcr-

277 1473 417 1522 licere,
455 1480 675 1527 postquam
706 1472 934 1513 obstinatos
961 1472 1104 1525 (inde)
1130 1471 1258 1520 videt,
1296 1470 1483 1511 obsidere
1514 1480 1635 1524 atque

232 1543 250 1572 5
278 1550 515 1589 oppugnare
552 1542 680 1589 parat.
748 1541 927 1575 ceterum
963 1533 1185 1574 Acerranis
1222 1533 1314 1586 plus
1351 1534 1475 1573 animi
1511 1548 1634 1586 quam

276 1597 423 1636 virium
450 1604 547 1637 erat.
584 1597 721 1649 itaque
747 1597 962 1650 desperata
987 1595 1113 1635 tutela
1137 1594 1249 1635 urbis
1276 1602 1320 1635 ut
1339 1595 1635 1636 circumvallari

276 1659 437 1698 moenia
458 1658 661 1706 viderunt,
689 1658 927 1711 priusquam
949 1657 1282 1697 continuarentur
1300 1657 1478 1697 hostium
1499 1672 1633 1711 opera,

234 1734 250 1763 6
279 1735 350 1773 per
375 1720 606 1760 intermissa
637 1719 890 1759 munimenta
920 1719 1211 1773 neglectasque
1243 1719 1449 1759 custodias
1476 1719 1635 1759 silentio

277 1781 406 1821 noctis
434 1781 599 1834 dilapsi,
637 1795 710 1834 per
735 1781 822 1821 vias
856 1780 1066 1833 inviaque,
1104 1794 1185 1833 qua
1216 1794 1420 1833 quemque
1445 1788 1513 1820 aut
1540 1789 1640 1820 con—‘

277 1844 413 1884 silium
450 1851 520 1884 aut
557 1858 668 1884 error
704 1843 812 1892 tulit,
850 1843 892 1883 in
928 1843 1051 1884 urbes
1085 1842 1356 1897 Campaniae,
1394 1857 1496 1896 quas
1535 1843 1633 1884 satis

276 1913 432 1946 certum
459 1913 543 1946 erat
568 1921 649 1946 non
675 1914 856 1947 mutasse
882 1906 1025 1955 fidem,
1051 1906 1332 1960 perfugerunt.

234 1981 250 2009 7
361 1967 571 2008 Hannibal
587 1967 754 2009 Acerris
775 1968 942 2022 direptis
963 1975 1084 2021 atque
1103 1968 1300 2016 incensis,
1328 1983 1419 2009 curn
1435 1983 1458 2008 a
1479 1966 1632 2008 Casino

277 2030 519 2070 dictatorcm
562 2030 796 2071 Romanum
842 2031 1108 2085 legionesque
1151 2031 1309 2071 eminus
1358 2030 1485 2084 aspici
1532 2045 1635 2069 nun-

277 2093 466 2142 tiassent,
505 2108 555 2133 ne
581 2093 673 2145 quis
700 2101 783 2133 tam
815 2092 1055 2147 propinquis
1086 2092 1266 2133 hostium
1293 2093 1436 2132 castris
1464 2090 1633 2146 Capuae

276 2169 439 2207 quoque
466 2164 648 2195 oreretur
673 2154 890 2203 tumultus,
923 2154 1147 2195 exercitum
1174 2155 1226 2194 ad
1253 2152 1483 2195 Casilinum
1509 2153 1632 2194 ducit.

231 2228 250 2256 ὅ
279 2216 509 2256 Casilinum
559 2232 606 2257 eo
655 2223 837 2270 tempore
886 2216 1100 2271 quingenti
1135 2215 1392 2257 Praenestini
1428 2215 1634 2256 habebant

276 2292 368 2318 cum
405 2278 547 2332 paucis
590 2278 791 2319 Romanis
828 2278 1051 2331 Latinique
1095 2278 1294 2327 nominis,
1344 2292 1446 2330 quos
1490 2277 1633 2317 eodem

232 2350 249 2379 9
276 2339 414 2379 audita
457 2338 690 2380 Cannensis
736 2340 872 2380 clades
916 2339 1164 2393 conpulerat.
1247 2339 1289 2379 hi
1329 2354 1411 2379 non
1447 2338 1633 2379 confecto

275 2400 498 2442 Praeneste
529 2401 583 2443 ad
607 2402 715 2442 diem
747 2401 899 2442 dilectu
925 2402 1054 2442 serius
1088 2400 1260 2455 profecti
1285 2401 1406 2441 domo
1433 2415 1526 2441 cum
1553 2399 1634 2441 Ca-

279 2462 443 2502 silinum
480 2470 573 2503 ante
611 2463 765 2503 famam
796 2463 993 2503 adversae
1029 2477 1193 2518 pugnae
1224 2463 1433 2503 venissent
1469 2469 1509 2503 et
1544 2462 1633 2503 aliis

277 2523 598 2578 adgregantibus
627 2539 717 2566 sese
742 2524 941 2565 Romanis
974 2525 1177 2577 sociisque
1202 2524 1376 2579 profecti
1401 2540 1424 2564 a
1451 2523 1632 2565 Casilino

277 2598 370 2624 cum
397 2586 494 2625 satis
521 2601 672 2641 magno
698 2586 861 2641 agmine
886 2587 1002 2635 irent,
1029 2587 1173 2627 avertit
1193 2601 1262 2627 eos
1282 2594 1387 2626 retro
1403 2585 1631 2627 Casilinum

214 2658 252 2686 10
278 2647 443 2687 nuntius
472 2647 704 2689 Cannensis
730 2664 906 2703 pugnae.
961 2649 1018 2689 ibi
1044 2664 1137 2689 cum
1163 2650 1248 2690 dies
1275 2649 1428 2701 aliquot
1454 2646 1632 2701 suspecti

279 2706 502 2760 Campanis
529 2710 800 2761 timentesque
827 2711 1019 2750 cavendis
1046 2726 1093 2751 ac
1124 2711 1326 2751 struendis
1352 2710 1393 2749 in
1418 2710 1548 2749 vicem
1573 2709 1631 2748 in-
