<?xml version="1.0" encoding="UTF-8"?>
<!DOCTYPE html PUBLIC "-//W3C//DTD XHTML 1.0 Transitional//EN"
    "http://www.w3.org/TR/xhtml1/DTD/xhtml1-transitional.dtd">
<html xmlns="http://www.w3.org/1999/xhtml" xml:lang="en" lang="en">
 <head>
  <title>
</title>
<meta http-equiv="Content-Type" content="text/html;charset=utf-8" />
  <meta name='ocr-system' content='tesseract 3.04.00' />
  <meta name='ocr-capabilities' content='ocr_page ocr_carea ocr_par ocr_line ocrx_word'/>
</head>
<body>
  <div class='ocr_page' id='page_1' title='image "./aburbeconditalib02livyuoft_0200.png"; bbox 0 0 1815 3184; ppageno 0'>
   <div class='ocr_carea' id='block_1_1' title="bbox 250 804 268 832">
    <p class='ocr_par' dir='ltr' id='par_1_1' title="bbox 250 804 268 832">
     <span class='ocr_line' id='line_1_1' title="bbox 250 804 268 832; textangle 90"><span class='ocrx_word' id='word_1_1' title='bbox 250 804 268 832; x_wconf 56' lang='lat'>‘0</span> 
     </span>
    </p>
   </div>
   <div class='ocr_carea' id='block_1_2' title="bbox 250 925 268 953">
    <p class='ocr_par' dir='ltr' id='par_1_2' title="bbox 250 925 268 953">
     <span class='ocr_line' id='line_1_2' title="bbox 250 925 268 953; textangle 90"><span class='ocrx_word' id='word_1_2' title='bbox 250 925 268 953; x_wconf 65' lang='lat'>20</span> 
     </span>
    </p>
   </div>
   <div class='ocr_carea' id='block_1_3' title="bbox 253 1726 268 1753">
    <p class='ocr_par' dir='ltr' id='par_1_3' title="bbox 253 1726 268 1753">
     <span class='ocr_line' id='line_1_3' title="bbox 253 1726 268 1753; textangle 90"><span class='ocrx_word' id='word_1_3' title='bbox 253 1726 268 1753; x_wconf 55' lang='lat'>⁶«)</span> 
     </span>
    </p>
   </div>
   <div class='ocr_carea' id='block_1_4' title="bbox 249 2216 266 2242">
    <p class='ocr_par' dir='ltr' id='par_1_4' title="bbox 249 2216 266 2242">
     <span class='ocr_line' id='line_1_4' title="bbox 249 2216 266 2242; textangle 90"><span class='ocrx_word' id='word_1_4' title='bbox 249 2216 266 2242; x_wconf 60' lang='lat'>¹0</span> 
     </span>
    </p>
   </div>
   <div class='ocr_carea' id='block_1_5' title="bbox 296 250 1344 301">
    <p class='ocr_par' dir='ltr' id='par_1_5' title="bbox 296 250 1344 301">
     <span class='ocr_line' id='line_1_5' title="bbox 296 250 1344 301; baseline 0 -10"><span class='ocrx_word' id='word_1_5' title='bbox 296 250 349 291; x_wconf 80' lang='grc'>96</span> <span class='ocrx_word' id='word_1_6' title='bbox 586 258 740 291; x_wconf 79' lang='lat' dir='ltr'>LIBER</span> <span class='ocrx_word' id='word_1_7' title='bbox 765 257 894 300; x_wconf 79' lang='lat' dir='ltr'>XXII,</span> <span class='ocrx_word' id='word_1_8' title='bbox 920 256 1077 291; x_wconf 77' lang='lat'>43-45.</span> <span class='ocrx_word' id='word_1_9' title='bbox 1105 259 1154 300; x_wconf 79' lang='lat' dir='ltr'>[a.</span> <span class='ocrx_word' id='word_1_10' title='bbox 1168 268 1202 290; x_wconf 82' lang='lat' dir='ltr'>u.</span> <span class='ocrx_word' id='word_1_11' title='bbox 1219 268 1248 291; x_wconf 80' lang='lat' dir='ltr'>e.</span> <span class='ocrx_word' id='word_1_12' title='bbox 1263 257 1344 301; x_wconf 83' lang='lat'>538]</span> 
     </span>
    </p>
   </div>
   <div class='ocr_carea' id='block_1_6' title="bbox 293 359 1651 2248">
    <p class='ocr_par' dir='ltr' id='par_1_6' title="bbox 293 359 1651 2248">
     <span class='ocr_line' id='line_1_6' title="bbox 294 359 1643 415; baseline 0 -13"><span class='ocrx_word' id='word_1_13' title='bbox 294 360 628 415; x_wconf 85' lang='lat' dir='ltr'>percommodum</span> <span class='ocrx_word' id='word_1_14' title='bbox 658 359 753 407; x_wconf 83' lang='lat' dir='ltr'>fuit,</span> <span class='ocrx_word' id='word_1_15' title='bbox 792 366 879 399; x_wconf 90' lang='lat' dir='ltr'>tum</span> <span class='ocrx_word' id='word_1_16' title='bbox 911 359 1084 400; x_wconf 84' lang='lat' dir='ltr'>salutare</span> <span class='ocrx_word' id='word_1_17' title='bbox 1109 359 1327 413; x_wconf 82' lang='lat' dir='ltr'>praecipue</span> <span class='ocrx_word' id='word_1_18' title='bbox 1352 359 1532 401; x_wconf 86' lang='lat' dir='ltr'>futurum</span> <span class='ocrx_word' id='word_1_19' title='bbox 1559 369 1643 402; x_wconf 85' lang='lat' dir='ltr'>erat</span> 
     </span>
     <span class='ocr_line' id='line_1_7' title="bbox 295 420 1644 474; baseline 0.001 -12"><span class='ocrx_word' id='word_1_20' title='bbox 295 438 387 463; x_wconf 92' lang='lat' dir='ltr'>cum</span> <span class='ocrx_word' id='word_1_21' title='bbox 419 422 547 462; x_wconf 89' lang='lat' dir='ltr'>aciem</span> <span class='ocrx_word' id='word_1_22' title='bbox 579 421 817 474; x_wconf 79' lang='lat' dir='ltr'>dirigerent,</span> <span class='ocrx_word' id='word_1_23' title='bbox 854 420 933 473; x_wconf 90' lang='lat' dir='ltr'>ipsi</span> <span class='ocrx_word' id='word_1_24' title='bbox 964 420 1115 469; x_wconf 75' lang='lat' dir='ltr'>aversi,</span> <span class='ocrx_word' id='word_1_25' title='bbox 1148 427 1263 474; x_wconf 83' lang='lat' dir='ltr'>terga</span> <span class='ocrx_word' id='word_1_26' title='bbox 1287 427 1444 462; x_wconf 83' lang='lat' dir='ltr'>tantum</span> <span class='ocrx_word' id='word_1_27' title='bbox 1470 422 1644 463; x_wconf 89' lang='lat' dir='ltr'>adflante</span> 
     </span>
     <span class='ocr_line' id='line_1_8' title="bbox 294 482 1576 537; baseline 0.001 -14"><span class='ocrx_word' id='word_1_28' title='bbox 294 490 433 531; x_wconf 76' lang='lat' dir='ltr'>vento,</span> <span class='ocrx_word' id='word_1_29' title='bbox 459 483 500 522; x_wconf 89' lang='lat' dir='ltr'>in</span> <span class='ocrx_word' id='word_1_30' title='bbox 527 490 786 523; x_wconf 79' lang='lat' dir='ltr'>occaecatum</span> <span class='ocrx_word' id='word_1_31' title='bbox 811 482 978 535; x_wconf 82' lang='lat' dir='ltr'>pulvere</span> <span class='ocrx_word' id='word_1_32' title='bbox 1004 482 1136 522; x_wconf 83' lang='lat' dir='ltr'>effuso</span> <span class='ocrx_word' id='word_1_33' title='bbox 1161 482 1320 522; x_wconf 88' lang='lat' dir='ltr'>hostem</span> <span class='ocrx_word' id='word_1_34' title='bbox 1344 484 1576 537; x_wconf 84' lang='lat' dir='ltr'>pugnaturi.</span> 
     </span>
     <span class='ocr_line' id='line_1_9' title="bbox 377 535 1651 598; baseline 0.002 -14"><span class='ocrx_word' id='word_1_35' title='bbox 377 543 676 584; x_wconf 79' lang='lat' dir='ltr'>XXXXHH.</span> <span class='ocrx_word' id='word_1_36' title='bbox 738 542 942 584; x_wconf 79' lang='lat' dir='ltr'>Consules</span> <span class='ocrx_word' id='word_1_37' title='bbox 976 544 1074 584; x_wconf 84' lang='lat' dir='ltr'>satis</span> <span class='ocrx_word' id='word_1_38' title='bbox 1100 544 1320 598; x_wconf 82' lang='lat' dir='ltr'>exploratis</span> <span class='ocrx_word' id='word_1_39' title='bbox 1345 544 1557 585; x_wconf 82' lang='lat' dir='ltr'>itineribus</span> <span class='ocrx_word' id='word_1_40' title='bbox 1583 535 1651 586; x_wconf 39' lang='lat' dir='ltr'>se·-</span> 
     </span>
     <span class='ocr_line' id='line_1_10' title="bbox 294 604 1646 661; baseline 0.001 -15"><span class='ocrx_word' id='word_1_41' title='bbox 294 607 455 659; x_wconf 80' lang='lat' dir='ltr'>quentis</span> <span class='ocrx_word' id='word_1_42' title='bbox 469 606 674 654; x_wconf 80' lang='lat' dir='ltr'>Poenum,</span> <span class='ocrx_word' id='word_1_43' title='bbox 701 612 745 645; x_wconf 88' lang='lat' dir='ltr'>ut</span> <span class='ocrx_word' id='word_1_44' title='bbox 765 611 932 646; x_wconf 70' lang='lat' dir='ltr'>ventum</span> <span class='ocrx_word' id='word_1_45' title='bbox 953 606 1006 646; x_wconf 83' lang='lat' dir='ltr'>ad</span> <span class='ocrx_word' id='word_1_46' title='bbox 1026 604 1192 646; x_wconf 86' lang='lat' dir='ltr'>Cannas</span> <span class='ocrx_word' id='word_1_47' title='bbox 1213 612 1274 646; x_wconf 86' lang='lat' dir='ltr'>est</span> <span class='ocrx_word' id='word_1_48' title='bbox 1293 613 1333 646; x_wconf 87' lang='lat' dir='ltr'>et</span> <span class='ocrx_word' id='word_1_49' title='bbox 1356 607 1398 646; x_wconf 89' lang='lat' dir='ltr'>in</span> <span class='ocrx_word' id='word_1_50' title='bbox 1423 614 1646 661; x_wconf 87' lang='lat' dir='ltr'>conspectu</span> 
     </span>
     <span class='ocr_line' id='line_1_11' title="bbox 293 666 1644 715; baseline 0.001 -8"><span class='ocrx_word' id='word_1_51' title='bbox 293 668 479 707; x_wconf 85' lang='lat' dir='ltr'>Poenum</span> <span class='ocrx_word' id='word_1_52' title='bbox 504 666 728 715; x_wconf 87' lang='lat' dir='ltr'>habebant,</span> <span class='ocrx_word' id='word_1_53' title='bbox 761 666 856 707; x_wconf 88' lang='lat' dir='ltr'>bina</span> <span class='ocrx_word' id='word_1_54' title='bbox 883 674 1015 707; x_wconf 78' lang='lat' dir='ltr'>castra</span> <span class='ocrx_word' id='word_1_55' title='bbox 1039 667 1321 707; x_wconf 89' lang='lat' dir='ltr'>communiunt</span> <span class='ocrx_word' id='word_1_56' title='bbox 1346 667 1490 708; x_wconf 83' lang='lat' dir='ltr'>eodem</span> <span class='ocrx_word' id='word_1_57' title='bbox 1517 668 1644 709; x_wconf 91' lang='lat' dir='ltr'>ferme</span> 
     </span>
     <span class='ocr_line' id='line_1_12' title="bbox 293 726 1643 782; baseline 0.001 -14"><span class='ocrx_word' id='word_1_58' title='bbox 293 729 524 777; x_wconf 75' lang='lat' dir='ltr'>intervallo,</span> <span class='ocrx_word' id='word_1_59' title='bbox 562 742 643 781; x_wconf 88' lang='lat' dir='ltr'>quo</span> <span class='ocrx_word' id='word_1_60' title='bbox 675 728 726 768; x_wconf 87' lang='lat' dir='ltr'>ad</span> <span class='ocrx_word' id='word_1_61' title='bbox 759 726 1028 777; x_wconf 86' lang='lat' dir='ltr'>Gereonium,</span> <span class='ocrx_word' id='word_1_62' title='bbox 1066 728 1171 769; x_wconf 90' lang='lat' dir='ltr'>sieut</span> <span class='ocrx_word' id='word_1_63' title='bbox 1201 735 1293 769; x_wconf 89' lang='lat' dir='ltr'>ante</span> <span class='ocrx_word' id='word_1_64' title='bbox 1325 729 1451 782; x_wconf 87' lang='lat' dir='ltr'>copiis</span> <span class='ocrx_word' id='word_1_65' title='bbox 1488 729 1643 770; x_wconf 79' lang='lat' dir='ltr'>divisis.</span> 
     </span>
     <span class='ocr_line' id='line_1_13' title="bbox 297 790 1645 843; baseline 0.001 -13"><span class='ocrx_word' id='word_1_66' title='bbox 297 791 486 831; x_wconf 77' lang='lat' dir='ltr'>Aufidius</span> <span class='ocrx_word' id='word_1_67' title='bbox 519 790 649 830; x_wconf 90' lang='lat' dir='ltr'>amnis</span> <span class='ocrx_word' id='word_1_68' title='bbox 676 790 857 843; x_wconf 86' lang='lat' dir='ltr'>utrisque</span> <span class='ocrx_word' id='word_1_69' title='bbox 883 791 1026 831; x_wconf 88' lang='lat' dir='ltr'>castris</span> <span class='ocrx_word' id='word_1_70' title='bbox 1052 790 1235 830; x_wconf 88' lang='lat' dir='ltr'>adfluens</span> <span class='ocrx_word' id='word_1_71' title='bbox 1262 790 1416 830; x_wconf 89' lang='lat' dir='ltr'>aditum</span> <span class='ocrx_word' id='word_1_72' title='bbox 1442 791 1645 843; x_wconf 87' lang='lat' dir='ltr'>aquatori-</span> 
     </span>
     <span class='ocr_line' id='line_1_14' title="bbox 295 852 1644 906; baseline 0 -14"><span class='ocrx_word' id='word_1_73' title='bbox 295 853 370 893; x_wconf 91' lang='lat' dir='ltr'>bus</span> <span class='ocrx_word' id='word_1_74' title='bbox 405 867 454 892; x_wconf 82' lang='lat' dir='ltr'>ex</span> <span class='ocrx_word' id='word_1_75' title='bbox 489 867 563 892; x_wconf 88' lang='lat' dir='ltr'>sua</span> <span class='ocrx_word' id='word_1_76' title='bbox 594 852 791 904; x_wconf 88' lang='lat' dir='ltr'>cuiusque</span> <span class='ocrx_word' id='word_1_77' title='bbox 823 852 1123 906; x_wconf 80' lang='lat' dir='ltr'>opportunitate</span> <span class='ocrx_word' id='word_1_78' title='bbox 1159 852 1269 892; x_wconf 91' lang='lat' dir='ltr'>haud</span> <span class='ocrx_word' id='word_1_79' title='bbox 1305 852 1390 892; x_wconf 88' lang='lat' dir='ltr'>sine</span> <span class='ocrx_word' id='word_1_80' title='bbox 1427 853 1644 893; x_wconf 87' lang='lat' dir='ltr'>certamine</span> 
     </span>
     <span class='ocr_line' id='line_1_15' title="bbox 294 914 1644 968; baseline -0.001 -13"><span class='ocrx_word' id='word_1_81' title='bbox 294 915 435 964; x_wconf 83' lang='lat' dir='ltr'>dabat3</span> <span class='ocrx_word' id='word_1_82' title='bbox 463 930 513 955; x_wconf 82' lang='lat' dir='ltr'>ex</span> <span class='ocrx_word' id='word_1_83' title='bbox 537 914 760 954; x_wconf 80' lang='lat' dir='ltr'>minoribus</span> <span class='ocrx_word' id='word_1_84' title='bbox 788 921 924 954; x_wconf 82' lang='lat' dir='ltr'>tamen</span> <span class='ocrx_word' id='word_1_85' title='bbox 949 914 1110 963; x_wconf 83' lang='lat' dir='ltr'>castris,</span> <span class='ocrx_word' id='word_1_86' title='bbox 1138 929 1243 967; x_wconf 84' lang='lat' dir='ltr'>quae</span> <span class='ocrx_word' id='word_1_87' title='bbox 1267 914 1401 968; x_wconf 82' lang='lat' dir='ltr'>posita</span> <span class='ocrx_word' id='word_1_88' title='bbox 1425 921 1535 955; x_wconf 88' lang='lat' dir='ltr'>trans</span> <span class='ocrx_word' id='word_1_89' title='bbox 1555 914 1644 954; x_wconf 79' lang='lat' dir='ltr'>Au-</span> 
     </span>
     <span class='ocr_line' id='line_1_16' title="bbox 293 975 1645 1030; baseline 0 -14"><span class='ocrx_word' id='word_1_90' title='bbox 293 976 433 1016; x_wconf 86' lang='lat' dir='ltr'>fidium</span> <span class='ocrx_word' id='word_1_91' title='bbox 461 983 590 1025; x_wconf 87' lang='lat' dir='ltr'>erant,</span> <span class='ocrx_word' id='word_1_92' title='bbox 618 975 784 1016; x_wconf 87' lang='lat' dir='ltr'>liberius</span> <span class='ocrx_word' id='word_1_93' title='bbox 811 976 1066 1029; x_wconf 85' lang='lat' dir='ltr'>aquabantur</span> <span class='ocrx_word' id='word_1_94' title='bbox 1090 976 1284 1025; x_wconf 82' lang='lat' dir='ltr'>Romani,</span> <span class='ocrx_word' id='word_1_95' title='bbox 1312 976 1407 1028; x_wconf 81' lang='lat' dir='ltr'>quia</span> <span class='ocrx_word' id='word_1_96' title='bbox 1430 976 1518 1030; x_wconf 87' lang='lat' dir='ltr'>ripa</span> <span class='ocrx_word' id='word_1_97' title='bbox 1544 977 1645 1016; x_wconf 87' lang='lat' dir='ltr'>ulte—</span> 
     </span>
     <span class='ocr_line' id='line_1_17' title="bbox 294 1037 1641 1092; baseline 0 -14"><span class='ocrx_word' id='word_1_98' title='bbox 294 1039 375 1078; x_wconf 85' lang='lat' dir='ltr'>rior</span> <span class='ocrx_word' id='word_1_99' title='bbox 399 1038 555 1077; x_wconf 90' lang='lat' dir='ltr'>nullum</span> <span class='ocrx_word' id='word_1_100' title='bbox 580 1037 757 1078; x_wconf 85' lang='lat' dir='ltr'>habebat</span> <span class='ocrx_word' id='word_1_101' title='bbox 782 1038 961 1079; x_wconf 83' lang='lat' dir='ltr'>hostium</span> <span class='ocrx_word' id='word_1_102' title='bbox 980 1039 1241 1092; x_wconf 89' lang='lat' dir='ltr'>praesidium.</span> <span class='ocrx_word' id='word_1_103' title='bbox 1289 1038 1500 1079; x_wconf 84' lang='lat' dir='ltr'>Hannibal</span> <span class='ocrx_word' id='word_1_104' title='bbox 1527 1054 1641 1092; x_wconf 88' lang='lat' dir='ltr'>spem</span> 
     </span>
     <span class='ocr_line' id='line_1_18' title="bbox 294 1100 1641 1154; baseline 0.001 -15"><span class='ocrx_word' id='word_1_105' title='bbox 294 1106 467 1140; x_wconf 89' lang='lat' dir='ltr'>nanctus</span> <span class='ocrx_word' id='word_1_106' title='bbox 486 1100 584 1140; x_wconf 89' lang='lat' dir='ltr'>locis</span> <span class='ocrx_word' id='word_1_107' title='bbox 606 1100 709 1140; x_wconf 91' lang='lat' dir='ltr'>natis</span> <span class='ocrx_word' id='word_1_108' title='bbox 730 1100 781 1141; x_wconf 91' lang='lat' dir='ltr'>ad</span> <span class='ocrx_word' id='word_1_109' title='bbox 801 1106 1030 1153; x_wconf 84' lang='lat' dir='ltr'>equestrem</span> <span class='ocrx_word' id='word_1_110' title='bbox 1050 1115 1245 1154; x_wconf 77' lang='lat' dir='ltr'>pugnam,</span> <span class='ocrx_word' id='word_1_111' title='bbox 1271 1114 1351 1152; x_wconf 84' lang='lat' dir='ltr'>qua</span> <span class='ocrx_word' id='word_1_112' title='bbox 1370 1107 1483 1153; x_wconf 87' lang='lat' dir='ltr'>parte</span> <span class='ocrx_word' id='word_1_113' title='bbox 1497 1101 1641 1140; x_wconf 71' lang='lat' dir='ltr'>virium</span> 
     </span>
     <span class='ocr_line' id='line_1_19' title="bbox 293 1161 1644 1216; baseline 0.001 -16"><span class='ocrx_word' id='word_1_114' title='bbox 293 1161 468 1201; x_wconf 66' lang='lat' dir='ltr'>invictus</span> <span class='ocrx_word' id='word_1_115' title='bbox 495 1167 597 1209; x_wconf 85' lang='lat' dir='ltr'>erat,</span> <span class='ocrx_word' id='word_1_116' title='bbox 630 1161 809 1201; x_wconf 85' lang='lat' dir='ltr'>facturos</span> <span class='ocrx_word' id='word_1_117' title='bbox 837 1162 995 1215; x_wconf 85' lang='lat' dir='ltr'>copiam</span> <span class='ocrx_word' id='word_1_118' title='bbox 1019 1162 1230 1215; x_wconf 76' lang='lat' dir='ltr'>pugnandi</span> <span class='ocrx_word' id='word_1_119' title='bbox 1256 1161 1463 1208; x_wconf 88' lang='lat' dir='ltr'>consules,</span> <span class='ocrx_word' id='word_1_120' title='bbox 1496 1161 1644 1216; x_wconf 80' lang='lat' dir='ltr'>derigit</span> 
     </span>
     <span class='ocr_line' id='line_1_20' title="bbox 297 1222 1643 1276; baseline 0 -14"><span class='ocrx_word' id='word_1_121' title='bbox 297 1222 426 1262; x_wconf 83' lang='lat' dir='ltr'>aciem</span> <span class='ocrx_word' id='word_1_122' title='bbox 452 1222 696 1275; x_wconf 83' lang='lat' dir='ltr'>lacessitque</span> <span class='ocrx_word' id='word_1_123' title='bbox 722 1222 990 1263; x_wconf 76' lang='lat' dir='ltr'>Numidarum</span> <span class='ocrx_word' id='word_1_124' title='bbox 1016 1222 1321 1276; x_wconf 86' lang='lat' dir='ltr'>procursatione</span> <span class='ocrx_word' id='word_1_125' title='bbox 1346 1222 1488 1262; x_wconf 90' lang='lat' dir='ltr'>hostis.</span> <span class='ocrx_word' id='word_1_126' title='bbox 1548 1222 1643 1262; x_wconf 86' lang='lat' dir='ltr'>inde</span> 
     </span>
     <span class='ocr_line' id='line_1_21' title="bbox 294 1283 1643 1324; baseline 0 -1"><span class='ocrx_word' id='word_1_127' title='bbox 294 1298 434 1323; x_wconf 91' lang='lat' dir='ltr'>rursus</span> <span class='ocrx_word' id='word_1_128' title='bbox 467 1283 671 1324; x_wconf 83' lang='lat' dir='ltr'>sollicitari</span> <span class='ocrx_word' id='word_1_129' title='bbox 704 1284 900 1324; x_wconf 86' lang='lat' dir='ltr'>seditione</span> <span class='ocrx_word' id='word_1_130' title='bbox 930 1284 1097 1324; x_wconf 89' lang='lat' dir='ltr'>militari</span> <span class='ocrx_word' id='word_1_131' title='bbox 1123 1298 1169 1324; x_wconf 91' lang='lat' dir='ltr'>ac</span> <span class='ocrx_word' id='word_1_132' title='bbox 1201 1284 1403 1324; x_wconf 84' lang='lat' dir='ltr'>discordia</span> <span class='ocrx_word' id='word_1_133' title='bbox 1429 1284 1643 1324; x_wconf 88' lang='lat' dir='ltr'>consulum</span> 
     </span>
     <span class='ocr_line' id='line_1_22' title="bbox 295 1345 1643 1399; baseline 0 -14"><span class='ocrx_word' id='word_1_134' title='bbox 295 1346 482 1386; x_wconf 83' lang='lat' dir='ltr'>Romana</span> <span class='ocrx_word' id='word_1_135' title='bbox 525 1353 673 1393; x_wconf 88' lang='lat' dir='ltr'>castra,</span> <span class='ocrx_word' id='word_1_136' title='bbox 717 1360 809 1386; x_wconf 88' lang='grc'><strong>011111</strong></span> <span class='ocrx_word' id='word_1_137' title='bbox 845 1345 1000 1386; x_wconf 87' lang='lat' dir='ltr'>Paulus</span> <span class='ocrx_word' id='word_1_138' title='bbox 1039 1345 1352 1399; x_wconf 77' lang='lat' dir='ltr'>Semproniique</span> <span class='ocrx_word' id='word_1_139' title='bbox 1394 1354 1432 1385; x_wconf 85' lang='grc'>01</span> <span class='ocrx_word' id='word_1_140' title='bbox 1467 1346 1643 1386; x_wconf 74' lang='lat' dir='ltr'>Flamini</span> 
     </span>
     <span class='ocr_line' id='line_1_23' title="bbox 295 1407 1644 1460; baseline 0 -14"><span class='ocrx_word' id='word_1_141' title='bbox 295 1407 560 1447; x_wconf 85' lang='lat' dir='ltr'>temeritatem</span> <span class='ocrx_word' id='word_1_142' title='bbox 586 1407 778 1455; x_wconf 70' lang='lat' dir='ltr'>Varroni,</span> <span class='ocrx_word' id='word_1_143' title='bbox 806 1407 937 1447; x_wconf 72' lang='lat' dir='ltr'>Varro</span> <span class='ocrx_word' id='word_1_144' title='bbox 969 1407 1200 1460; x_wconf 86' lang='lat' dir='ltr'>speciosum</span> <span class='ocrx_word' id='word_1_145' title='bbox 1238 1407 1388 1446; x_wconf 89' lang='lat' dir='ltr'>timidis</span> <span class='ocrx_word' id='word_1_146' title='bbox 1426 1421 1473 1446; x_wconf 80' lang='lat' dir='ltr'>ac</span> <span class='ocrx_word' id='word_1_147' title='bbox 1509 1407 1644 1460; x_wconf 81' lang='lat' dir='ltr'>segni-</span> 
     </span>
     <span class='ocr_line' id='line_1_24' title="bbox 298 1468 1644 1522; baseline 0.001 -16"><span class='ocrx_word' id='word_1_148' title='bbox 298 1468 371 1508; x_wconf 88' lang='lat' dir='ltr'>bus</span> <span class='ocrx_word' id='word_1_149' title='bbox 415 1468 587 1509; x_wconf 89' lang='lat' dir='ltr'>ducibus</span> <span class='ocrx_word' id='word_1_150' title='bbox 625 1469 857 1522; x_wconf 73' lang='lat' dir='ltr'>exemplum</span> <span class='ocrx_word' id='word_1_151' title='bbox 893 1468 1070 1508; x_wconf 84' lang='lat' dir='ltr'>Fabium</span> <span class='ocrx_word' id='word_1_152' title='bbox 1107 1468 1303 1516; x_wconf 89' lang='lat' dir='ltr'>obiceret,</span> <span class='ocrx_word' id='word_1_153' title='bbox 1348 1474 1644 1521; x_wconf 86' lang='lat' dir='ltr'>testareturque</span> 
     </span>
     <span class='ocr_line' id='line_1_25' title="bbox 295 1529 1644 1584; baseline 0.001 -15"><span class='ocrx_word' id='word_1_154' title='bbox 295 1530 392 1570; x_wconf 86' lang='lat' dir='ltr'>deos</span> <span class='ocrx_word' id='word_1_155' title='bbox 419 1530 685 1583; x_wconf 86' lang='lat' dir='ltr'>hominesque</span> <span class='ocrx_word' id='word_1_156' title='bbox 705 1530 788 1578; x_wconf 87' lang='lat' dir='ltr'>hic,</span> <span class='ocrx_word' id='word_1_157' title='bbox 816 1530 967 1570; x_wconf 82' lang='lat' dir='ltr'>nullam</span> <span class='ocrx_word' id='word_1_158' title='bbox 988 1544 1112 1583; x_wconf 88' lang='lat' dir='ltr'>penes</span> <span class='ocrx_word' id='word_1_159' title='bbox 1140 1544 1183 1570; x_wconf 90' lang='lat' dir='ltr'>se</span> <span class='ocrx_word' id='word_1_160' title='bbox 1209 1529 1371 1584; x_wconf 84' lang='lat' dir='ltr'>culpam</span> <span class='ocrx_word' id='word_1_161' title='bbox 1398 1544 1506 1578; x_wconf 89' lang='lat' dir='ltr'>esse,</span> <span class='ocrx_word' id='word_1_162' title='bbox 1534 1530 1644 1582; x_wconf 90' lang='lat' dir='ltr'>quod</span> 
     </span>
     <span class='ocr_line' id='line_1_26' title="bbox 295 1591 1644 1645; baseline 0.001 -15"><span class='ocrx_word' id='word_1_163' title='bbox 295 1591 504 1631; x_wconf 85' lang='lat' dir='ltr'>Hannibal</span> <span class='ocrx_word' id='word_1_164' title='bbox 530 1592 608 1631; x_wconf 88' lang='lat' dir='ltr'>iam</span> <span class='ocrx_word' id='word_1_165' title='bbox 635 1591 745 1631; x_wconf 78' lang='lat' dir='ltr'>velut</span> <span class='ocrx_word' id='word_1_166' title='bbox 775 1606 854 1631; x_wconf 84' lang='lat' dir='ltr'>usu</span> <span class='ocrx_word' id='word_1_167' title='bbox 885 1592 1060 1645; x_wconf 87' lang='lat' dir='ltr'>cepisset</span> <span class='ocrx_word' id='word_1_168' title='bbox 1086 1591 1265 1631; x_wconf 85' lang='lat' dir='ltr'>Italiam:</span> <span class='ocrx_word' id='word_1_169' title='bbox 1304 1606 1347 1632; x_wconf 85' lang='lat' dir='ltr'>se</span> <span class='ocrx_word' id='word_1_170' title='bbox 1381 1591 1644 1632; x_wconf 85' lang='lat' dir='ltr'>constrictum</span> 
     </span>
     <span class='ocr_line' id='line_1_27' title="bbox 296 1653 1644 1708; baseline 0.001 -16"><span class='ocrx_word' id='word_1_171' title='bbox 296 1668 318 1692; x_wconf 90' lang='lat' dir='ltr'>a</span> <span class='ocrx_word' id='word_1_172' title='bbox 355 1653 523 1707; x_wconf 69' lang='lat' dir='ltr'>conlega</span> <span class='ocrx_word' id='word_1_173' title='bbox 560 1654 704 1701; x_wconf 90' lang='lat' dir='ltr'>teneri,</span> <span class='ocrx_word' id='word_1_174' title='bbox 743 1653 894 1693; x_wconf 86' lang='lat' dir='ltr'>ferrum</span> <span class='ocrx_word' id='word_1_175' title='bbox 933 1660 1053 1707; x_wconf 83' lang='lat' dir='ltr'>atque</span> <span class='ocrx_word' id='word_1_176' title='bbox 1090 1669 1202 1694; x_wconf 89' lang='lat' dir='ltr'>arma</span> <span class='ocrx_word' id='word_1_177' title='bbox 1237 1653 1349 1694; x_wconf 89' lang='lat' dir='ltr'>iratis</span> <span class='ocrx_word' id='word_1_178' title='bbox 1387 1660 1426 1694; x_wconf 90' lang='lat' dir='ltr'>et</span> <span class='ocrx_word' id='word_1_179' title='bbox 1462 1669 1644 1708; x_wconf 75' lang='lat' dir='ltr'>pugnare</span> 
     </span>
     <span class='ocr_line' id='line_1_28' title="bbox 297 1714 1645 1769; baseline 0.001 -15"><span class='ocrx_word' id='word_1_180' title='bbox 297 1714 552 1768; x_wconf 85' lang='lat' dir='ltr'>cupientibus</span> <span class='ocrx_word' id='word_1_181' title='bbox 590 1715 714 1754; x_wconf 88' lang='lat' dir='ltr'>adimi</span> <span class='ocrx_word' id='word_1_182' title='bbox 752 1714 965 1763; x_wconf 86' lang='lat' dir='ltr'>militibus,</span> <span class='ocrx_word' id='word_1_183' title='bbox 992 1739 1024 1743; x_wconf 92' lang='lat'><strong>—</strong></span> <span class='ocrx_word' id='word_1_184' title='bbox 1049 1715 1134 1763; x_wconf 87' lang='lat' dir='ltr'>ille,</span> <span class='ocrx_word' id='word_1_185' title='bbox 1173 1715 1206 1755; x_wconf 87' lang='lat' dir='ltr'>si</span> <span class='ocrx_word' id='word_1_186' title='bbox 1237 1715 1335 1768; x_wconf 85' lang='lat' dir='ltr'>quid</span> <span class='ocrx_word' id='word_1_187' title='bbox 1371 1715 1560 1769; x_wconf 88' lang='lat' dir='ltr'>proiectis</span> <span class='ocrx_word' id='word_1_188' title='bbox 1597 1729 1645 1755; x_wconf 87' lang='lat' dir='ltr'>ac</span> 
     </span>
     <span class='ocr_line' id='line_1_29' title="bbox 295 1776 1645 1831; baseline 0.001 -17"><span class='ocrx_word' id='word_1_189' title='bbox 295 1776 464 1828; x_wconf 80' lang='lat' dir='ltr'>proditis</span> <span class='ocrx_word' id='word_1_190' title='bbox 491 1776 542 1815; x_wconf 87' lang='lat' dir='ltr'>ad</span> <span class='ocrx_word' id='word_1_191' title='bbox 566 1776 837 1816; x_wconf 86' lang='lat' dir='ltr'>inconsultam</span> <span class='ocrx_word' id='word_1_192' title='bbox 859 1783 979 1828; x_wconf 85' lang='lat' dir='ltr'>atquc</span> <span class='ocrx_word' id='word_1_193' title='bbox 999 1776 1254 1830; x_wconf 55' lang='lat' dir='ltr'>inprovidam</span> <span class='ocrx_word' id='word_1_194' title='bbox 1272 1791 1455 1831; x_wconf 80' lang='lat' dir='ltr'>pugnam</span> <span class='ocrx_word' id='word_1_195' title='bbox 1474 1776 1645 1830; x_wconf 82' lang='lat' dir='ltr'>legioni-</span> 
     </span>
     <span class='ocr_line' id='line_1_30' title="bbox 294 1835 1643 1891; baseline 0.002 -16"><span class='ocrx_word' id='word_1_196' title='bbox 294 1835 369 1875; x_wconf 88' lang='lat' dir='ltr'>bus</span> <span class='ocrx_word' id='word_1_197' title='bbox 401 1837 619 1884; x_wconf 88' lang='lat' dir='ltr'>accidcret,</span> <span class='ocrx_word' id='word_1_198' title='bbox 654 1851 696 1877; x_wconf 87' lang='lat' dir='ltr'>se</span> <span class='ocrx_word' id='word_1_199' title='bbox 730 1836 861 1877; x_wconf 83' lang='lat' dir='ltr'>omnis</span> <span class='ocrx_word' id='word_1_200' title='bbox 894 1837 1037 1891; x_wconf 88' lang='lat' dir='ltr'>culpae</span> <span class='ocrx_word' id='word_1_201' title='bbox 1063 1845 1285 1885; x_wconf 75' lang='lat' dir='ltr'>exsortem,</span> <span class='ocrx_word' id='word_1_202' title='bbox 1317 1838 1448 1878; x_wconf 90' lang='lat' dir='ltr'>omnis</span> <span class='ocrx_word' id='word_1_203' title='bbox 1475 1844 1643 1878; x_wconf 73' lang='lat' dir='ltr'>eventus</span> 
     </span>
     <span class='ocr_line' id='line_1_31' title="bbox 294 1898 1644 1953; baseline 0.002 -17"><span class='ocrx_word' id='word_1_204' title='bbox 294 1898 532 1951; x_wconf 80' lang='lat' dir='ltr'>participem</span> <span class='ocrx_word' id='word_1_205' title='bbox 563 1898 668 1947; x_wconf 87' lang='lat' dir='ltr'>fore,</span> <span class='ocrx_word' id='word_1_206' title='bbox 707 1899 870 1940; x_wconf 88' lang='lat' dir='ltr'>diceret.</span> <span class='ocrx_word' id='word_1_207' title='bbox 931 1900 1087 1940; x_wconf 80' lang='lat' dir='ltr'>videret</span> <span class='ocrx_word' id='word_1_208' title='bbox 1116 1906 1178 1948; x_wconf 90' lang='lat' dir='ltr'>ut,</span> <span class='ocrx_word' id='word_1_209' title='bbox 1211 1899 1359 1952; x_wconf 86' lang='lat' dir='ltr'>quibus</span> <span class='ocrx_word' id='word_1_210' title='bbox 1390 1899 1531 1953; x_wconf 79' lang='lat' dir='ltr'>lingua</span> <span class='ocrx_word' id='word_1_211' title='bbox 1561 1905 1644 1939; x_wconf 89' lang='lat' dir='ltr'>tam</span> 
     </span>
     <span class='ocr_line' id='line_1_32' title="bbox 295 1961 1586 2015; baseline 0.002 -18"><span class='ocrx_word' id='word_1_212' title='bbox 295 1967 481 2012; x_wconf 88' lang='lat' dir='ltr'>prompta</span> <span class='ocrx_word' id='word_1_213' title='bbox 507 1974 554 2000; x_wconf 88' lang='lat' dir='ltr'>ac</span> <span class='ocrx_word' id='word_1_214' title='bbox 579 1961 809 2009; x_wconf 85' lang='lat' dir='ltr'>temeraria,</span> <span class='ocrx_word' id='word_1_215' title='bbox 838 1975 966 2014; x_wconf 89' lang='lat' dir='ltr'>aeque</span> <span class='ocrx_word' id='word_1_216' title='bbox 991 1961 1030 2001; x_wconf 84' lang='lat' dir='ltr'>in</span> <span class='ocrx_word' id='word_1_217' title='bbox 1057 1976 1195 2015; x_wconf 77' lang='lat' dir='ltr'>pugna</span> <span class='ocrx_word' id='word_1_218' title='bbox 1220 1961 1402 2015; x_wconf 67' lang='lat' dir='ltr'>vigerent</span> <span class='ocrx_word' id='word_1_219' title='bbox 1428 1975 1586 2000; x_wconf 88' lang='lat' dir='ltr'>manus.</span> 
     </span>
     <span class='ocr_line' id='line_1_33' title="bbox 379 2021 1642 2077; baseline 0.001 -16"><span class='ocrx_word' id='word_1_220' title='bbox 379 2021 625 2062; x_wconf 76' lang='lat' dir='ltr'>XXXXV.</span> <span class='ocrx_word' id='word_1_221' title='bbox 669 2022 785 2062; x_wconf 90' lang='lat' dir='ltr'>Dum</span> <span class='ocrx_word' id='word_1_222' title='bbox 806 2023 1134 2063; x_wconf 86' lang='lat' dir='ltr'>altercationibus</span> <span class='ocrx_word' id='word_1_223' title='bbox 1156 2023 1286 2077; x_wconf 78' lang='lat' dir='ltr'>magis</span> <span class='ocrx_word' id='word_1_224' title='bbox 1312 2037 1435 2075; x_wconf 85' lang='lat' dir='ltr'>quam</span> <span class='ocrx_word' id='word_1_225' title='bbox 1462 2021 1642 2062; x_wconf 89' lang='lat' dir='ltr'>consiliis</span> 
     </span>
     <span class='ocr_line' id='line_1_34' title="bbox 294 2082 1645 2138; baseline 0.001 -17"><span class='ocrx_word' id='word_1_226' title='bbox 294 2089 457 2136; x_wconf 91' lang='lat' dir='ltr'>tempus</span> <span class='ocrx_word' id='word_1_227' title='bbox 484 2083 636 2133; x_wconf 89' lang='lat' dir='ltr'>teritur,</span> <span class='ocrx_word' id='word_1_228' title='bbox 669 2083 881 2125; x_wconf 89' lang='lat' dir='ltr'>Hannibal</span> <span class='ocrx_word' id='word_1_229' title='bbox 913 2100 962 2125; x_wconf 86' lang='lat' dir='ltr'>ex</span> <span class='ocrx_word' id='word_1_230' title='bbox 994 2085 1097 2134; x_wconf 89' lang='lat' dir='ltr'>acie,</span> <span class='ocrx_word' id='word_1_231' title='bbox 1137 2099 1259 2138; x_wconf 88' lang='lat' dir='ltr'>quam</span> <span class='ocrx_word' id='word_1_232' title='bbox 1291 2084 1342 2124; x_wconf 86' lang='lat' dir='ltr'>ad</span> <span class='ocrx_word' id='word_1_233' title='bbox 1367 2083 1540 2123; x_wconf 88' lang='lat' dir='ltr'>multum</span> <span class='ocrx_word' id='word_1_234' title='bbox 1565 2082 1645 2122; x_wconf 91' lang='lat' dir='ltr'>diei</span> 
     </span>
     <span class='ocr_line' id='line_1_35' title="bbox 295 2144 1642 2199; baseline 0 -16"><span class='ocrx_word' id='word_1_235' title='bbox 295 2151 478 2185; x_wconf 83' lang='lat' dir='ltr'>tenuerat</span> <span class='ocrx_word' id='word_1_236' title='bbox 497 2145 748 2195; x_wconf 88' lang='lat' dir='ltr'>instructam,</span> <span class='ocrx_word' id='word_1_237' title='bbox 777 2161 869 2186; x_wconf 88' lang='grc'><strong>011111</strong></span> <span class='ocrx_word' id='word_1_238' title='bbox 888 2146 930 2186; x_wconf 87' lang='grc'>111</span> <span class='ocrx_word' id='word_1_239' title='bbox 951 2153 1083 2187; x_wconf 88' lang='lat' dir='ltr'>castra</span> <span class='ocrx_word' id='word_1_240' title='bbox 1102 2153 1256 2187; x_wconf 88' lang='lat' dir='ltr'>ceteras</span> <span class='ocrx_word' id='word_1_241' title='bbox 1276 2145 1474 2199; x_wconf 88' lang='lat' dir='ltr'>reciperet</span> <span class='ocrx_word' id='word_1_242' title='bbox 1493 2144 1642 2198; x_wconf 87' lang='lat' dir='ltr'>copias,</span> 
     </span>
     <span class='ocr_line' id='line_1_36' title="bbox 295 2205 1643 2248; baseline -0.001 -2"><span class='ocrx_word' id='word_1_243' title='bbox 295 2205 493 2247; x_wconf 83' lang='lat' dir='ltr'>Numidas</span> <span class='ocrx_word' id='word_1_244' title='bbox 520 2207 571 2246; x_wconf 88' lang='lat' dir='ltr'>ad</span> <span class='ocrx_word' id='word_1_245' title='bbox 595 2208 848 2248; x_wconf 78' lang='lat' dir='ltr'>invadendos</span> <span class='ocrx_word' id='word_1_246' title='bbox 876 2222 925 2248; x_wconf 79' lang='lat' dir='ltr'>ex</span> <span class='ocrx_word' id='word_1_247' title='bbox 951 2207 1175 2248; x_wconf 89' lang='lat' dir='ltr'>minoribus</span> <span class='ocrx_word' id='word_1_248' title='bbox 1201 2207 1343 2248; x_wconf 89' lang='lat' dir='ltr'>castris</span> <span class='ocrx_word' id='word_1_249' title='bbox 1364 2207 1643 2247; x_wconf 84' lang='lat' dir='ltr'>Romanorum</span> 
     </span>
    </p>
   </div>
   <div class='ocr_carea' id='block_1_7' title="bbox 252 2266 1642 2322">
    <p class='ocr_par' dir='ltr' id='par_1_7' title="bbox 252 2266 1642 2322">
     <span class='ocr_line' id='line_1_37' title="bbox 252 2266 1642 2322; baseline 0 -16"><span class='ocrx_word' id='word_1_250' title='bbox 252 2280 269 2307; x_wconf 64' lang='lat'>:3</span> <span class='ocrx_word' id='word_1_251' title='bbox 295 2276 509 2319; x_wconf 84' lang='lat' dir='ltr'>aquatores</span> <span class='ocrx_word' id='word_1_252' title='bbox 541 2275 651 2308; x_wconf 89' lang='lat' dir='ltr'>trans</span> <span class='ocrx_word' id='word_1_253' title='bbox 683 2269 835 2309; x_wconf 87' lang='lat' dir='ltr'>flumen</span> <span class='ocrx_word' id='word_1_254' title='bbox 866 2269 999 2309; x_wconf 87' lang='lat' dir='ltr'>mittit.</span> <span class='ocrx_word' id='word_1_255' title='bbox 1060 2284 1181 2322; x_wconf 89' lang='lat' dir='ltr'>quam</span> <span class='ocrx_word' id='word_1_256' title='bbox 1207 2268 1456 2309; x_wconf 87' lang='lat' dir='ltr'>inconditam</span> <span class='ocrx_word' id='word_1_257' title='bbox 1483 2266 1642 2307; x_wconf 89' lang='lat' dir='ltr'>turbam</span> 
     </span>
    </p>
   </div>
   <div class='ocr_carea' id='block_1_8' title="bbox 294 2328 1644 2692">
    <p class='ocr_par' dir='ltr' id='par_1_8' title="bbox 294 2328 1644 2692">
     <span class='ocr_line' id='line_1_38' title="bbox 295 2328 1644 2386; baseline -0.001 -18"><span class='ocrx_word' id='word_1_258' title='bbox 295 2343 387 2368; x_wconf 90' lang='lat' dir='ltr'>cum</span> <span class='ocrx_word' id='word_1_259' title='bbox 419 2330 586 2369; x_wconf 70' lang='lat' dir='ltr'>vixdum</span> <span class='ocrx_word' id='word_1_260' title='bbox 619 2331 660 2370; x_wconf 88' lang='lat' dir='ltr'>in</span> <span class='ocrx_word' id='word_1_261' title='bbox 691 2331 821 2384; x_wconf 90' lang='lat' dir='ltr'>ripam</span> <span class='ocrx_word' id='word_1_262' title='bbox 847 2331 1002 2386; x_wconf 85' lang='lat' dir='ltr'>egressi</span> <span class='ocrx_word' id='word_1_263' title='bbox 1027 2331 1203 2371; x_wconf 88' lang='lat' dir='ltr'>clamore</span> <span class='ocrx_word' id='word_1_264' title='bbox 1229 2345 1276 2371; x_wconf 87' lang='lat' dir='ltr'>ae</span> <span class='ocrx_word' id='word_1_265' title='bbox 1300 2329 1477 2370; x_wconf 87' lang='lat' dir='ltr'>tumultu</span> <span class='ocrx_word' id='word_1_266' title='bbox 1502 2328 1644 2382; x_wconf 79' lang='lat' dir='ltr'>fugas-</span> 
     </span>
     <span class='ocr_line' id='line_1_39' title="bbox 297 2390 1642 2446; baseline 0 -17"><span class='ocrx_word' id='word_1_267' title='bbox 297 2397 402 2439; x_wconf 89' lang='lat' dir='ltr'>sent,</span> <span class='ocrx_word' id='word_1_268' title='bbox 441 2391 482 2431; x_wconf 91' lang='lat' dir='ltr'>in</span> <span class='ocrx_word' id='word_1_269' title='bbox 514 2392 731 2433; x_wconf 88' lang='lat' dir='ltr'>stationem</span> <span class='ocrx_word' id='word_1_270' title='bbox 762 2407 925 2446; x_wconf 85' lang='lat' dir='ltr'>quoque</span> <span class='ocrx_word' id='word_1_271' title='bbox 956 2407 1029 2446; x_wconf 91' lang='lat' dir='ltr'>pro</span> <span class='ocrx_word' id='word_1_272' title='bbox 1053 2393 1160 2433; x_wconf 77' lang='lat' dir='ltr'>vallo</span> <span class='ocrx_word' id='word_1_273' title='bbox 1185 2392 1360 2432; x_wconf 85' lang='lat' dir='ltr'>locatam</span> <span class='ocrx_word' id='word_1_274' title='bbox 1385 2398 1506 2443; x_wconf 88' lang='lat' dir='ltr'>atque</span> <span class='ocrx_word' id='word_1_275' title='bbox 1531 2390 1642 2443; x_wconf 89' lang='lat' dir='ltr'>ipsas</span> 
     </span>
     <span class='ocr_line' id='line_1_40' title="bbox 295 2450 1642 2507; baseline 0 -17"><span class='ocrx_word' id='word_1_276' title='bbox 295 2466 421 2505; x_wconf 87' lang='lat' dir='ltr'>prope</span> <span class='ocrx_word' id='word_1_277' title='bbox 457 2460 596 2506; x_wconf 88' lang='lat' dir='ltr'>portas</span> <span class='ocrx_word' id='word_1_278' title='bbox 629 2455 759 2494; x_wconf 76' lang='lat' dir='ltr'>evecti</span> <span class='ocrx_word' id='word_1_279' title='bbox 791 2462 896 2495; x_wconf 87' lang='lat' dir='ltr'>sunt.</span> <span class='ocrx_word' id='word_1_280' title='bbox 957 2455 998 2494; x_wconf 93' lang='lat' dir='ltr'>id</span> <span class='ocrx_word' id='word_1_281' title='bbox 1028 2468 1124 2494; x_wconf 76' lang='lat' dir='ltr'>vero</span> <span class='ocrx_word' id='word_1_282' title='bbox 1154 2454 1368 2507; x_wconf 75' lang='lat' dir='ltr'>indignum</span> <span class='ocrx_word' id='word_1_283' title='bbox 1399 2452 1553 2500; x_wconf 77' lang='lat' dir='ltr'>visum,</span> <span class='ocrx_word' id='word_1_284' title='bbox 1591 2450 1642 2491; x_wconf 92' lang='lat' dir='ltr'>ab</span> 
     </span>
     <span class='ocr_line' id='line_1_41' title="bbox 294 2513 1642 2561; baseline 0.001 -10"><span class='ocrx_word' id='word_1_285' title='bbox 294 2514 557 2555; x_wconf 68' lang='lat' dir='ltr'>tumultuz‘lrio</span> <span class='ocrx_word' id='word_1_286' title='bbox 588 2516 739 2556; x_wconf 79' lang='lat' dir='ltr'>auxilio</span> <span class='ocrx_word' id='word_1_287' title='bbox 770 2516 852 2556; x_wconf 91' lang='lat' dir='ltr'>iam</span> <span class='ocrx_word' id='word_1_288' title='bbox 885 2516 1007 2556; x_wconf 89' lang='lat' dir='ltr'>etiam</span> <span class='ocrx_word' id='word_1_289' title='bbox 1037 2523 1169 2556; x_wconf 85' lang='lat' dir='ltr'>castra</span> <span class='ocrx_word' id='word_1_290' title='bbox 1193 2516 1379 2556; x_wconf 77' lang='lat' dir='ltr'>Romana</span> <span class='ocrx_word' id='word_1_291' title='bbox 1410 2513 1567 2561; x_wconf 88' lang='lat' dir='ltr'>terreri,</span> <span class='ocrx_word' id='word_1_292' title='bbox 1599 2519 1642 2552; x_wconf 88' lang='lat' dir='ltr'>ut</span> 
     </span>
     <span class='ocr_line' id='line_1_42' title="bbox 295 2574 1642 2631; baseline 0 -18"><span class='ocrx_word' id='word_1_293' title='bbox 295 2588 342 2614; x_wconf 82' lang='lat' dir='ltr'>ea</span> <span class='ocrx_word' id='word_1_294' title='bbox 372 2576 493 2615; x_wconf 87' lang='lat' dir='ltr'>modo</span> <span class='ocrx_word' id='word_1_295' title='bbox 524 2592 605 2616; x_wconf 87' lang='lat' dir='ltr'>una</span> <span class='ocrx_word' id='word_1_296' title='bbox 637 2592 778 2625; x_wconf 88' lang='lat' dir='ltr'>causa,</span> <span class='ocrx_word' id='word_1_297' title='bbox 816 2592 867 2618; x_wconf 91' lang='lat' dir='ltr'>ne</span> <span class='ocrx_word' id='word_1_298' title='bbox 893 2577 1097 2631; x_wconf 79' lang='lat' dir='ltr'>extemplo</span> <span class='ocrx_word' id='word_1_299' title='bbox 1122 2577 1339 2618; x_wconf 88' lang='lat' dir='ltr'>transirent</span> <span class='ocrx_word' id='word_1_300' title='bbox 1363 2576 1514 2616; x_wconf 86' lang='lat' dir='ltr'>fiumen</span> <span class='ocrx_word' id='word_1_301' title='bbox 1539 2574 1642 2614; x_wconf 88' lang='lat' dir='ltr'>deri-</span> 
     </span>
     <span class='ocr_line' id='line_1_43' title="bbox 295 2634 1640 2692; baseline -0.001 -18"><span class='ocrx_word' id='word_1_302' title='bbox 295 2643 517 2689; x_wconf 80' lang='lat' dir='ltr'>gerentque</span> <span class='ocrx_word' id='word_1_303' title='bbox 544 2638 690 2686; x_wconf 90' lang='lat' dir='ltr'>aciem,</span> <span class='ocrx_word' id='word_1_304' title='bbox 717 2639 889 2679; x_wconf 86' lang='lat' dir='ltr'>tenuerit</span> <span class='ocrx_word' id='word_1_305' title='bbox 908 2639 1137 2687; x_wconf 81' lang='lat' dir='ltr'>Romanos,</span> <span class='ocrx_word' id='word_1_306' title='bbox 1164 2639 1274 2692; x_wconf 88' lang='lat' dir='ltr'>quod</span> <span class='ocrx_word' id='word_1_307' title='bbox 1300 2652 1459 2679; x_wconf 89' lang='lat' dir='ltr'>summa</span> <span class='ocrx_word' id='word_1_308' title='bbox 1484 2634 1640 2688; x_wconf 91' lang='lat' dir='ltr'>imperii</span> 
     </span>
    </p>
   </div>
   <div class='ocr_carea' id='block_1_9' title="bbox 253 2696 1637 2754">
    <p class='ocr_par' dir='ltr' id='par_1_9' title="bbox 253 2696 1637 2754">
     <span class='ocr_line' id='line_1_44' title="bbox 253 2696 1637 2754; baseline 0 -17"><span class='ocrx_word' id='word_1_309' title='bbox 253 2710 271 2737; x_wconf 77' lang='lat'>5</span> <span class='ocrx_word' id='word_1_310' title='bbox 297 2709 344 2735; x_wconf 89' lang='lat' dir='ltr'>eo</span> <span class='ocrx_word' id='word_1_311' title='bbox 376 2697 439 2736; x_wconf 83' lang='lat' dir='ltr'>(lie</span> <span class='ocrx_word' id='word_1_312' title='bbox 470 2713 595 2751; x_wconf 87' lang='lat' dir='ltr'>penes</span> <span class='ocrx_word' id='word_1_313' title='bbox 627 2698 803 2739; x_wconf 86' lang='lat' dir='ltr'>Paulum</span> <span class='ocrx_word' id='word_1_314' title='bbox 833 2699 968 2739; x_wconf 84' lang='lat' dir='ltr'>fuerit.</span> <span class='ocrx_word' id='word_1_315' title='bbox 1027 2699 1164 2752; x_wconf 89' lang='lat' dir='ltr'>itaque</span> <span class='ocrx_word' id='word_1_316' title='bbox 1200 2706 1362 2754; x_wconf 88' lang='lat' dir='ltr'>postero</span> <span class='ocrx_word' id='word_1_317' title='bbox 1399 2698 1463 2738; x_wconf 85' lang='lat' dir='ltr'>die</span> <span class='ocrx_word' id='word_1_318' title='bbox 1495 2696 1637 2737; x_wconf 75' lang='lat' dir='ltr'>Varro,</span> 
     </span>
    </p>
   </div>
  </div>
 </body>
</html>
