1815 3184
510 241 662 277 L1BER
685 242 818 287 xxx,
842 242 874 276 4.
894 242 928 277 5.
957 244 1006 286 [a.
1022 240 1059 277 c.
1074 243 1156 287 203]
1419 233 1501 275 487

155 345 209 387 ad
233 345 496 402 conparanda
521 361 587 396 ea,
614 360 719 400 quae
744 346 786 386 in
809 361 896 387 rem
922 354 1056 396 erant,
1082 354 1245 402 tempus
1271 346 1425 388 habuit.
1463 354 1505 387 et
1530 360 1546 388 7

153 408 362 450 mentione
395 423 442 449 ac
473 423 545 464 spe
570 409 684 464 pacis
714 408 996 465 neglegentia,
1033 416 1078 449 ut
1101 409 1166 459 fit,
1204 409 1314 464 apud
1337 409 1503 451 Poenos

153 470 457 524 Numidamque
473 480 562 512 orta
575 471 759 520 cavendi,
779 486 830 512 ne
851 471 949 524 quid
967 471 1114 512 hostile
1133 471 1296 512 interim
1315 479 1505 527 pateren-

154 540 232 573 tur.
293 533 459 574 tandem
483 533 656 575 relatum
680 548 927 588 responsum
957 533 1223 586 quibusdam,
1261 534 1358 587 quia
1381 533 1502 575 nimis

154 608 304 649 cupere
323 595 537 636 Romanus
557 610 702 650 pacem
720 595 955 644 videbatur,
980 595 1130 649 iniquis
1151 611 1224 651 per
1243 596 1504 637 occasionem

155 656 344 706 adiectis;
376 672 481 710 quae
505 665 810 713 peropportune
836 657 1016 712 cupienti
1040 658 1182 699 tollere
1206 658 1385 699 indutias
1413 657 1504 699 Sci-

152 718 266 773 pioni
291 733 460 760 causam
483 720 724 774 praebuere.
773 734 821 760 ac
844 720 987 761 nuntio
1011 720 1135 775 regis,
1162 734 1254 760 cum
1279 720 1502 761 relaturum

154 794 199 821 se
230 780 283 820 ad
307 781 525 822 consilium
555 781 746 830 dixisset,
783 790 949 836 postero
982 782 1046 823 die
1076 782 1308 837 respondit,
1346 797 1390 823 se
1420 798 1503 824 uno

153 841 308 883 frustra
343 844 536 885 tendente
572 844 674 884 nulli
705 843 773 884 alii
802 858 948 898 pacem
980 844 1205 899 placuisse3
1253 844 1505 885 renuntiaret

151 903 294 957 igitur,
332 905 487 945 nullam
524 905 646 946 aliam
683 921 798 960 spem
836 905 948 960 pacis
986 920 1110 959 quam
1144 906 1296 947 relictis
1329 905 1505 947 Cartha-

152 966 408 1020 giniensibus
437 966 621 1022 Syphaci
651 982 743 1008 cum
766 968 967 1009 Romanis
999 983 1104 1009 csse.
1175 968 1233 1009 ita
1257 969 1362 1010 tollit
1385 969 1505 1009 indu-

153 1029 248 1077 tias,
274 1037 319 1069 ut
342 1029 471 1070 libera
494 1030 575 1070 fide
600 1030 763 1084 incepta
786 1038 1073 1082 exequeretur3
1100 1030 1368 1084 deductisque
1389 1032 1505 1072 navi-

151 1090 229 1131 bus
243 1116 276 1120 -
289 1100 330 1131 et
342 1091 424 1131 iam
443 1091 549 1132 veris
569 1091 815 1145 principium
830 1100 917 1131 erat
929 1116 962 1120 —
975 1092 1186 1132 machinas
1205 1100 1502 1147 tormentaque,

152 1153 265 1193 velut
289 1168 313 1193 a
337 1153 440 1193 mari
465 1153 736 1207 adgressurus
762 1153 949 1202 Uticam,
986 1153 1171 1208 imponit.
1220 1162 1262 1195 et
1286 1155 1366 1196 duo
1392 1156 1504 1197 milia

150 1214 325 1254 militum
356 1214 408 1254 ad
433 1214 678 1269 capiendum
704 1229 827 1268 quem
853 1224 974 1256 antea
998 1222 1185 1256 tenuerat
1208 1216 1410 1257 tumulum
1436 1233 1504 1258 su-

148 1290 222 1331 per
246 1275 416 1317 Uticam
439 1276 581 1326 mittit,
620 1277 742 1317 simul
766 1284 812 1317 ut
835 1277 887 1317 ab
913 1292 979 1325 eo,
1019 1277 1128 1331 quod
1152 1278 1342 1332 parabat,
1378 1278 1420 1319 in
1447 1280 1505 1320 al-

149 1338 276 1379 terius
312 1338 372 1379 rei
408 1353 548 1380 curam
584 1347 842 1380 converteret
872 1339 1054 1381 hostium
1085 1340 1263 1390 animos,
1301 1340 1422 1381 simul
1452 1357 1504 1383 ne

150 1414 249 1453 qua,
288 1414 380 1440 cum
409 1400 498 1456 ipse
530 1402 582 1442 ad
609 1400 846 1456 Syphacem
871 1401 1262 1456 Hasdrubalemque
1291 1403 1503 1458 profectus

150 1469 279 1510 esset,
318 1463 476 1516 eruptio
515 1478 566 1504 ex
602 1464 702 1504 urbe
739 1472 779 1504 et
802 1463 980 1518 impetus
1017 1463 1060 1504 in
1090 1472 1226 1505 castra
1257 1480 1333 1506 sua
1360 1465 1504 1507 relicta

151 1537 243 1563 cum
267 1523 348 1564 levi
373 1524 580 1578 praesidio
606 1525 734 1566 fieret.

234 1586 286 1627 V.
335 1586 416 1626 His
437 1587 690 1641 praeparatis
712 1587 995 1639 advocatoque
1015 1587 1185 1629 consilio
1211 1595 1251 1629 et
1276 1588 1411 1630 dicere
1431 1604 1502 1630 ex—

150 1646 424 1701 ploratoribus
449 1648 592 1698 iussis,
631 1663 735 1702 quae
768 1659 963 1704 conperta
994 1650 1219 1699 adferrent,
1254 1650 1504 1692 Masinissa-

151 1723 248 1761 que,
287 1709 351 1750 cui
376 1710 514 1752 omnia
544 1711 725 1752 hostium
755 1720 854 1751 nota
883 1718 1017 1760 erant,
1054 1720 1263 1766 postremo
1289 1712 1378 1767 ipse
1404 1714 1503 1766 quid

149 1779 313 1825 pararet
336 1771 379 1812 in
402 1772 633 1826 proximam
658 1782 822 1814 noctem
846 1773 1037 1828 proponit
1046 1790 1056 1822 3
1083 1773 1256 1815 tribunis
1282 1775 1416 1824 edicit,
1443 1783 1500 1825 ut,

149 1834 220 1874 ubi
243 1835 448 1889 praetorio
475 1836 645 1878 dimisso
672 1837 791 1893 signa
816 1836 1138 1886 concinuissent,
1170 1838 1376 1892 extemplo
1403 1838 1503 1879 edu-

150 1904 290 1938 cerent
315 1898 459 1939 castris
485 1899 684 1954 legiones.
738 1899 796 1940 ita
820 1907 865 1939 ut
888 1899 1161 1954 imperaverat
1187 1899 1307 1954 signa
1331 1901 1408 1941 sub
1433 1915 1502 1942 oc-

151 1972 292 2000 casum
318 1960 416 2001 solis
439 1961 576 2002 efferri
596 1970 691 2002 sunt
710 1970 867 2016 coepta.
905 1962 957 2001 ad
975 1961 1150 2016 primam
1168 1962 1297 2003 ferme
1317 1962 1501 2017 vigiliam

150 2036 301 2076 agmen
331 2023 657 2078 explicaverunt,
694 2024 831 2065 media
860 2032 979 2065 nocte
1003 2048 1036 2052 —
1063 2032 1221 2079 septem
1251 2025 1360 2065 enim
1389 2026 1503 2066 milia

149 2083 305 2125 itineris
334 2094 449 2126 erant
472 2111 505 2115 —
529 2087 691 2128 modico
722 2087 855 2141 gradu
886 2086 937 2126 ad
963 2095 1098 2127 castra
1122 2087 1302 2127 hostium
1326 2103 1501 2142 perven—

151 2153 237 2185 tum
263 2156 337 2187 est.
387 2147 443 2187 ibi
464 2147 604 2203 Scipio
628 2156 788 2203 partem
813 2148 1023 2203 copiarum
1046 2148 1192 2190 Laelio
1209 2149 1501 2190 Masinissam-

151 2222 229 2260 que
267 2222 314 2248 ac
348 2209 549 2251 Numidas
593 2211 776 2251 attribuit
811 2218 851 2251 et
893 2220 1027 2251 castra
1064 2209 1269 2265 Syphacis
1306 2211 1501 2253 invadere

150 2270 350 2324 ignesque
376 2271 561 2313 conicere
586 2272 711 2313 iubet.
762 2272 946 2327 singulos
974 2272 1122 2313 deinde
1148 2273 1370 2328 separatim
1391 2274 1503 2315 Lae-

150 2331 250 2372 lium
286 2347 333 2373 ac
369 2334 640 2375 Masinissam
677 2335 875 2376 deductos
912 2335 1159 2384 obtestatur,
1196 2344 1259 2384 ut,
1303 2344 1502 2389 quantum

150 2410 232 2435 nox
262 2396 545 2449 providentiae
577 2397 748 2445 adimat,
787 2406 946 2438 tantum
977 2397 1190 2452 diligentia
1215 2398 1408 2453 expleant
1432 2413 1502 2439 cu-

149 2471 295 2509 raque:
339 2473 383 2498 se
408 2459 718 2500 Hasdrubalem
747 2459 988 2513 Punicaque
1023 2468 1159 2500 castra
1195 2460 1500 2515 adgressurum,

151 2528 332 2559 ceterum
356 2535 439 2561 non
464 2529 557 2561 ante
584 2531 825 2576 coepturum
850 2536 974 2575 quam
991 2521 1131 2577 ignem
1150 2522 1192 2562 in
1209 2522 1334 2577 regiis
1355 2524 1499 2564 castris

150 2582 477 2636 conspexissent.
547 2599 681 2637 neque
718 2599 768 2625 ea
801 2599 866 2625 res
903 2594 1062 2625 morata
1097 2584 1167 2624 diu
1203 2592 1284 2626 est:
1325 2601 1422 2626 nam
1456 2594 1501 2626 ut

149 2644 346 2698 proximis
385 2645 490 2686 casis
527 2645 701 2687 iniectus
738 2646 846 2701 ignis
883 2646 1034 2696 haesit,
1073 2647 1280 2702 extemplo
1312 2648 1501 2702 proxima

150 2721 335 2761 quaeque
366 2714 407 2748 et
442 2708 635 2764 deinceps
673 2709 868 2751 continua
897 2709 1110 2766 amplexus
1142 2710 1237 2752 totis
1269 2724 1314 2752 Se
1343 2710 1499 2766 passim

1532 982 1570 1010 10

1531 1169 1568 1197 11

1532 1354 1570 1383 12

1527 2537 1544 2566 6

1527 2601 1543 2630 7
