1815 3184
486 247 638 282 LIBER
661 248 830 292 XXVII,
855 248 887 282 8.
915 250 965 291 [a.
981 246 1018 282 C.
1033 247 1114 290 209]
1392 237 1475 279 333

121 356 283 405 praetor
306 350 400 391 inde
425 350 653 398 eduxisset,
690 350 874 391 tribunos
906 349 1036 404 plebis
1068 350 1287 404 appellavit
1311 350 1472 390 flamen.

121 418 329 453 vetustum
364 412 428 453 ius
467 412 680 453 sacerdotii
715 412 947 466 repetebat:
996 412 1134 452 datum
1172 412 1214 452 id
1249 426 1342 452 cum
1379 419 1476 466 toga

121 480 332 528 praetexta
367 481 406 514 et
442 474 541 515 sella
577 474 706 515 curuli
742 480 781 514 et
817 474 996 514 flaminio
1033 488 1136 514 esse.
1195 485 1359 527 praetor
1393 488 1476 514 non

122 535 291 575 exoletis
317 542 519 576 vetustate
545 535 752 575 annalium
778 535 975 589 exemplis
1003 542 1108 575 stare
1133 535 1210 584 ius,
1239 535 1311 576 sed
1335 549 1476 575 recen-

121 597 304 637 tissimae
330 597 528 650 cuiusque
555 597 862 637 consuetudinis
893 612 971 637 usu
996 596 1177 637 volebat:
1214 611 1288 637 nec
1312 607 1474 650 patrum

121 672 197 698 nec
222 673 389 698 avorum
416 659 612 699 memoria
625 658 791 699 Dialem
816 673 1064 711 quemquam
1089 659 1131 698 id
1155 659 1218 699 ius
1239 672 1474 712 usurpasse.

123 719 274 760 tribuni
297 734 384 760 rem
408 720 551 760 inertia
575 720 786 760 flaminum
811 720 1067 760 obliteratam
1092 720 1210 774 ipsis,
1237 734 1319 760 non
1345 734 1476 760 sacer-

122 781 233 822 dotio
270 782 419 822 damno
455 781 585 821 fuisse
622 796 713 822 cum
757 796 933 834 aequum
970 782 1250 830 censuissent,
1299 796 1350 821 ne
1385 781 1476 835 ipso

121 843 287 896 quidem
318 849 458 883 contra
488 843 677 883 tendente
708 850 893 896 praetore
925 858 1075 897 magno
1107 844 1285 884 adsensu
1315 849 1476 896 patrum

120 904 335 957 plebisque
370 904 577 944 flaminem
612 904 654 943 in
692 911 880 944 senatum
916 904 1244 953 introduxerunt,
1284 903 1474 945 omnibus

120 965 178 1005 ita
203 964 548 1013 existimantibus,
582 964 714 1019 magis
741 965 954 1005 sanctitate
978 965 1085 1005 vitae
1111 979 1235 1018 quam
1262 965 1475 1006 sacerdotii

120 1026 206 1067 iure
232 1041 323 1066 eam
345 1041 433 1066 rem
459 1026 666 1066 flaminem
691 1025 931 1066 obtinuisse.

207 1087 410 1128 Consules
436 1087 675 1141 priusquam
699 1087 741 1126 in
765 1087 995 1140 provincias
1021 1087 1142 1136 irent,
1169 1087 1271 1128 duas
1296 1087 1475 1128 urbanas

118 1149 327 1204 legiones,
376 1149 418 1188 in
455 1149 783 1202 supplementum
827 1155 1025 1201 quantum
1062 1164 1165 1203 opus
1204 1156 1290 1189 erat
1332 1149 1475 1190 ceteris

119 1209 364 1251 exercitibus
390 1209 565 1249 militum
597 1210 858 1263 scripserunt.
921 1210 1125 1250 urbanum
1155 1217 1333 1250 veterem
1361 1225 1476 1250 exer-

120 1272 245 1312 citum
268 1271 441 1312 Fulvius
468 1271 611 1312 consul
637 1270 685 1312 C.
707 1271 854 1311 Fulvio
868 1271 1019 1312 Flacco
1043 1271 1179 1326 legato
1205 1297 1238 1300 —
1262 1272 1387 1312 frater
1411 1272 1477 1312 hic

121 1333 300 1374 consulis
333 1340 418 1373 erat
441 1357 473 1361 —
497 1333 540 1373 in
569 1332 779 1373 Etruriam
809 1333 921 1373 dedit
951 1334 1184 1374 ducendum
1210 1341 1249 1375 et
1279 1333 1475 1388 legiones,

120 1410 224 1449 quae
259 1395 302 1435 in
326 1395 493 1435 Etruria
529 1402 660 1443 erant,
697 1395 875 1435 Romam
911 1395 1186 1437 deducendas.
1247 1402 1286 1436 et
1319 1395 1476 1436 Fabius

122 1456 265 1498 consul
300 1456 492 1509 reliquias
535 1457 736 1498 exercitus
773 1457 965 1497 Fulviani
1008 1457 1258 1510 conquisitas
1294 1482 1328 1486 -—
1362 1457 1477 1497 fuere

123 1524 258 1558 autem
290 1518 342 1557 ad
374 1524 565 1570 quattuor
594 1518 706 1558 milia
736 1518 904 1558 trecenti
929 1519 1200 1573 quadraginta
1229 1525 1421 1572 quattuor
1444 1543 1478 1547 —

124 1579 176 1631 Q.
203 1579 436 1619 Maximum
467 1579 596 1619 filium
631 1580 779 1620 ducere
809 1580 852 1619 in
879 1578 1063 1620 Siciliam
1094 1581 1147 1620 ad
1176 1579 1238 1620 M.
1266 1580 1477 1620 Valerium

121 1641 406 1696 proconsulem
437 1641 555 1681 iussit
586 1647 707 1694 atque
738 1641 789 1681 ab
815 1656 862 1681 co
893 1642 994 1682 duas
1027 1642 1210 1696 legiones
1243 1648 1282 1682 et
1312 1642 1478 1696 triginta

123 1703 438 1756 quinqueremes
475 1702 670 1756 accipere.
737 1702 838 1742 nihil
874 1717 945 1743 eae
982 1703 1128 1744 ductae
1165 1718 1217 1743 ex
1251 1703 1386 1744 insula
1420 1703 1478 1743 le-

123 1764 265 1818 giones
296 1763 529 1803 minuerunt
558 1778 634 1804 nee
664 1763 818 1804 viribus
849 1778 924 1804 nec
955 1764 1091 1818 specie
1126 1765 1212 1805 eius
1244 1764 1478 1818 provinciae

122 1825 382 1879 praesidium.
454 1840 550 1865 nam
592 1839 685 1865 cum
721 1832 881 1878 praeter
917 1826 1081 1879 egregie
1124 1826 1332 1880 suppletas
1374 1826 1477 1867 duas

123 1893 282 1926 veteres
307 1885 490 1940 legiones
517 1886 823 1940 transfugarum
849 1886 971 1926 etiam
996 1886 1268 1927 Numidarum
1294 1888 1476 1940 equitum

122 1948 387 2001 peditumque
413 1962 606 2002 magnam
630 1948 714 1987 vim
739 1947 925 1996 haberet,
954 1946 1116 1988 Siculos
1137 1962 1312 2001 quoque,
1340 1948 1408 2001 qui
1435 1949 1476 1988 in

123 2009 303 2049 exercitu
337 2009 536 2063 Epicydis
579 2016 649 2049 aut
683 2009 917 2050 Poenorum
959 2009 1144 2059 fuerant,
1194 2010 1290 2051 belli
1323 2010 1476 2064 peritos

123 2071 253 2119 viros,
290 2070 438 2111 milites
476 2071 650 2125 scripsit.
711 2085 759 2111 ea
795 2078 962 2112 externa
997 2071 1149 2112 auxilia
1179 2086 1274 2112 cum
1305 2072 1476 2126 singulis

123 2132 322 2172 Romanis
359 2133 589 2187 legionibus
627 2134 900 2182 adiunxisset,
938 2134 1110 2174 duorum
1149 2134 1328 2188 speciem
1364 2149 1479 2175 exer-

125 2194 279 2234 cituum
311 2195 504 2235 servavit:
548 2195 672 2236 altero
702 2196 756 2235 L.
791 2194 980 2236 Cincium
1017 2202 1175 2249 partem
1204 2195 1379 2245 insulae,
1417 2211 1479 2236 re-

124 2271 252 2310 gnum
278 2270 358 2308 qua
383 2255 579 2297 Hieronis
605 2256 758 2306 fuerat,
795 2258 898 2296 tueri
922 2257 1060 2306 iussit3
1103 2257 1228 2297 altero
1258 2257 1346 2311 ipse
1373 2265 1479 2298 cete-

124 2333 212 2358 ram
237 2317 414 2358 insulam
439 2317 647 2367 tuebatur,
681 2318 855 2358 divisam
881 2319 1088 2371 quondam
1112 2318 1289 2360 Romani
1313 2318 1480 2359 Punici-

125 2393 203 2432 que
240 2379 397 2432 imperii
433 2378 606 2427 finibus,
651 2379 782 2420 classe
820 2394 982 2432 quoque
1017 2380 1182 2420 navium
1221 2381 1480 2435 septuaginta

123 2441 289 2495 partita,
317 2447 361 2481 ut
385 2441 495 2481 omni
520 2440 677 2481 ambitu
702 2441 865 2481 litorum
890 2442 1093 2495 praesidia
1119 2457 1212 2482 orae
1237 2442 1479 2483 maritumae

125 2509 274 2542 essent.
334 2502 422 2555 ipse
448 2516 542 2542 cum
566 2502 757 2543 Muttinis
792 2503 975 2555 equitatu
1004 2504 1255 2557 provinciam
1286 2519 1480 2558 peragra-

124 2563 212 2612 bat,
250 2570 294 2603 ut
320 2563 469 2604 viseret
499 2578 620 2618 agros
653 2564 842 2617 cultaque
873 2564 924 2605 ab
948 2565 1111 2606 incultis
1143 2573 1301 2606 notaret
1326 2572 1365 2606 et
1388 2580 1481 2620 per-

126 2624 221 2665 inde
247 2625 433 2665 dominos
459 2624 643 2665 laudaret
667 2625 980 2680 castigaretque.
1040 2627 1097 2667 ita
1126 2633 1285 2667 tantum
1310 2641 1358 2667 ea
1383 2641 1480 2667 cura

125 2685 319 2726 frumenti
345 2687 546 2740 provenit,
573 2693 618 2727 ut
642 2694 681 2728 et
704 2687 881 2729 Romam
905 2688 1081 2729 mitteret
1107 2695 1146 2729 et
1167 2688 1357 2730 Catinam
1383 2703 1480 2729 con-

1503 732 1543 761 10

1503 1099 1539 1127 11

1506 1406 1544 1434 13

1506 1714 1545 1742 14

1506 1837 1545 1865 15

1506 2088 1544 2117 1ss

1506 2274 1544 2302 17

1508 2510 1546 2549 1'3

1508 2642 1546 2672 19
