1815 3184
297 217 383 258 440
647 222 802 259 LIBER
825 213 1026 257 XXVIIII.
1053 225 1102 265 [a.
1117 234 1151 256 u.
1167 234 1198 257 e.
1212 224 1296 267 549]

607 567 896 619 [PERIOOHA
925 569 1066 606 LIBRI
1095 568 1328 620 ΧΧἮΙΠ]

389 657 466 699 [Ex
481 655 607 689 Sicilia
622 655 658 689 C.
673 655 828 689 Laelius
847 655 883 688 in
898 653 1064 690 Africam
1084 668 1105 691 a
1120 655 1294 701 Scipione
1313 656 1446 690 missus
1461 656 1648 702 ingentem

295 707 472 751 praedam
503 705 708 750 reportavit
740 709 776 740 et
806 706 983 740 mandata
1020 706 1242 741 Masinissae
1275 706 1441 751 Scipioni
1478 706 1651 751 exposuit

297 757 504 801 querentis,
532 757 632 800 quod
646 756 810 790 nondum
824 756 1022 790 exercitum
1037 756 1074 790 in
1088 756 1252 791 Africam
1267 757 1485 791 traiecisset.
1511 757 1650 791 bellum

295 808 333 841 in
353 806 535 851 Hispania
554 806 699 840 finitum
717 806 857 839 victore
872 806 1058 848 Romano,
1085 808 1186 851 quod
1207 807 1386 842 Indebilis
1406 807 1650 850 excitaverat,

295 858 375 902 ipse
401 857 438 890 in
463 857 542 891 acie
570 857 732 900 occisus,
760 856 987 890 Mandonius
1014 859 1303 901 exposcentibus
1328 857 1506 892 Romanis
1526 869 1548 891 a
1574 857 1650 891 suis

297 907 455 941 deditus.
504 907 678 951 Magoni,
705 906 768 950 qui
787 905 1019 950 Albingauni
1042 907 1081 941 in
1099 907 1303 951 Liguribus
1329 912 1427 951 erat,
1455 918 1498 941 ex
1521 906 1651 942 Africa

297 965 334 991 et
357 957 513 991 militum
538 958 661 1001 ampla
685 967 816 991 manus
835 956 948 990 missa
968 962 1005 991 ct
1024 958 1224 1001 pecuniae,
1252 958 1387 1002 quibus
1407 958 1545 992 auxilia
1565 968 1650 991 con-

297 1008 465 1050 duceret,
491 1011 824 1051 praeceptumque,
850 1011 892 1040 ut
917 1019 956 1041 se
982 1007 1185 1042 Hannibali
1212 1008 1469 1052 coniungeret.
1525 1008 1650 1052 Scipio

297 1069 319 1091 a
333 1058 525 1101 Syracusis
544 1057 581 1090 in
600 1057 766 1091 Bruttios
786 1057 932 1091 traiecit
951 1062 988 1092 et
1005 1059 1149 1092 Locros
1171 1060 1278 1102 pulso
1300 1059 1441 1092 Punico
1462 1058 1649 1103 praesidio

296 1107 501 1151 fugatoque
517 1107 732 1141 Hannibale
746 1107 898 1151 recepit.
940 1119 1013 1151 pax
1028 1119 1109 1142 cum
1124 1109 1298 1152 Philippo
1313 1109 1416 1143 facta
1430 1114 1497 1143 est.
1534 1112 1651 1142 mater

296 1160 412 1194 Idaea
432 1161 630 1203 deportata
651 1163 706 1192 est
724 1159 878 1192 Romam
900 1170 921 1193 a
941 1159 1162 1193 Pessinunte
1184 1159 1321 1203 oppido
1343 1159 1547 1203 Phrygiae,
1574 1170 1651 1192 car-

297 1210 395 1244 mine
415 1210 452 1242 in
472 1209 577 1243 libris
598 1208 790 1253 Sibyllinis
810 1209 981 1251 invento,
1007 1210 1097 1252 pelli
1115 1210 1225 1243 Italia
1245 1209 1490 1253 alienigenam
1506 1210 1649 1243 hostem

297 1271 426 1304 posse,
454 1260 484 1293 si
498 1263 613 1293 mater
626 1260 741 1293 Idaea
756 1260 952 1302 deportata
966 1261 1122 1294 Romam
1142 1263 1251 1294 esset.
1299 1260 1437 1293 tradita
1457 1263 1513 1293 est
1526 1263 1649 1294 autem

296 1311 474 1345 Romanis
499 1322 565 1354 per
589 1310 756 1344 Attalum
786 1321 912 1354 regern
942 1309 1066 1344 Asiae.
1125 1310 1220 1354 lapis
1253 1314 1333 1344 erat
1358 1322 1467 1354 quem
1497 1314 1648 1345 matrem

298 1360 405 1396 defini
420 1362 565 1395 incolae
581 1362 768 1395 dicebant.
819 1362 965 1406 excepit
979 1362 1018 1394 P.
1035 1361 1159 1405 Scipio
1175 1361 1330 1404 Nasica,
1358 1361 1423 1394 Cn.
1439 1360 1537 1394 filius
1557 1362 1648 1405 eius,

297 1412 359 1457 qui
380 1412 416 1446 in
436 1412 618 1455 Hispania
637 1412 816 1455 perierat,
842 1412 897 1444 vir
917 1411 1076 1456 optimus
1098 1423 1119 1445 a
1139 1417 1270 1445 senatu
1294 1411 1496 1453 iudicatus,
1523 1412 1650 1445 adule-

298 1473 404 1496 scens
424 1463 587 1495 nondum
607 1461 860 1506 quaestorius,
893 1461 1066 1505 quoniam
1085 1461 1138 1495 ita
1161 1472 1383 1504 responsum
1406 1461 1579 1503 iubebat,
1610 1465 1651 1494 ut

296 1513 334 1546 id
348 1524 482 1546 numen
497 1513 543 1545 ab
559 1512 697 1555 optimo
713 1511 790 1545 viro
804 1511 1033 1554 reciperetur
1048 1515 1414 1556 consecrareturque.
1439 1510 1650 1545 Locrenses

297 1563 443 1607 legatos
462 1563 616 1595 Romam
641 1561 837 1603 miserunt,
865 1561 928 1605 qui
954 1561 999 1594 de
1018 1561 1236 1606 inpudentia
1249 1561 1407 1594 Plemini
1428 1561 1544 1606 legati
1563 1572 1650 1605 que-

296 1616 481 1655 rerentur,
510 1611 573 1656 qui
596 1612 791 1656 pecuniam
807 1611 1055 1655 Proserpinae
1082 1611 1283 1645 sustulerat
1307 1615 1344 1645 et
1367 1612 1506 1645 liberos
1527 1622 1651 1645 eorum

296 1674 340 1696 ac
356 1662 534 1706 coniuges
556 1665 800 1705 stupraverat.
847 1661 884 1694 in
901 1661 1041 1695 catenis
1057 1662 1212 1695 Romam
1231 1661 1433 1704 perductus
1448 1661 1485 1694 in
1500 1672 1649 1695 carcere

297 1717 353 1745 cst
374 1716 548 1745 mortuus.
599 1723 680 1745 cum
700 1711 817 1745 falsus
843 1722 969 1745 rumor
989 1712 1034 1745 de
1053 1712 1096 1745 P.
1117 1710 1290 1755 Scipione
1315 1711 1559 1755 proconsule,
1586 1710 1649 1755 qui

295 1762 333 1795 in
359 1761 485 1795 Sicilia
511 1766 606 1805 erat,
637 1762 675 1795 in
700 1762 829 1795 urbem
853 1761 1019 1805 perlatus
1045 1766 1161 1803 esset,
1197 1766 1385 1805 tamquam
1410 1761 1462 1795 ibi
1488 1761 1649 1794 luxuria-

295 1817 412 1856 retur,
450 1812 572 1846 missis
600 1812 647 1846 ob
674 1812 746 1846 hoc
774 1812 909 1855 legatis
935 1823 957 1846 a
983 1816 1131 1854 senatu,
1171 1812 1232 1856 qui
1262 1812 1502 1855 explorarent
1531 1822 1579 1844 an
1605 1821 1650 1845 ea

295 1874 382 1897 vera
408 1867 550 1905 essent,
587 1867 770 1907 purgatus
795 1862 948 1896 infamia
973 1861 1098 1906 Scipio
1128 1862 1167 1896 in
1191 1862 1357 1896 Africam
1388 1861 1568 1905 permissu
1595 1872 1648 1894 se—

294 1919 406 1948 natus
432 1914 587 1948 traiecit.
660 1914 811 1958 Syphax
837 1917 993 1957 accepta
1018 1913 1055 1946 in
1080 1913 1351 1947 matrimonium
1380 1912 1458 1946 filia
1482 1911 1647 1945 Hasdru-

294 1965 390 1998 balis
412 1964 588 2008 Gisgonis
615 1964 830 2007 amicitiam,
857 1976 966 2008 quam
993 1976 1073 1998 cum
1099 1963 1274 2008 Scipione
1299 1963 1485 2006 iunxerat,
1516 1973 1648 1996 renun-

294 2015 410 2050 tiavit.
460 2015 657 2049 Masinissa
682 2027 745 2050 rex
766 2015 1046 2060 Massyliorum,
1078 2016 1165 2049 dum
1188 2026 1255 2059 pro
1277 2013 1648 2058 Carthaginiensibus

294 2067 331 2099 in
350 2067 535 2110 Hispania
554 2067 703 2110 militat,
731 2066 866 2100 amisso
885 2070 991 2111 patre
1007 2066 1103 2100 Gala
1124 2067 1169 2100 de
1189 2077 1305 2110 regno
1327 2065 1525 2099 exciderat.
1575 2074 1648 2108 quo

294 2128 360 2161 per
386 2117 525 2151 bellum
550 2128 661 2161 saepe
687 2117 846 2160 repetito
872 2117 1018 2161 aliquot
1041 2117 1193 2160 proeliis
1219 2128 1241 2151 a
1266 2116 1437 2161 Syphace
1462 2125 1551 2160 rege
1571 2115 1647 2150 Nu-

294 2168 474 2202 midarum
500 2168 619 2202 victus
644 2168 682 2201 in
707 2172 825 2201 totum
845 2168 1010 2212 privatus
1033 2171 1090 2202 cst
1108 2173 1144 2203 et
1165 2179 1247 2201 cum
1268 2167 1438 2201 ducentis
1459 2165 1647 2211 equitibus

296 2219 399 2252 exsul
420 2218 586 2263 Scipioni
607 2230 646 2252 se
665 2219 783 2252 iunxit
803 2223 838 2253 et
859 2231 939 2253 cum
960 2230 1003 2252 eo
1023 2219 1140 2262 primo
1162 2219 1284 2252 statim
1303 2218 1404 2252 bello
1424 2217 1647 2251 Hannonem

295 2269 517 2303 Hamilcaris
542 2268 658 2302 filium
685 2280 765 2302 cum
792 2270 916 2313 ampla
940 2280 1051 2302 manu
1078 2268 1273 2303 interemit.
1335 2267 1459 2312 Scipio
1486 2268 1648 2301 adventu

295 2319 543 2354 Hasdrubalis
575 2324 611 2354 et
638 2319 839 2364 Syphacis,
879 2320 940 2364 qui
971 2331 1088 2364 prope
1122 2330 1203 2353 cum
1234 2323 1381 2353 centum
1410 2318 1559 2352 milibus
1591 2329 1647 2352 ar-

294 2373 475 2403 matorum
500 2374 698 2413 venerant,
725 2370 772 2403 ab
799 2369 995 2404 obsidione
1015 2370 1149 2404 Uticae
1177 2370 1355 2413 depulsus
1373 2369 1531 2403 hiberna
1551 2379 1647 2402 com-

295 2420 459 2454 munivit.
519 2420 760 2464 Sempronius
786 2421 916 2454 consul
942 2421 979 2454 in
1004 2432 1094 2464 agro
1121 2420 1355 2454 Crotoniensi
1379 2430 1557 2463 prospere
1583 2419 1646 2453 ad-

295 2481 422 2504 versus
460 2471 709 2505 Hannibalem
747 2471 939 2515 pugnavit.
1011 2471 1108 2505 inter
1143 2482 1316 2504 censores
1353 2470 1402 2503 M.
1429 2469 1576 2503 Livium
1612 2474 1648 2503 et

296 2519 488 2554 Claudium
513 2521 699 2555 Neronem
730 2522 907 2555 notabilis
938 2521 1126 2555 discordia
1155 2520 1248 2554 fuit:
1297 2531 1382 2554 nam
1407 2524 1444 2554 ct
1470 2519 1646 2553 Claudius

295 2570 401 2603 Livio
424 2571 592 2615 collegae
619 2583 721 2606 ecum
743 2573 898 2615 ademit,
925 2572 1026 2616 quod
1045 2583 1067 2605 a
1084 2571 1224 2615 populo
1251 2571 1445 2605 damnatus
1465 2574 1646 2614 actusque

296 2619 489 2654 inexilium
513 2622 652 2664 fuerat,
696 2626 733 2656 et
756 2622 885 2656 Livius
912 2621 1087 2664 Claudio,
1127 2621 1227 2666 quod
1253 2621 1388 2655 falsum
1413 2621 1451 2654 iu
1482 2631 1520 2654 se
1545 2619 1646 2652 testi-

296 2670 457 2703 monium
471 2671 624 2706 dixisset
644 2677 679 2706 et
694 2674 794 2716 quod
813 2684 889 2707 non
909 2674 1011 2708 bona
1024 2672 1097 2707 fide
1113 2683 1237 2706 secum
1250 2672 1287 2705 in
1306 2671 1461 2716 gratiam
1476 2669 1645 2703 redisset.
