1815 3184
340 252 423 294 362
631 260 784 301 LIBER
809 259 974 303 XXVII,
1000 260 1053 293 32.
1067 260 1127 294 33.
1156 263 1251 303 [a.u.
1267 263 1393 306 c.54ss]

340 371 430 403 tuor
454 361 619 401 milibus
642 370 892 402 armatorum
912 361 1073 402 silentio
1093 362 1244 411 noctis,
1270 379 1321 404 ne
1341 365 1524 418 conspici
1543 381 1692 421 agmen

293 439 311 467 3
339 430 500 477 posset,
526 423 703 463 intrasse
728 423 853 463 Elim.
907 423 1045 476 itaque
1070 423 1282 477 inprovisa
1305 439 1371 466 res
1396 426 1608 480 ingentem
1631 429 1693 469 in-

337 484 433 524 iecit
456 492 675 532 terrorem,
701 492 923 539 postquam
946 485 1053 525 inter
1076 485 1252 526 Aetolos
1273 486 1485 540 Eleosque
1503 488 1694 530 Romana

293 561 312 587 4
339 545 459 600 signa
483 553 605 598 atque
631 562 745 586 arma
770 561 1015 601 cognovere.
1070 554 1111 587 et
1132 547 1265 601 primo
1290 548 1473 603 recipere
1499 564 1596 590 suos
1621 565 1693 591 vo-

337 607 470 647 luerat
492 622 585 656 rex3
624 608 773 648 deinde
799 616 1008 648 contracto
1034 608 1116 648 iam
1140 608 1246 649 inter
1269 610 1446 651 Aetolos
1477 618 1517 650 et
1542 611 1692 653 Trallis

337 693 369 696 —
387 668 622 722 Illyriorum
647 669 690 709 id
714 677 778 710 est
801 685 932 724 genus
951 694 985 698 —
1004 670 1225 710 certamine
1257 684 1351 710 cum
1375 671 1512 725 urgeri
1538 672 1694 714 videret

338 745 455 779 suos,
493 738 534 770 et
569 730 659 785 ipse
696 746 770 771 rex
807 745 901 771 cum
937 731 1121 784 equitatu
1151 731 1193 771 in
1225 732 1436 772 cohortem
1459 733 1693 774 Romanam

292 807 311 835 5
336 791 519 832 incurrit.
592 792 649 832 ibi
685 807 814 845 equus
852 793 936 847 pilo
978 793 1171 834 traiectus
1216 808 1309 834 cum
1344 794 1585 849 prolapsum
1620 811 1694 849 per

337 861 460 908 caput
494 870 636 909 regem
674 855 908 904 effudisset,
953 864 1071 895 atrox
1107 870 1248 909 pugna
1283 856 1488 909 utrimque
1520 870 1695 898 accensa

337 925 401 956 cst
424 923 463 956 et
489 916 540 956 ab
565 916 766 956 Romanis
798 917 955 970 impetu
984 916 1027 956 in
1057 932 1199 971 regem
1230 918 1339 958 facto
1372 926 1411 957 et
1440 919 1694 972 protegenti-

293 991 310 1020 6
336 977 413 1017 bus
439 977 578 1031 regiis.
627 977 802 1032 insignis
828 986 868 1018 et
892 977 1021 1032 ipsius
1047 993 1189 1032 pugna
1208 978 1302 1027 fuit,
1330 993 1423 1019 cum
1441 979 1569 1033 pedes
1589 980 1694 1021 inter

337 1039 495 1091 equites
522 1050 688 1080 coactus
716 1048 825 1080 esset
850 1040 1054 1094 proelium
1078 1040 1193 1080 inire.
1254 1040 1368 1089 dein,
1395 1055 1488 1080 cum
1511 1040 1594 1081 iam
1617 1039 1694 1079 im-

336 1115 412 1154 par
437 1111 644 1141 certamen
675 1110 785 1142 esset
817 1102 1093 1154 caderentque
1125 1101 1232 1141 circa
1262 1116 1357 1142 eum
1387 1101 1505 1141 multi
1534 1109 1574 1142 et
1604 1100 1693 1141 vul-

337 1170 602 1210 nerarentur,
652 1170 795 1216 raptus
839 1163 890 1203 ab
934 1163 1018 1203 suis
1057 1170 1178 1215 atque
1222 1163 1339 1203 alteri
1375 1177 1481 1216 equo
1516 1162 1691 1202 iniectus

296 1237 312 1264 7
339 1223 459 1277 fugit.
515 1238 562 1264 eo
583 1223 648 1264 die
674 1231 809 1264 castra
833 1224 1014 1276 quinque
1034 1223 1146 1263 milia
1169 1239 1371 1277 passuum
1391 1225 1442 1264 ab
1462 1224 1692 1264 11113οΕ110-

337 1299 428 1323 rum
447 1285 597 1338 posuit.
647 1292 813 1339 postero
835 1285 899 1325 die
921 1285 973 1324 ad
994 1284 1208 1325 castellum
1231 1310 1265 1313 —
1287 1285 1477 1339 Pyrgum
1498 1292 1691 1325 vocant—

338 1346 477 1399 copias
516 1346 647 1386 omnis
686 1347 845 1395 eduxit,
884 1361 964 1399 quo
1003 1346 1227 1400 agrestium
1258 1346 1562 1386 multitudinem
1599 1360 1692 1385 cum

292 1419 312 1449 8
338 1407 557 1461 pecoribus
584 1416 696 1447 metu
720 1407 1033 1461 populationum
1059 1406 1315 1460 compulsam
1342 1406 1540 1446 audierat.
1601 1421 1693 1446 eam

336 1468 589 1509 inconditam
619 1469 900 1521 inermemque
932 1468 1238 1508 multitudinem
1268 1468 1400 1521 primo
1438 1468 1576 1508 statim
1613 1475 1693 1507 tcr-

336 1545 426 1570 rorc
453 1529 676 1569 adveniens
704 1530 810 1583 cepit
820 1546 829 1578 3
869 1537 1291 1583 compensaveratque
1324 1544 1372 1569 ea
1402 1530 1557 1584 praeda
1582 1529 1693 1581 quod

294 1604 311 1632 9
336 1591 585 1645 ignominiae
612 1591 665 1631 ad
688 1592 801 1631 Elim
827 1600 1044 1645 acceptum
1068 1591 1216 1631 fuerat.
1272 1591 1472 1631 dividenti
1496 1591 1693 1645 praedam

336 1653 604 1706 captivosque
629 1677 661 1680 —
687 1653 850 1693 fuerant
894 1662 1031 1693 autem
1075 1662 1265 1705 quattuor
1306 1653 1420 1693 milia
1467 1651 1691 1701 hominum,

335 1715 495 1769 pecoris
525 1715 657 1754 omnis
685 1715 848 1768 generis
876 1715 928 1754 ad
953 1715 1065 1755 milia
1095 1714 1241 1769 viginti
1266 1739 1298 1742 —
1322 1714 1490 1754 nuntius
1523 1729 1574 1754 ex
1597 1714 1693 1754 Ma-

336 1777 507 1817 cedonia
532 1777 657 1825 venit,
683 1778 872 1831 Eropum
897 1777 1103 1829 quendam
1129 1784 1321 1831 corrupto
1347 1776 1452 1817 arcis
1476 1776 1691 1830 praesidii-

336 1852 415 1890 que
440 1838 649 1892 praefecto
676 1838 945 1892 Lychnidum
975 1838 1154 1892 cepisse,
1191 1846 1330 1878 tenere
1362 1845 1402 1878 et
1425 1838 1692 1878 Dassaretio-

271 1913 312 1942 10
336 1914 428 1939 rum
453 1900 655 1952 quosdam
687 1900 800 1940 vicos
833 1909 873 1940 et
897 1900 1119 1940 Dardanos
1152 1899 1276 1939 etiam
1303 1899 1476 1939 concire.
1537 1898 1690 1939 omisso

336 1962 461 2015 igitur
497 1962 685 2002 Achaico
721 1963 848 2010 bello,
886 1962 1039 2002 relictis
1077 1970 1216 2001 tamen
1253 1961 1413 2001 duobus
1449 1960 1614 2001 milibus
1652 1970 1693 2001 et

335 2023 571 2077 quingentis
610 2024 742 2063 omnis
781 2024 945 2078 generis
990 2031 1240 2063 armatorum
1282 2037 1375 2062 cum
1410 2022 1613 2076 Blenippo
1650 2029 1691 2062 et

271 2098 306 2126 11
334 2085 599 2138 Polyphanta
636 2086 809 2126 (lucibus
847 2086 900 2125 ad
934 2085 1187 2140 praesidium
1220 2084 1443 2132 sociorum,
1479 2084 1690 2138 profectus

335 2147 386 2186 ab
421 2146 572 2200 Dymis
609 2162 683 2201 per
718 2148 925 2187 Achaiam
959 2147 1260 2199 Boeotiamque
1298 2154 1338 2186 et
1367 2146 1586 2186 Euboeam
1622 2145 1692 2185 de-

335 2209 463 2248 cumis
491 2209 636 2249 castris
662 2209 975 2250 Demetriadem
1000 2210 1042 2249 in
1068 2208 1331 2250 Thessaliam
1354 2207 1554 2262 pervenit.

292 2284 307 2311 1
418 2270 647 2311 XXXIII.
728 2272 795 2312 Ibi
838 2272 906 2311 alii
941 2272 1139 2312 maiorem
1183 2272 1417 2312 adferentes
1470 2270 1691 2310 tumultum

333 2332 466 2372 nuntii
491 2340 728 2372 occurrunt:
765 2333 988 2373 Dardanos
1016 2333 1057 2372 in
1081 2333 1376 2373 Blacedoniam
1401 2332 1556 2373 effusos
1583 2331 1691 2372 Ore-

336 2393 484 2433 stidem
508 2393 590 2433 iam
615 2401 754 2434 tenere
781 2409 827 2434 ac
848 2395 1113 2435 descendisse
1133 2395 1176 2434 in
1194 2395 1475 2448 Argestaeum
1500 2407 1691 2447 campum

335 2453 571 2508 famamque
604 2455 709 2496 inter
740 2457 938 2497 barbaros
971 2456 1177 2497 celebrem
1208 2471 1318 2504 esse,
1357 2455 1599 2509 Philippum
1623 2467 1688 2494 oc-

291 2528 309 2557 2
336 2515 478 2557 cisum.
540 2517 802 2571 expeditione
833 2532 900 2566 ea,
938 2531 1020 2570 qua
1050 2532 1143 2558 cum
1173 2516 1486 2572 populatoribus
1519 2515 1609 2570 agri
1639 2515 1690 2554 ad

337 2574 559 2630 Sicyonem
590 2579 810 2633 pugnavit,
846 2580 890 2619 in
921 2580 1111 2620 arborem
1140 2580 1291 2619 inlatus
1322 2579 1479 2633 impetu
1509 2577 1603 2630 equi
1639 2575 1688 2615 ad

293 2651 311 2680 3
338 2639 585 2679 eminentem
608 2656 770 2680 ramum
794 2655 921 2681 cornu
942 2641 1114 2682 alterum
1133 2641 1276 2696 galeae
1295 2640 1532 2696 praefregit.
1568 2638 1611 2677 id
1628 2637 1689 2676 in-

338 2707 507 2740 ventum
537 2702 588 2741 ab
613 2702 766 2743 Aetolo
798 2703 979 2755 quodam
1009 2704 1295 2757 perlatumque
1323 2702 1367 2741 in
1396 2699 1607 2741 Aetoliam
1637 2698 1688 2738 ad
