1815 3184
292 219 343 259 14
605 228 758 262 LIBER
782 227 894 271 XXI,
921 228 975 261 17.
996 227 1050 260 18.
1077 229 1126 270 [a.
1141 238 1175 261 u.
1192 238 1221 261 0.
1237 228 1318 271 536]

289 331 465 384 equites:
516 344 640 370 naves
681 330 880 369 ducentae
916 329 1062 383 viginti
1099 329 1433 382 quinqueremes,
1482 331 1638 372 celoces

245 406 264 435 4
289 392 434 446 viginti
459 391 635 431 deducti.
685 390 813 430 latum
838 390 932 430 inde
957 391 1009 430 ad
1035 390 1249 444 populum,
1282 391 1431 431 vellent
1456 392 1641 432 iuberent

242 2013 260 2041 10

242 2259 259 2287 3

288 453 437 507 populo
468 451 801 506 Carthaginiensi
831 450 984 491 bellum
1016 451 1156 499 iudici,
1196 452 1365 504 eiusque
1397 452 1493 492 belli
1517 467 1641 493 causa

290 513 532 568 supplicatio
558 528 630 567 per
661 513 806 553 urbem
838 512 976 553 habita
1009 520 1131 565 atque
1163 513 1319 553 adorati
1350 514 1425 562 dii,
1463 522 1507 554 ut
1538 513 1641 554 bene

288 590 336 616 ae
366 575 538 618 feliciter
570 575 749 615 eveniret
781 575 892 627 quod
923 574 1073 615 bellum
1105 575 1281 629 populus
1313 575 1527 616 Romanus
1559 577 1642 617 ius-

290 637 423 677 sisset.

371 699 486 739 Inter
529 697 718 739 consules
755 698 811 738 ita
847 698 988 752 copiae
1024 698 1198 738 divisae:
1244 697 1488 752 Sempronio
1524 699 1642 740 datae

286 761 470 815 legiones
503 760 608 800 duae
634 785 687 788 —
716 775 763 800 ea
795 768 993 812 quaterna
1018 760 1129 800 milia
1155 767 1268 800 erant
1292 761 1475 814 peditum
1501 768 1541 802 et
1564 770 1643 801 trc-

287 823 377 863 ceni
397 822 553 875 equites
570 847 621 851 —
636 829 675 862 et
695 822 897 862 sociorum
919 821 1096 862 sedecim
1117 822 1227 862 milia
1254 823 1456 876 peditum,
1484 823 1641 875 equites

287 884 397 924 mille
423 883 665 938 octingenti,
701 898 826 924 naves
852 883 1000 937 longae
1026 892 1189 923 centum
1217 884 1450 939 sexaginta,
1484 884 1641 925 celoces

289 945 517 986 duodecim.
573 960 666 985 cum
697 944 761 985 his
794 945 1053 985 terrestribus
1086 945 1381 998 maritimisque
1415 946 1542 1000 copiis
1575 946 1640 988 Ti.

289 1007 558 1061 Sempronius
585 1007 735 1047 missus
764 1007 806 1046 in
833 1005 1035 1055 Siciliam,
1068 1007 1123 1047 ita
1149 1007 1191 1046 in
1217 1007 1406 1047 Africam
1430 1009 1642 1049 transmis-

289 1084 428 1117 surus,
468 1069 503 1108 si
534 1069 585 1109 ad
616 1069 836 1108 arcendum
862 1068 983 1108 Italia
1012 1068 1199 1108 Poenum
1236 1068 1379 1109 consul
1410 1068 1510 1109 alter
1542 1071 1640 1111 satis

288 1139 409 1172 esset.
460 1130 652 1172 Cornelio
678 1131 812 1170 minus
840 1131 1047 1184 copiarum
1074 1130 1234 1178 datum,
1262 1130 1355 1183 quia
1382 1131 1434 1171 L.
1457 1130 1640 1171 Manlius

286 1201 450 1247 praetor
485 1199 524 1232 et
559 1192 647 1246 ipse
680 1206 773 1232 cum
805 1192 915 1232 haud
946 1191 1126 1232 invalido
1158 1192 1362 1246 praesidio
1394 1192 1435 1232 iu
1463 1191 1640 1233 Galliam

289 1254 541 1302 mittebatur3
568 1254 735 1294 navium
755 1254 932 1294 maxime
955 1253 1146 1294 Cornelio
1166 1268 1361 1294 numerus
1384 1254 1640 1295 deminutus:

288 1316 502 1370 sexaginta
533 1316 848 1369 quinqueremes
882 1316 1000 1355 datae
1027 1341 1080 1344 —
1105 1330 1237 1368 neque
1270 1316 1377 1355 enim
1410 1316 1512 1356 mari
1544 1332 1641 1357 ven-

287 1384 423 1417 turum
455 1385 524 1418 aut
556 1392 603 1418 ea
636 1388 749 1431 parte
780 1377 877 1418 belli
908 1377 1196 1417 dimicaturum
1229 1376 1389 1417 hostem
1423 1378 1642 1418 credebant

286 1464 339 1468 —
366 1446 405 1480 et
436 1440 540 1480 duae
566 1439 779 1480 Romanae
813 1438 996 1493 legiones
1029 1453 1123 1479 cum
1155 1454 1229 1479 suo
1261 1439 1369 1479 iusto
1395 1439 1577 1491 equitatu
1603 1447 1643 1480 et

286 1503 610 1555 quattuordecim
641 1502 806 1542 milibus
837 1501 1040 1542 sociorum
1065 1501 1268 1555 peditum,
1302 1501 1505 1554 equitibus
1532 1502 1642 1542 mille

288 1566 504 1606 sexcentis.
554 1565 655 1606 duas
688 1565 871 1619 legiones
898 1564 1106 1605 Romanas
1139 1572 1178 1604 et
1209 1564 1350 1604 decem
1376 1564 1487 1604 milia
1514 1564 1643 1605 socio-

285 1642 375 1667 rum
411 1627 614 1681 peditum‚
652 1627 762 1667 mille
800 1627 957 1679 equites
991 1626 1143 1675 socios,
1183 1632 1399 1666 sexcentos
1432 1625 1641 1666 Romanos

287 1687 423 1729 Gallia
453 1689 663 1743 provincia
696 1689 840 1729 eodem
876 1686 1008 1742 [dein]
1042 1703 1160 1728 versa
1191 1688 1232 1728 in
1258 1686 1463 1727 Punicum
1489 1687 1642 1728 bellum

285 1750 440 1791 habuit.

370 1812 541 1853 XVIII.
592 1812 671 1853 His
704 1812 760 1852 ita
793 1812 1043 1866 conparatis,
1079 1820 1121 1851 ut
1148 1810 1284 1851 omnia
1308 1810 1414 1850 iusta
1440 1817 1532 1850 ante
1558 1810 1643 1851 bel-

286 1875 371 1915 lum
396 1875 556 1923 fierent,
582 1875 739 1930 legatos
767 1875 941 1915 maiores
967 1882 1065 1914 natu
1087 1872 1139 1925 Q.
1162 1872 1355 1920 Fabium,
1383 1871 1442 1912 M.
1458 1873 1640 1921 Livium,

285 1937 338 1976 L.
375 1936 622 1985 Aemilium,
670 1936 718 1977 C.
756 1936 986 1984 Licinium,
1026 1934 1077 1986 Q.
1110 1933 1331 1982 Baebium,
1375 1933 1418 1972 in
1453 1932 1641 1974 Africam

286 1999 451 2038 mittunt
477 1998 527 2038 ad
548 1998 874 2052 percunctand‹j›s
897 1996 1280 2051 Carthaginienses,
1308 1994 1525 2049 publicone
1547 2010 1643 2035 con-

286 2060 376 2101 silio
414 2060 627 2100 Hannibal
666 2059 899 2114 Saguntum
938 2064 1236 2113 oppugnasset,
1281 2066 1338 2105 et,
1385 2057 1418 2097 si
1454 2057 1495 2096 id
1532 2058 1641 2110 quod

286 2123 434 2163 facturi
466 2122 711 2163 videbantur
742 2123 967 2163 faterentur
992 2136 1038 2161 ac
1065 2120 1331 2161 defenderent
1357 2119 1520 2173 publico
1549 2135 1643 2160 con-

287 2185 377 2225 silio
403 2184 577 2232 factum,
610 2192 655 2224 ut
679 2184 905 2224 indicerent
930 2183 1083 2237 populo
1111 2181 1445 2236 Carthaginiensi
1476 2181 1640 2222 bellum.

286 2246 463 2286 Romani
499 2254 719 2300 postquam
753 2246 1048 2300 Carthaginem
1084 2253 1301 2291 venerunt,
1346 2257 1438 2283 cum
1476 2252 1640 2284 senatus

286 2308 405 2348 datus
437 2316 546 2348 esset
578 2316 617 2348 et
649 2307 701 2360 Q.
734 2307 890 2348 Fabius
927 2307 1028 2346 nihil
1065 2306 1171 2346 ultra
1206 2320 1330 2358 quam
1369 2320 1496 2345 unum
1533 2305 1642 2358 quod

286 2371 525 2410 mandatum
551 2378 636 2410 erat
661 2377 951 2424 percunctatus
978 2375 1105 2417 esset,
1138 2376 1224 2407 tum
1251 2382 1301 2407 ex
1329 2366 1643 2421 Carthaginien-

242 2445 261 2472 4
287 2432 399 2472 sibus
431 2447 557 2472 unus:
599 2437 812 2486 ‘praeceps
844 2439 998 2478 vestra,
1035 2429 1232 2477 Romani,
1272 2435 1311 2469 et
1346 2429 1456 2482 prior
1491 2428 1641 2482 legatio

243 2627 260 2656 5

285 2492 380 2541 fuit,
419 2508 511 2533 cum
543 2493 823 2533 Hannibalem
854 2500 1064 2545 tamquam
1095 2506 1169 2531 suo
1201 2489 1371 2530 consilio
1406 2489 1640 2544 Saguntum

287 2565 594 2608 oppugnantem
631 2554 935 2609 deposcebatis,
974 2560 1154 2594 ceterum
1189 2552 1289 2592 haec
1320 2551 1472 2605 legatio
1505 2550 1640 2591 verbis

287 2616 419 2656 adhue
444 2616 572 2656 lenior
597 2624 677 2665 est,
710 2631 752 2657 re
779 2617 971 2670 asperior.
1021 2623 1118 2655 tunc
1143 2614 1251 2654 enim
1278 2613 1490 2653 Hannibal
1517 2619 1556 2653 et
1579 2612 1640 2651 in-

289 2676 556 2718 simulabatur
588 2685 626 2718 et
656 2678 968 2732 deposcebatur,
1006 2690 1114 2716 nunc
1145 2675 1197 2716 ab
1223 2674 1342 2715 nobis
1370 2681 1409 2714 et
1436 2673 1638 2715 confessio
