1815 3184
468 221 619 256 LIBER
643 220 811 265 XXVn,
838 220 965 255 1516.
993 222 1042 264 [a.
1059 218 1193 264 e.209]
1426 196 1524 251 343'

153 325 314 367 cidebat
340 340 484 374 sonus,
512 325 697 365 traducit.
733 322 889 364 Fabius
909 337 1002 363 cum
1022 329 1061 364 et
1085 338 1136 364 ex
1161 323 1355 377 temporis
1376 322 1507 376 spatio

154 394 194 427 et
224 402 273 426 ex
305 387 465 427 silentio
496 387 604 440 ipso,
642 386 769 439 quod,
808 385 877 425 ubi
907 386 1029 439 paulo
1055 392 1148 426 ante
1180 385 1416 439 strepebant
1441 399 1510 425 ex-

154 449 325 489 citantes
351 456 628 500 vocantesque
660 448 712 488 ad
743 463 873 496 arma,
911 447 1005 488 inde
1036 448 1148 488 nulla
1178 447 1388 488 accidebat
1413 462 1506 495 vox,

153 511 350 551 deductas
378 511 585 551 custodias
612 510 828 561 sensisset,
867 509 963 549 ferri
995 509 1125 550 scalas
1158 510 1209 549 ad
1234 524 1323 550 eam
1349 516 1507 563 partem

154 573 276 621 muri,
314 587 395 625 qua
425 573 679 612 Bruttiorum
712 572 920 612 cohortem
950 571 1199 625 praesidium
1231 571 1385 626 agitare
1415 586 1509 625 pro-

153 634 317 674 ditionis
345 634 579 674 coneiliator
603 633 878 682 nuntiaverat,
904 632 1028 673 iubet.
1089 647 1137 673 ea
1161 633 1336 686 primum
1363 640 1507 686 captus

155 702 215 735 est
240 710 381 735 murus
414 695 703 736 adiuvantibus
733 694 1104 749 recipientibusque
1130 694 1301 734 Bruttiis
1333 701 1370 735 et
1401 702 1510 734 tran-

156 772 347 798 scensum
378 757 418 797 in
444 757 587 797 urbem
613 763 686 797 est.
746 757 840 796 inde
872 763 911 796 et
941 771 1142 809 proxuma
1173 756 1348 796 refracta
1376 763 1506 810 porta,

153 826 197 859 ut
222 819 424 871 frequenti
450 819 612 873 agmine
639 819 756 872 signa
780 818 1037 858 inferrentur.
1098 825 1184 858 tum
1210 818 1385 859 clamore
1412 818 1508 859 sub-

152 882 233 922 lato
265 881 342 922 sub
374 889 506 922 ortum
538 881 665 921 ferme
696 881 798 920 lucis
830 880 940 920 nullo
972 880 1093 921 obvio
1119 887 1273 921 armato
1304 881 1346 920 in
1370 881 1505 921 forum

151 943 411 997 perveniunt,
450 943 663 994 omnisque
690 942 886 994 undique,
924 942 995 994 qui
1025 942 1077 981 ad
1103 956 1237 982 arcem
1262 949 1507 996 portumque

151 1004 410 1059 pugnabant,
436 1004 479 1044 in
505 1019 548 1044 se
574 1010 874 1044 converterunt.

234 1065 359 1105 XVI.
419 1065 628 1105 Proelium
664 1065 705 1104 in
741 1065 854 1104 aditu
889 1063 967 1104 fori
1003 1064 1156 1104 maiore
1192 1064 1347 1118 impetu
1384 1079 1506 1117 quam

147 1126 452 1180 perseverantia
472 1126 739 1166 commissum
765 1133 844 1165 est:
871 1140 952 1165 non
977 1125 1130 1174 animo,
1157 1140 1238 1166 non
1263 1126 1399 1174 armis,
1425 1141 1508 1166 non

148 1194 232 1228 arte
269 1187 383 1235 belli,
420 1202 502 1227 non
539 1187 679 1241 vigore
716 1201 763 1227 ac
800 1186 954 1227 viribus
992 1187 1173 1240 corporis
1209 1202 1283 1241 par
1318 1187 1506 1227 Romano

148 1249 394 1289 Tarentinus
421 1256 516 1289 erat.
555 1248 680 1302 igitur
704 1248 796 1302 pilis
823 1255 980 1288 tantum
1006 1249 1219 1296 coniectis,
1246 1249 1357 1303 prius
1378 1264 1506 1302 paene

147 1325 271 1364 quam
297 1316 556 1351 consererent
581 1325 745 1358 manus,
784 1318 899 1365 terga
924 1310 1140 1359 dederunt,
1180 1311 1408 1365 dilapsique
1433 1326 1506 1365 per

147 1379 244 1412 nota
274 1372 385 1412 urbis
416 1372 561 1412 itinera
590 1372 632 1411 in
665 1387 760 1412 suas
791 1372 1097 1425 amicorumque
1129 1372 1287 1413 domos.
1348 1373 1428 1413 duo
1455 1388 1505 1413 ex

148 1433 322 1473 ducibus
354 1433 455 1474 Nico
488 1440 526 1473 et
550 1433 820 1473 Democrates
852 1433 1009 1473 fortiter
1038 1441 1271 1488 pugnantes
1303 1435 1505 1484 cecidere;

148 1494 433 1543 Philemenus,
461 1495 530 1547 qui
555 1495 794 1548 proditionis
821 1495 873 1535 ad
886 1495 1166 1536 Hannibalem
1192 1502 1334 1536 auctor
1358 1496 1503 1545 fuerat,

149 1571 242 1596 cum
279 1556 401 1596 citato
439 1570 543 1609 equo
581 1571 631 1596 ex
667 1557 820 1610 proelio
851 1564 1018 1597 avectus
1051 1564 1177 1605 esset,
1215 1573 1345 1611 vagus
1382 1558 1505 1611 paulo

148 1624 242 1671 post
267 1632 397 1669 equus
424 1632 562 1657 errans
588 1632 660 1671 per
684 1617 827 1658 urbem
853 1618 1060 1672 cognitus,
1099 1633 1247 1671 eorpus
1278 1634 1505 1672 numquam

148 1679 361 1719 inventum
388 1686 467 1718 est:
510 1679 707 1718 creditum
738 1679 863 1733 vulgo
889 1686 951 1719 est
980 1679 1021 1719 in
1047 1686 1215 1732 puteum
1240 1687 1427 1733 apertum
1453 1696 1504 1721 ex

148 1754 253 1793 equo
279 1740 587 1794 praecipitasse3
632 1739 924 1780 Carthalonem
949 1747 1104 1789 autem,
1142 1741 1395 1794 praefectum
1420 1742 1505 1782 Pu-

147 1802 228 1841 nici
253 1802 464 1855 praesidii,
504 1816 597 1841 cum
630 1802 1015 1842 commemoratione
1046 1802 1203 1855 paterni
1234 1803 1401 1857 hospitii
1431 1819 1504 1858 po-

149 1863 235 1903 sitis
262 1863 386 1903 armis
413 1863 645 1903 venientem
671 1863 723 1903 ad
743 1863 950 1903 consulem
970 1863 1086 1903 miles
1107 1863 1252 1905 obvius
1274 1865 1500 1906 obtruncat.

147 1925 215 1965 alii
240 1925 340 1965 alios
365 1925 520 1978 passim
547 1925 633 1965 sine
654 1925 886 1965 discrimine
905 1932 1101 1974 armatos,
1127 1926 1293 1967 inermis
1315 1928 1502 1976 caedunt,

149 1986 514 2041 Carthaginienses
554 1987 879 2039 Tarentinosque
915 1987 1076 2041 pariter.
1151 1988 1302 2029 Bruttii
1343 2004 1504 2042 quoque

147 2048 264 2087 multi
289 2048 511 2096 interfecti,
551 2062 623 2088 seu
648 2063 720 2102 per
745 2063 921 2089 errorem
954 2063 1026 2089 seu
1060 2056 1195 2090 vetere
1220 2049 1263 2089 in
1288 2065 1357 2090 eos
1382 2050 1504 2090 insito

148 2110 241 2150 odio
269 2124 341 2151 seu
366 2111 418 2150 ad
448 2111 686 2164 proditionis
718 2110 889 2159 famam,
927 2118 971 2150 ut
997 2111 1035 2150 vi
1066 2112 1201 2165 potius
1233 2119 1354 2165 atque
1381 2113 1503 2153 armis

148 2178 311 2224 captum
335 2171 560 2212 Tarentum
586 2172 808 2221 videretur,
836 2172 1168 2227 extinguendam.
1218 2180 1304 2213 tum
1330 2189 1354 2214 a
1379 2174 1502 2214 caede

149 2233 200 2272 ad
225 2232 495 2286 diripiendam
520 2233 662 2273 urbem
688 2234 930 2274 discursum.
968 2234 1080 2275 milia
1104 2234 1269 2289 triginta
1295 2235 1502 2276 servilium

149 2295 327 2347 capitum
359 2295 548 2335 (licuntur
579 2296 704 2350 capti,
743 2297 899 2350 argenti
931 2297 991 2337 vis
1023 2297 1168 2351 ingens
1201 2297 1298 2337 faeti
1335 2298 1505 2352 signati-

148 2370 245 2408 que,
273 2356 360 2396 auri
386 2357 594 2411 octoginta
620 2358 696 2398 tria
720 2358 832 2398 milia
855 2359 1006 2412 pondo,
1045 2359 1163 2413 signa
1193 2367 1314 2412 atque
1340 2360 1503 2400 tabulae

148 2432 274 2471 prope
305 2424 349 2457 ut
381 2416 683 2472 Syracusarum
715 2428 954 2461 ornamenta
983 2421 1260 2474 aequaverint.
1321 2422 1393 2462 sed
1418 2437 1504 2462 ma-

147 2479 231 2519 iore
267 2480 402 2521 animo
439 2481 602 2535 generis
640 2481 726 2521 cius
764 2482 916 2535 praeda
957 2482 1152 2523 abstinuit
1187 2482 1342 2524 Fabius
1380 2497 1503 2537 quam

146 2540 389 2590 Marcellus3
422 2543 491 2595 qui
515 2543 780 2597 interroganti
806 2543 983 2593 scribae,
1010 2544 1108 2597 quid
1126 2544 1213 2585 fieri
1234 2545 1362 2599 signis
1382 2546 1504 2586 vellet

146 2603 323 2657 ingentis
361 2605 654 2659 magnitudinis
679 2630 711 2633 —
736 2605 777 2645 di
815 2613 925 2655 sunt,
964 2621 1038 2648 suo
1073 2607 1246 2660 quisque
1283 2606 1426 2648 habitu
1460 2608 1501 2648 in

146 2667 313 2707 modum
338 2668 609 2723 pugnantium
636 2668 799 2709 formati
822 2693 872 2719 -,
911 2669 1007 2711 deos
1032 2670 1156 2711 iratos
1183 2669 1414 2711 Tarentinis
1440 2685 1502 2711 re-

1537 336 1574 365 17

1537 646 1574 674 18

1536 831 1574 859 19

1533 1263 1550 1291 [Ο
