1815 3184
336 247 418 287 464
641 250 796 285 L1BER
820 251 1025 294 xxviiii,
1050 251 1104 285 21.
1132 253 1179 293 [a.
1196 262 1230 285 u.
1246 262 1275 285 ο.
1288 249 1379 292 550]

332 356 489 396 attinet.
545 354 630 402 alii,
657 353 806 393 auditis
834 367 938 405 quae
963 352 1123 393 Romae
1149 360 1240 393 3013
1264 359 1422 402 essent,
1447 353 1490 393 in
1515 355 1681 395 exilium

330 415 548 470 Neapolim
573 422 739 455 euntem
764 414 869 454 forte
894 414 937 453 in
956 413 1009 465 Q.
1029 414 1266 462 Metellum,
1292 429 1420 454 unum
1445 429 1495 454 ex
1520 415 1681 469 legatis,

289 492 308 520 2
332 477 527 517 incidisse
554 483 595 516 et
619 476 670 516 ab
702 490 750 516 eo
775 475 956 529 Regium
986 475 1027 515 vi
1057 483 1281 515 retractum
1311 476 1494 524 tradunt,
1533 476 1601 515 alii
1631 477 1682 517 ab

331 539 421 592 ipso
450 536 643 591 Scipione
674 537 857 591 legatum
888 551 982 576 cum
1012 536 1179 590 triginta
1207 536 1474 577 nobilissimis
1501 537 1683 590 equitum

334 600 525 647 missum,
565 599 633 651 qui
658 598 910 638 Pleminium
940 598 983 638 in
1013 606 1179 639 catenas
1212 606 1251 639 et
1277 613 1370 638 cum
1395 613 1443 639 eo
1471 599 1682 640 seditionis

291 676 309 703 3
335 661 540 715 principes
579 659 825 700 eonicerent.
884 659 912 698 ii
942 674 1105 708 omnes,
1145 675 1218 700 seu
1250 668 1344 700 ante
1372 658 1577 714 Scipionis
1611 675 1685 701 seu

289 737 309 764 4
335 730 422 762 tum
445 721 646 775 praetoris
671 721 806 769 iussu,
833 720 972 761 traditi
990 720 1032 760 in
1052 721 1282 761 custodiam
1296 721 1483 775 Reginis.
1519 729 1685 775 praetor

334 783 542 838 legatique
568 783 729 823 Locros
755 782 930 837 profecti
953 782 1148 836 primam,
1175 783 1295 823 sicuti
1319 783 1558 823 mandatum
1584 792 1682 831 erat,

332 845 543 899 religionis
570 859 709 885 curam
734 844 935 884 habuere:
962 859 1126 885 omnem
1147 845 1255 885 enim
1276 859 1435 885 sacram
1452 845 1682 899 pecuniam,

334 921 522 960 quaeque
542 907 652 960 apud
671 906 922 947 Pleminium
944 921 1129 959 quaeque
1149 907 1259 960 apud
1282 906 1432 946 milites
1458 914 1562 955 erat,
1589 921 1686 947 con-

333 969 527 1021 quisitam
552 983 644 1008 cum
670 983 719 1008 03
744 982 867 1020 (1113111
891 968 970 1022 11151
991 982 1131 1008 50011111
1151 968 1372 1008 attulerant
1390 968 1432 1007 in
1452 967 1684 1009 thensauris

292 1046 311 1074 5
336 1038 609 1084 reposuerunt
636 1044 683 1070 ac
707 1030 914 1083 piaculare
947 1044 1109 1069 sacrum
1139 1030 1337 1070 fecerunt.
1398 1036 1484 1069 tum
1516 1037 1684 1070 vocatos

335 1093 386 1132 ad
417 1092 649 1132 contionem
679 1092 828 1132 milites
860 1099 1024 1145 praetor
1057 1091 1176 1145 signa
1206 1100 1322 1131 extra
1356 1092 1500 1131 urbem
1537 1091 1682 1131 efferre

334 1154 447 1194 iubet
479 1161 693 1206 castraque
718 1153 759 1192 in
785 1167 930 1206 campo
955 1153 1064 1193 locat
1088 1167 1180 1192 011111
1206 1153 1323 1206 gravi
1348 1152 1500 1200 edicto,
1533 1152 1567 1192 si
1592 1152 1682 1205 quis

333 1215 450 1255 miles
489 1222 559 1254 aut
594 1215 636 1254 in
672 1215 773 1255 urbe
808 1214 1029 1254 restitisset
1059 1221 1127 1254 aut
1160 1228 1300 1254 secum
1331 1213 1545 1254 extulisset
1574 1214 1685 1266 quod

336 1292 457 1317 suum
482 1291 564 1316 non
590 1283 720 1316 esset:
752 1276 1036 1316 Locrensibus
1063 1290 1107 1316 se
1132 1275 1387 1330 permittere,
1416 1282 1461 1314 ut
1487 1275 1597 1327 quod
1622 1275 1684 1316 sui

334 1337 507 1390 quisque
544 1344 766 1391 cognosset
801 1337 1039 1390 prenderet,
1089 1336 1123 1376 si
1165 1336 1263 1388 quid
1298 1350 1380 1376 non
1417 1345 1683 1390 compareret,

291 1414 308 1443 6
336 1399 573 1439 vindicaret.
635 1407 728 1438 ante
760 1399 897 1438 omnia
920 1398 1048 1438 libera
1074 1412 1246 1451 corpora
1269 1397 1431 1451 placere
1458 1398 1545 1438 sine
1570 1413 1685 1439 mora

332 1460 615 1501 Locrensibus
636 1460 813 1508 restitui3
840 1475 922 1500 non
942 1459 1023 1499 levi
1043 1459 1331 1498 defuncturum
1350 1473 1484 1512 poena
1509 1459 1577 1511 qui
1602 1475 1684 1500 non

290 1536 306 1563 7
332 1521 593 1561 restituisset.
656 1520 932 1561 Locrensium
964 1520 1111 1560 deinde
1137 1519 1369 1559 contionem
1395 1519 1538 1560 habuit
1563 1527 1684 1572 atque

332 1582 381 1622 iis
407 1582 638 1622 libertatem
665 1582 861 1636 legesque
888 1596 983 1622 suas
1004 1581 1202 1635 populum
1220 1581 1456 1622 Romanum
1477 1589 1685 1622 senatum-

335 1658 413 1699 que
438 1644 653 1684 restituere
680 1644 794 1684 dixit.
856 1644 889 1683 si
915 1643 983 1696 qui
1008 1643 1257 1683 Pleminium
1284 1643 1459 1684 aliumve
1491 1658 1685 1684 accusare

290 1718 309 1747 S
337 1706 478 1754 vellet,
510 1705 691 1760 Regium
717 1720 761 1746 se
788 1713 1044 1757 sequeretur3
1085 1705 1118 1745 si
1150 1705 1200 1745 de
1224 1705 1274 1745 P.
1303 1704 1497 1759 Scipione
1521 1705 1685 1760 publice

333 1768 449 1819 queri
476 1768 645 1816 vellent,
674 1783 721 1808 ea
742 1782 846 1820 (11130
866 1767 1015 1808 Locris
1041 1767 1197 1807 nefarie
1222 1767 1263 1806 in
1290 1767 1388 1808 deos
1415 1767 1685 1821 hominesque

333 1830 443 1868 facta
474 1837 614 1869 essent
643 1829 758 1869 iussu
790 1836 860 1869 aut
892 1829 1101 1870 voluntate
1125 1829 1175 1869 P.
1204 1827 1410 1883 Scipionis
1442 1829 1552 1869 facta
1577 1844 1682 1878 esse,

332 1890 492 1945 legatos
512 1891 721 1932 mitterent
742 1891 1005 1932 BIessanam:
1031 1891 1088 1931 ibi
1114 1906 1157 1932 50
1183 1905 1276 1931 011111
1302 1891 1471 1932 consilio
1497 1891 1684 1945 cognitu-

289 1966 307 1994 9
333 1966 436 1992 rum.
496 1952 733 1993 Locrenses
765 1953 944 2007 praetori
974 1953 1225 2007 legatisque,
1264 1952 1424 1993 senatui
1455 1967 1502 1992 30
1531 1953 1683 2007 populo

332 2015 522 2057 Romano
556 2017 710 2071 gratias
743 2024 934 2071 egerunt:
973 2031 1017 2057 se
1050 2016 1102 2056 ad
1126 2015 1375 2056 Pleminium
1407 2016 1683 2055 accusandum

269 2089 308 2118 10
333 2077 480 2126 ituros3
510 2077 761 2133 Scipionem,
790 2093 1039 2132 quamquam
1057 2093 1202 2132 parum
1222 2077 1378 2117 iniuriis
1394 2077 1569 2118 civitatis
1585 2092 1684 2118 suae

333 2139 526 2189 doluerit,
565 2155 660 2180 eum
692 2155 784 2181 esse
815 2140 966 2189 virum,
1004 2154 1126 2193 quem
1157 2139 1332 2180 amicum
1359 2139 1437 2179 sibi
1462 2153 1585 2192 quam
1609 2138 1685 2178 ini-

332 2200 484 2241 micum
520 2202 690 2242 mallent
727 2216 832 2243 esse.
892 2217 967 2256 pro
1004 2208 1115 2242 certo
1147 2215 1191 2241 se
1223 2200 1374 2241 habere
1406 2215 1539 2253 neque
1569 2200 1685 2241 1115511

332 2276 465 2314 110(1110
496 2263 708 2303 voluntate
733 2263 782 2304 P.
811 2261 1018 2317 Scipionis
1046 2270 1106 2303 tot
1129 2270 1214 2302 tam
1238 2262 1419 2302 nefanda
1443 2261 1681 2311 commissa3

269 2335 303 2363 11
335 2324 408 2363 scd
440 2331 510 2364 aut
532 2324 739 2365 Pleminio
770 2324 942 2364 nimium
974 2333 1044 2364 aut
1075 2324 1153 2364 sibi
1182 2339 1328 2378 parum
1359 2323 1578 2372 creditum,
1615 2332 1684 2363 aut

332 2392 478 2425 natura
508 2385 678 2426 insitum
711 2386 959 2438 quibusdam
984 2400 1093 2434 esse,
1124 2393 1169 2425 ut
1193 2385 1326 2439 magis
1353 2384 1515 2439 peccari
1538 2384 1681 2431 nolint,

333 2459 456 2498 quam
482 2447 580 2487 satis
608 2447 733 2488 animi
752 2448 804 2488 ad
822 2447 1070 2487 vindicanda
1088 2455 1259 2501 peccata
1278 2447 1470 2487 habeant.
1507 2454 1547 2487 et
1565 2461 1684 2501 prae-

335 2508 411 2547 tori
447 2516 488 2548 et
523 2509 694 2550 consilio
732 2509 843 2550 haud
878 2510 1084 2550 mediocre
1121 2524 1224 2550 onus
1262 2509 1473 2562 demptum
1511 2515 1598 2548 erat
1634 2508 1684 2548 de

270 2579 308 2607 12
337 2566 531 2622 Scipione
563 2571 861 2624 cognoscendi:
898 2571 1150 2611 Pleminium
1180 2577 1221 2611 et
1251 2570 1304 2610 ad
1334 2570 1414 2610 duo
1447 2578 1487 2610 et
1518 2568 1684 2623 triginta

334 2628 521 2670 homines
559 2644 653 2671 cum
683 2646 732 2672 eo
765 2633 1063 2672 damnaverunt
1094 2639 1216 2684 atque
1246 2631 1289 2671 in
1320 2631 1475 2672 catenis
1506 2631 1683 2671 Romam

271 2701 310 2729 13
335 2689 545 2731 miserunt.
583 2691 663 2745 ipsi
689 2692 741 2732 ad
761 2691 1000 2746 Scipionem
1024 2692 1199 2747 profecti
1225 2699 1337 2741 sunt,
1363 2699 1409 2732 ut
1432 2706 1480 2731 ea
1506 2703 1679 2742 quoque,
