1815 3184
503 236 656 271 LIBER
680 235 866 279 xxvffl,
891 234 944 268 42.
974 236 1022 277 [a.
1038 233 1173 276 0205]
1435 223 1516 264 431

251 340 505 383 XXXXII.
565 339 750 380 Externa
782 344 821 379 et
845 337 966 378 nimis
992 337 1158 389 antiqua
1182 341 1340 390 repeto:
1374 333 1519 375 Africa
1546 348 1561 377 1

166 404 310 445 eadem
336 404 414 444 ista
441 410 479 443 et
502 401 564 442 M.
590 401 764 449 Atilius,
802 399 963 454 insigne
994 399 1206 451 utriusque
1237 398 1423 438 fortunae
1450 412 1519 437 ex-

168 465 367 519 emplum,
394 463 512 505 nobis
538 463 783 503 documento
809 461 901 502 sint.
950 475 1001 501 ne
1027 460 1117 508 tibi,
1144 459 1192 500 P.
1215 458 1398 507 Corneli,
1426 473 1520 499 cum
1545 471 1563 500 2

168 542 219 567 ex
244 527 324 567 alto
344 526 533 567 AfrICam
559 523 840 578 conspexeris,
866 522 988 563 ludus
1014 529 1053 562 et
1077 522 1191 562 iocus
1217 521 1347 562 fuisse
1367 520 1522 574 Hispa-

166 589 258 629 niae
295 596 388 629 tuae
425 585 690 628 videbuntur!
751 585 850 638 quid
886 584 994 624 enim
1031 583 1187 623 simile?
1239 590 1384 636 pacato
1420 582 1521 622 mari
1547 596 1565 624 3

164 656 327 704 praeter
346 665 457 690 oram
471 648 614 689 Italiae
638 646 879 699 Galliaeque
905 652 1046 686 vectus
1066 645 1287 698 Emporias
1313 645 1354 684 in
1379 643 1521 684 urbem

169 712 372 753 sociorum
398 711 572 752 classem
592 709 785 764 adpulisti
794 725 803 758 3
832 708 1040 762 expositos
1060 707 1208 747 milites
1228 721 1301 760 per
1319 706 1523 746 tutissima

168 773 221 813 ad
252 773 383 813 socios
416 779 456 813 et
485 772 639 812 amicos
671 770 811 825 populi
835 769 1013 810 Romani
1039 768 1315 808 Tarraconem
1347 767 1521 815 duxisti3

168 835 219 875 ab
257 835 489 876 Tarracone
525 834 672 874 deinde
708 833 784 872 iter
818 846 891 885 per
925 830 1129 884 praesidia
1164 830 1373 878 Romana3
1416 829 1523 868 circa
1548 843 1567 870 4

167 896 372 938 Hiberum
403 896 605 936 exercitus
637 895 762 948 patris
794 893 1010 946 patruique
1041 892 1099 931 tui
1129 898 1222 944 post
1247 891 1422 931 amissos
1448 890 1524 929 im-

166 965 373 1012 peratores
399 957 618 998 ferociores
645 963 683 996 et
709 955 938 995 calamitate
970 954 1058 1006 ipsa
1068 969 1078 1001 3
1116 953 1201 992 dux
1232 952 1521 992 tumultuarius
1549 967 1567 994 5

167 1020 333 1072 quidem
369 1019 436 1058 ille
467 1019 520 1058 L.
547 1017 731 1057 Marcius
769 1023 809 1055 et
843 1015 1008 1054 militari
1044 1014 1240 1067 suffragio
1279 1014 1330 1053 ad
1361 1020 1523 1066 tempus

167 1082 315 1128 lectus,
353 1087 533 1120 ceterum
565 1079 600 1118 si
629 1077 820 1118 nobilitas
852 1091 899 1116 ac
931 1076 1027 1116 iusti
1058 1075 1233 1115 honores
1265 1075 1522 1122 adornarent,

167 1142 284 1182 claris
322 1139 637 1194 imperatoribus
675 1137 856 1191 qualibet
892 1144 977 1177 arte
1013 1136 1110 1177 belli
1145 1151 1241 1189 par3
1286 1141 1524 1189 oppugnata

166 1218 238 1257 per
285 1217 492 1243 summum
534 1201 661 1241 otium
706 1199 916 1253 Carthago
957 1197 1070 1238 nullo
1113 1197 1235 1238 trium
1270 1197 1523 1237 Punicorum

168 1265 421 1305 exercituum
458 1264 592 1305 socios
630 1262 895 1311 defendenteg
944 1267 1098 1309 cetera,
1141 1274 1275 1313 neque
1312 1275 1360 1300 ea
1396 1259 1524 1308 elevo,
1551 1274 1569 1303 G

166 1326 277 1367 nullo
303 1332 440 1367 tamen
464 1326 587 1366 modo
607 1324 752 1365 Africo
778 1323 885 1365 bello
911 1322 1203 1376 comparanda,
1230 1321 1301 1362 ubi
1326 1336 1407 1362 non
1432 1336 1526 1375 por-

166 1395 231 1428 tus
264 1387 370 1428 ullus
404 1387 527 1429 classi
558 1393 722 1428 nostrae
754 1391 937 1439 apertus,
969 1399 1051 1425 non
1076 1398 1175 1438 ager
1199 1390 1383 1437 pacatus.
1443 1397 1526 1423 11011

167 1450 310 1490 civitas
349 1449 476 1497 socia,
514 1463 596 1489 non
626 1463 699 1488 rex
728 1447 904 1496 amicus,
941 1461 1025 1487 non
1061 1445 1312 1486 consistendi
1348 1443 1523 1497 usquam

167 1511 299 1558 locus,
327 1525 409 1550 non
432 1510 697 1564 procedendi:
724 1523 984 1562 quacumque
1010 1507 1370 1561 circumspexeris,
1397 1506 1525 1546 hosti·
1553 1521 1567 1549 ῖ

168 1574 222 1613 lia
246 1573 382 1614 omnia
407 1579 530 1624 atque
554 1572 716 1612 infesta.
777 1587 829 1612 an
856 1571 1039 1625 Syphaci
1063 1570 1336 1622 Numidisque
1368 1569 1526 1609 credis?

170 1635 267 1675 satis
295 1635 346 1675 sit
372 1633 498 1674 semel
523 1634 739 1674 creditum:
765 1648 848 1673 non
869 1647 1030 1686 semper
1050 1632 1255 1680 temeritas
1276 1638 1337 1672 est
1363 1631 1462 1671 felix
1488 1637 1527 1671 et

168 1697 281 1737 fraus
307 1696 430 1736 fidem
454 1696 496 1735 111
521 1695 658 1749 parvis
685 1694 763 1735 sibi
786 1694 1024 1748 praestruit,
1052 1700 1115 1742 ut,
1143 1708 1237 1733 cum
1263 1708 1410 1747 operae
1436 1707 1527 1746 pre-

169 1759 270 1798 tium
297 1758 365 1806 sit,
398 1771 491 1797 cum
517 1756 705 1797 mercede
730 1771 881 1810 magna
905 1756 1032 1795 fallat.
1094 1770 1176 1795 non
1207 1755 1336 1795 hostis
1368 1762 1524 1808 patrem
1551 1767 1570 1797 8

168 1827 440 1874 patruumque
466 1826 581 1858 tuum
608 1818 730 1859 armis
756 1818 868 1872 prius
895 1832 1020 1870 quam
1043 1815 1240 1857 Celtiberi
1262 1817 1361 1857 socii
1381 1816 1526 1857 fraude

169 1882 523 1922 circumvenerunt
559 1895 633 1921 nec
670 1880 742 1920 tibi
779 1879 858 1933 ipsi
894 1895 918 1919 a
954 1879 1136 1934 Magone
1173 1885 1212 1919 et
1248 1878 1524 1926 Hasdrubale,

170 1943 350 1984 hostium
380 1942 574 1990 ducibus,
612 1948 811 1994 quantum
843 1940 894 1981 ab
926 1940 1102 1981 Indibile
1134 1947 1172 1980 et
1202 1939 1448 1989 Mandonio,
1485 1940 1527 1979 in

170 2005 293 2045 fidem
319 2004 517 2058 acceptis,
550 2003 719 2058 periculi
750 2002 839 2043 fuit.
900 2002 1090 2042 Numidis
1123 2008 1167 2042 tu
1199 2002 1362 2042 credere
1394 2010 1524 2056 potes,
1553 2014 1570 2043 9

171 2066 443 2106 defectionem
469 2066 643 2105 militum
669 2072 831 2105 tuorum
857 2063 1075 2118 expertus?
1106 2070 1144 2103 et
1172 2061 1345 2117 Syphax
1371 2070 1410 2102 et
1434 2062 1528 2102 Ma-

172 2127 321 2167 sinissa
347 2141 389 2167 se
415 2141 539 2180 quam
562 2126 916 2180 Carthaginiensis
942 2125 1099 2165 malunt
1123 2125 1299 2178 potentis
1320 2125 1361 2164 in
1382 2124 1527 2164 Africa
1556 2170 1562 2175 ⁴

172 2204 281 2237 esse,
311 2188 666 2243 Carthaginiensis
692 2203 815 2241 quam
841 2202 1091 2240 quemquam
1116 2187 1253 2227 alium.
1303 2200 1411 2226 nunc
1435 2185 1526 2226 illos
1556 2200 1594 2228 10

173 2251 391 2292 aemulatio
421 2251 526 2290 inter
557 2265 601 2290 se
633 2257 673 2291 et
703 2265 845 2290 omnes
878 2264 1026 2290 causae
1057 2248 1326 2289 certaminum
1362 2255 1526 2297 acuunt,

172 2313 269 2366 quia
292 2312 434 2367 procul
460 2319 650 2353 externus
677 2320 810 2352 metus
837 2319 916 2360 est;
950 2311 1118 2352 ostende
1138 2310 1326 2351 Romana
1351 2325 1463 2350 arina
1489 2316 1529 2349 et

172 2374 395 2415 exercitum
421 2373 715 2428 alienigenam,
743 2373 854 2413 velut
874 2373 926 2413 ad
946 2387 1162 2413 commune
1187 2371 1527 2426 restinguendum

171 2436 405 2477 incendium
443 2443 696 2476 concurrent.
757 2435 873 2475 aliter
908 2435 1041 2475 eidem
1071 2434 1129 2474 illi
1163 2433 1526 2488 Carthaginienses
1555 2446 1591 2475 11

171 2498 421 2552 Hispaniam
463 2498 753 2545 defenderunt,
803 2497 919 2537 aliter
953 2496 1116 2537 moenia
1151 2497 1326 2550 patriae,
1376 2495 1529 2549 templa

172 2561 315 2610 deum,
353 2576 444 2600 aras
477 2567 516 2600 et
547 2560 661 2601 focos
693 2559 932 2607 defendent,
973 2573 1066 2598 oum
1099 2558 1231 2598 euntis
1262 2558 1304 2598 in
1328 2557 1526 2612 proelium

172 2623 323 2677 pavida
352 2628 623 2676 prosequetur
654 2621 832 2663 coniunx
863 2627 902 2661 et
937 2620 1053 2674 parvi
1088 2619 1205 2660 liberi
1241 2618 1524 2660 occursabunt.

172 2685 271 2737 quid
311 2684 456 2738 porro?
510 2684 545 2724 si
588 2684 686 2725 satis
728 2682 872 2726 confisi
915 2681 1279 2735 Carthaginienses
1322 2696 1526 2722 consensu
1555 2694 1592 2724 12
