<?xml version="1.0" encoding="UTF-8"?>
<!DOCTYPE html PUBLIC "-//W3C//DTD XHTML 1.0 Transitional//EN"
    "http://www.w3.org/TR/xhtml1/DTD/xhtml1-transitional.dtd">
<html xmlns="http://www.w3.org/1999/xhtml" xml:lang="en" lang="en">
 <head>
  <title>
</title>
<meta http-equiv="Content-Type" content="text/html;charset=utf-8" />
  <meta name='ocr-system' content='tesseract 3.04.00' />
  <meta name='ocr-capabilities' content='ocr_page ocr_carea ocr_par ocr_line ocrx_word'/>
</head>
<body>
  <div class='ocr_page' id='page_1' title='image "./aburbeconditalib02livyuoft_0333.png"; bbox 0 0 1815 3184; ppageno 0'>
   <div class='ocr_carea' id='block_1_1' title="bbox 537 211 1556 269">
    <p class='ocr_par' dir='ltr' id='par_1_1' title="bbox 537 211 1556 269">
     <span class='ocr_line' id='line_1_1' title="bbox 537 211 1556 269; baseline -0.011 -8"><span class='ocrx_word' id='word_1_1' title='bbox 537 227 688 261; x_wconf 80' lang='lat' dir='ltr'><strong>LIBER</strong></span> <span class='ocrx_word' id='word_1_2' title='bbox 713 226 842 269; x_wconf 76' lang='lat' dir='ltr'>xxv,</span> <span class='ocrx_word' id='word_1_3' title='bbox 870 225 996 259; x_wconf 83' lang='lat'>13.14.</span> <span class='ocrx_word' id='word_1_4' title='bbox 1025 227 1073 267; x_wconf 81' lang='lat' dir='ltr'>[a.</span> <span class='ocrx_word' id='word_1_5' title='bbox 1090 222 1128 257; x_wconf 81' lang='lat' dir='ltr'>e.</span> <span class='ocrx_word' id='word_1_6' title='bbox 1142 223 1224 266; x_wconf 76' lang='lat'>212]</span> <span class='ocrx_word' id='word_1_7' title='bbox 1474 211 1556 251; x_wconf 80' lang='grc'>229</span> 
     </span>
    </p>
   </div>
   <div class='ocr_carea' id='block_1_2' title="bbox 199 322 1558 380">
    <p class='ocr_par' dir='ltr' id='par_1_2' title="bbox 199 322 1558 380">
     <span class='ocr_line' id='line_1_2' title="bbox 199 322 1558 380; baseline -0.008 -7"><span class='ocrx_word' id='word_1_8' title='bbox 199 332 397 380; x_wconf 83' lang='lat' dir='ltr'>exercitu,</span> <span class='ocrx_word' id='word_1_9' title='bbox 436 330 685 371; x_wconf 66' lang='lat' dir='ltr'>vitabundus</span> <span class='ocrx_word' id='word_1_10' title='bbox 719 335 852 370; x_wconf 89' lang='lat' dir='ltr'>castra</span> <span class='ocrx_word' id='word_1_11' title='bbox 882 327 1063 368; x_wconf 88' lang='lat' dir='ltr'>hostium</span> <span class='ocrx_word' id='word_1_12' title='bbox 1095 325 1384 378; x_wconf 80' lang='lat' dir='ltr'>consulesque,</span> <span class='ocrx_word' id='word_1_13' title='bbox 1422 323 1491 377; x_wconf 92' lang='lat' dir='ltr'>qui</span> <span class='ocrx_word' id='word_1_14' title='bbox 1516 322 1558 362; x_wconf 92' lang='lat' dir='ltr'>in</span> 
     </span>
    </p>
   </div>
   <div class='ocr_carea' id='block_1_3' title="bbox 200 384 1602 442">
    <p class='ocr_par' dir='ltr' id='par_1_3' title="bbox 200 384 1602 442">
     <span class='ocr_line' id='line_1_3' title="bbox 200 384 1602 442; baseline -0.006 -7"><span class='ocrx_word' id='word_1_15' title='bbox 200 393 370 436; x_wconf 85' lang='lat' dir='ltr'>Samnio</span> <span class='ocrx_word' id='word_1_16' title='bbox 401 400 533 442; x_wconf 86' lang='lat' dir='ltr'>erant,</span> <span class='ocrx_word' id='word_1_17' title='bbox 572 407 665 432; x_wconf 89' lang='lat' dir='ltr'>eum</span> <span class='ocrx_word' id='word_1_18' title='bbox 698 391 936 431; x_wconf 79' lang='lat' dir='ltr'>Benevento</span> <span class='ocrx_word' id='word_1_19' title='bbox 967 389 1050 429; x_wconf 85' lang='lat' dir='ltr'>iam</span> <span class='ocrx_word' id='word_1_20' title='bbox 1081 387 1443 442; x_wconf 84' lang='lat' dir='ltr'>adpropinquaret,</span> <span class='ocrx_word' id='word_1_21' title='bbox 1482 384 1558 425; x_wconf 86' lang='lat' dir='ltr'>tria</span> <span class='ocrx_word' id='word_1_22' title='bbox 1584 399 1602 426; x_wconf 83' lang='lat'>5</span> 
     </span>
    </p>
   </div>
   <div class='ocr_carea' id='block_1_4' title="bbox 193 446 1560 2731">
    <p class='ocr_par' dir='ltr' id='par_1_4' title="bbox 193 446 1560 2731">
     <span class='ocr_line' id='line_1_4' title="bbox 198 446 1559 510; baseline -0.008 -13"><span class='ocrx_word' id='word_1_23' title='bbox 198 456 308 496; x_wconf 86' lang='lat' dir='ltr'>milia</span> <span class='ocrx_word' id='word_1_24' title='bbox 333 470 530 510; x_wconf 80' lang='lat' dir='ltr'>passuum</span> <span class='ocrx_word' id='word_1_25' title='bbox 557 453 607 494; x_wconf 89' lang='lat' dir='ltr'>ab</span> <span class='ocrx_word' id='word_1_26' title='bbox 633 454 724 507; x_wconf 86' lang='lat' dir='ltr'>ipsa</span> <span class='ocrx_word' id='word_1_27' title='bbox 747 451 848 492; x_wconf 89' lang='lat' dir='ltr'>urbe</span> <span class='ocrx_word' id='word_1_28' title='bbox 873 451 963 492; x_wconf 90' lang='lat' dir='ltr'>loco</span> <span class='ocrx_word' id='word_1_29' title='bbox 989 450 1097 491; x_wconf 89' lang='lat' dir='ltr'>edito</span> <span class='ocrx_word' id='word_1_30' title='bbox 1123 456 1256 490; x_wconf 84' lang='lat' dir='ltr'>castra</span> <span class='ocrx_word' id='word_1_31' title='bbox 1280 448 1436 502; x_wconf 86' lang='lat' dir='ltr'>posuit3</span> <span class='ocrx_word' id='word_1_32' title='bbox 1462 446 1559 486; x_wconf 88' lang='lat' dir='ltr'>inde</span> 
     </span>
     <span class='ocr_line' id='line_1_5' title="bbox 198 515 1554 569; baseline -0.008 -10"><span class='ocrx_word' id='word_1_33' title='bbox 198 533 249 558; x_wconf 77' lang='lat' dir='ltr'>ex</span> <span class='ocrx_word' id='word_1_34' title='bbox 286 518 406 558; x_wconf 85' lang='lat' dir='ltr'>sociis</span> <span class='ocrx_word' id='word_1_35' title='bbox 444 516 552 557; x_wconf 87' lang='lat' dir='ltr'>circa</span> <span class='ocrx_word' id='word_1_36' title='bbox 588 515 769 569; x_wconf 88' lang='lat' dir='ltr'>populis,</span> <span class='ocrx_word' id='word_1_37' title='bbox 808 528 889 566; x_wconf 89' lang='lat' dir='ltr'>quo</span> <span class='ocrx_word' id='word_1_38' title='bbox 927 518 1082 553; x_wconf 78' lang='lat' dir='ltr'>aestate</span> <span class='ocrx_word' id='word_1_39' title='bbox 1120 517 1419 565; x_wconf 82' lang='lat' dir='ltr'>comportatum</span> <span class='ocrx_word' id='word_1_40' title='bbox 1456 515 1554 557; x_wconf 85' lang='lat' dir='ltr'>erat,</span> 
     </span>
     <span class='ocr_line' id='line_1_6' title="bbox 198 572 1557 627; baseline -0.007 -8"><span class='ocrx_word' id='word_1_41' title='bbox 198 579 344 619; x_wconf 81' lang='lat' dir='ltr'>devehi</span> <span class='ocrx_word' id='word_1_42' title='bbox 374 578 626 619; x_wconf 88' lang='lat' dir='ltr'>frumentum</span> <span class='ocrx_word' id='word_1_43' title='bbox 657 577 698 616; x_wconf 90' lang='lat' dir='ltr'>in</span> <span class='ocrx_word' id='word_1_44' title='bbox 730 583 865 616; x_wconf 84' lang='lat' dir='ltr'>castra</span> <span class='ocrx_word' id='word_1_45' title='bbox 894 574 1013 615; x_wconf 88' lang='lat' dir='ltr'>iussit</span> <span class='ocrx_word' id='word_1_46' title='bbox 1043 573 1258 627; x_wconf 85' lang='lat' dir='ltr'>praesidiis</span> <span class='ocrx_word' id='word_1_47' title='bbox 1290 572 1414 619; x_wconf 88' lang='lat' dir='ltr'>datis,</span> <span class='ocrx_word' id='word_1_48' title='bbox 1452 584 1557 623; x_wconf 89' lang='lat' dir='ltr'>quae</span> 
     </span>
     <span class='ocr_line' id='line_1_7' title="bbox 201 633 1558 693; baseline -0.007 -12"><span class='ocrx_word' id='word_1_49' title='bbox 201 648 449 682; x_wconf 80' lang='lat' dir='ltr'>commeatus</span> <span class='ocrx_word' id='word_1_50' title='bbox 487 655 557 680; x_wconf 85' lang='lat' dir='ltr'>eos</span> <span class='ocrx_word' id='word_1_51' title='bbox 594 646 949 693; x_wconf 81' lang='lat' dir='ltr'>prosequerentur.</span> <span class='ocrx_word' id='word_1_52' title='bbox 1012 635 1200 689; x_wconf 84' lang='lat' dir='ltr'>Capuam</span> <span class='ocrx_word' id='word_1_53' title='bbox 1238 634 1332 674; x_wconf 88' lang='lat' dir='ltr'>inde</span> <span class='ocrx_word' id='word_1_54' title='bbox 1369 633 1558 673; x_wconf 88' lang='lat' dir='ltr'>nuntium</span> 
     </span>
     <span class='ocr_line' id='line_1_8' title="bbox 198 696 1559 755; baseline -0.007 -12"><span class='ocrx_word' id='word_1_55' title='bbox 198 703 325 749; x_wconf 79' lang='lat' dir='ltr'>misit,</span> <span class='ocrx_word' id='word_1_56' title='bbox 352 716 434 755; x_wconf 89' lang='lat' dir='ltr'>qua</span> <span class='ocrx_word' id='word_1_57' title='bbox 458 702 523 741; x_wconf 89' lang='lat' dir='ltr'>die</span> <span class='ocrx_word' id='word_1_58' title='bbox 548 701 589 741; x_wconf 91' lang='lat' dir='ltr'>in</span> <span class='ocrx_word' id='word_1_59' title='bbox 616 700 759 740; x_wconf 84' lang='lat' dir='ltr'>castris</span> <span class='ocrx_word' id='word_1_60' title='bbox 787 700 839 740; x_wconf 85' lang='lat' dir='ltr'>ad</span> <span class='ocrx_word' id='word_1_61' title='bbox 863 698 1147 752; x_wconf 87' lang='lat' dir='ltr'>accipiendum</span> <span class='ocrx_word' id='word_1_62' title='bbox 1167 696 1416 737; x_wconf 88' lang='lat' dir='ltr'>frumentum</span> <span class='ocrx_word' id='word_1_63' title='bbox 1442 708 1559 748; x_wconf 90' lang='lat' dir='ltr'>prae-</span> 
     </span>
     <span class='ocr_line' id='line_1_9' title="bbox 199 758 1560 815; baseline -0.007 -11"><span class='ocrx_word' id='word_1_64' title='bbox 199 772 260 804; x_wconf 90' lang='lat' dir='ltr'>sto</span> <span class='ocrx_word' id='word_1_65' title='bbox 287 770 423 805; x_wconf 87' lang='lat' dir='ltr'>essent</span> <span class='ocrx_word' id='word_1_66' title='bbox 449 763 559 803; x_wconf 90' lang='lat' dir='ltr'>omni</span> <span class='ocrx_word' id='word_1_67' title='bbox 584 762 765 814; x_wconf 88' lang='lat' dir='ltr'>undique</span> <span class='ocrx_word' id='word_1_68' title='bbox 790 774 939 815; x_wconf 80' lang='lat' dir='ltr'>genere</span> <span class='ocrx_word' id='word_1_69' title='bbox 959 759 1240 799; x_wconf 88' lang='lat' dir='ltr'>vehiculorum</span> <span class='ocrx_word' id='word_1_70' title='bbox 1265 758 1560 797; x_wconf 87' lang='lat' dir='ltr'>iumentorum-</span> 
     </span>
     <span class='ocr_line' id='line_1_10' title="bbox 198 818 1558 879; baseline -0.006 -14"><span class='ocrx_word' id='word_1_71' title='bbox 198 840 277 878; x_wconf 86' lang='lat' dir='ltr'>que</span> <span class='ocrx_word' id='word_1_72' title='bbox 303 840 354 866; x_wconf 81' lang='lat' dir='ltr'>ex</span> <span class='ocrx_word' id='word_1_73' title='bbox 379 825 488 879; x_wconf 85' lang='lat' dir='ltr'>agris</span> <span class='ocrx_word' id='word_1_74' title='bbox 515 830 736 864; x_wconf 74' lang='lat' dir='ltr'>contracto,</span> <span class='ocrx_word' id='word_1_75' title='bbox 802 823 844 862; x_wconf 88' lang='lat' dir='ltr'>id</span> <span class='ocrx_word' id='word_1_76' title='bbox 868 836 941 876; x_wconf 90' lang='lat' dir='ltr'>pro</span> <span class='ocrx_word' id='word_1_77' title='bbox 967 828 1101 861; x_wconf 85' lang='lat' dir='ltr'>cetera</span> <span class='ocrx_word' id='word_1_78' title='bbox 1128 820 1313 861; x_wconf 83' lang='lat' dir='ltr'>socordia</span> <span class='ocrx_word' id='word_1_79' title='bbox 1337 818 1558 873; x_wconf 86' lang='lat' dir='ltr'>neglegen-</span> 
     </span>
     <span class='ocr_line' id='line_1_11' title="bbox 197 879 1559 941; baseline -0.007 -13"><span class='ocrx_word' id='word_1_80' title='bbox 197 888 333 941; x_wconf 88' lang='lat' dir='ltr'>tiaque</span> <span class='ocrx_word' id='word_1_81' title='bbox 359 903 383 927; x_wconf 86' lang='lat' dir='ltr'>a</span> <span class='ocrx_word' id='word_1_82' title='bbox 410 886 634 941; x_wconf 84' lang='lat' dir='ltr'>Campanis</span> <span class='ocrx_word' id='word_1_83' title='bbox 661 892 816 926; x_wconf 86' lang='lat' dir='ltr'>actum:</span> <span class='ocrx_word' id='word_1_84' title='bbox 854 884 976 937; x_wconf 86' lang='lat' dir='ltr'>paulo</span> <span class='ocrx_word' id='word_1_85' title='bbox 1001 883 1093 937; x_wconf 91' lang='lat' dir='ltr'>plus</span> <span class='ocrx_word' id='word_1_86' title='bbox 1121 882 1421 935; x_wconf 82' lang='lat' dir='ltr'>quadringenta</span> <span class='ocrx_word' id='word_1_87' title='bbox 1445 879 1559 919; x_wconf 78' lang='lat' dir='ltr'>vehi-</span> 
     </span>
     <span class='ocr_line' id='line_1_12' title="bbox 197 940 1558 1001; baseline -0.007 -12"><span class='ocrx_word' id='word_1_88' title='bbox 197 949 288 989; x_wconf 84' lang='lat' dir='ltr'>cula</span> <span class='ocrx_word' id='word_1_89' title='bbox 319 949 446 989; x_wconf 85' lang='lat' dir='ltr'>missa</span> <span class='ocrx_word' id='word_1_90' title='bbox 477 955 516 988; x_wconf 89' lang='lat' dir='ltr'>et</span> <span class='ocrx_word' id='word_1_91' title='bbox 546 962 678 1001; x_wconf 82' lang='lat' dir='ltr'>pauca</span> <span class='ocrx_word' id='word_1_92' title='bbox 708 953 919 1000; x_wconf 86' lang='lat' dir='ltr'>praeterea</span> <span class='ocrx_word' id='word_1_93' title='bbox 948 945 1141 984; x_wconf 87' lang='lat' dir='ltr'>iumenta.</span> <span class='ocrx_word' id='word_1_94' title='bbox 1198 942 1250 983; x_wconf 91' lang='lat' dir='ltr'>ob</span> <span class='ocrx_word' id='word_1_95' title='bbox 1276 943 1318 982; x_wconf 87' lang='lat' dir='ltr'>id</span> <span class='ocrx_word' id='word_1_96' title='bbox 1348 940 1558 995; x_wconf 85' lang='lat' dir='ltr'>castigatis</span> 
     </span>
     <span class='ocr_line' id='line_1_13' title="bbox 197 1006 1559 1061; baseline -0.007 -9"><span class='ocrx_word' id='word_1_97' title='bbox 197 1011 247 1052; x_wconf 90' lang='lat' dir='ltr'>ab</span> <span class='ocrx_word' id='word_1_98' title='bbox 284 1011 508 1057; x_wconf 86' lang='lat' dir='ltr'>Hannone,</span> <span class='ocrx_word' id='word_1_99' title='bbox 546 1009 655 1061; x_wconf 88' lang='lat' dir='ltr'>quod</span> <span class='ocrx_word' id='word_1_100' title='bbox 693 1022 743 1047; x_wconf 90' lang='lat' dir='ltr'>nc</span> <span class='ocrx_word' id='word_1_101' title='bbox 780 1007 912 1047; x_wconf 89' lang='lat' dir='ltr'>fames</span> <span class='ocrx_word' id='word_1_102' title='bbox 949 1006 1134 1058; x_wconf 89' lang='lat' dir='ltr'>quidem,</span> <span class='ocrx_word' id='word_1_103' title='bbox 1179 1019 1283 1057; x_wconf 89' lang='lat' dir='ltr'>quae</span> <span class='ocrx_word' id='word_1_104' title='bbox 1320 1010 1454 1043; x_wconf 87' lang='lat' dir='ltr'>mutas</span> <span class='ocrx_word' id='word_1_105' title='bbox 1492 1016 1559 1042; x_wconf 83' lang='lat' dir='ltr'>ac-</span> 
     </span>
     <span class='ocr_line' id='line_1_14' title="bbox 196 1065 1558 1120; baseline -0.007 -7"><span class='ocrx_word' id='word_1_106' title='bbox 196 1073 386 1113; x_wconf 84' lang='lat' dir='ltr'>cenderet</span> <span class='ocrx_word' id='word_1_107' title='bbox 410 1071 583 1118; x_wconf 84' lang='lat' dir='ltr'>bestias,</span> <span class='ocrx_word' id='word_1_108' title='bbox 611 1084 750 1109; x_wconf 86' lang='lat' dir='ltr'>curam</span> <span class='ocrx_word' id='word_1_109' title='bbox 778 1083 916 1108; x_wconf 89' lang='lat' dir='ltr'>eorum</span> <span class='ocrx_word' id='word_1_110' title='bbox 945 1067 1154 1107; x_wconf 88' lang='lat' dir='ltr'>stimulare</span> <span class='ocrx_word' id='word_1_111' title='bbox 1180 1072 1334 1120; x_wconf 88' lang='lat' dir='ltr'>posset,</span> <span class='ocrx_word' id='word_1_112' title='bbox 1361 1065 1440 1104; x_wconf 90' lang='lat' dir='ltr'>alia</span> <span class='ocrx_word' id='word_1_113' title='bbox 1465 1078 1558 1117; x_wconf 90' lang='lat' dir='ltr'>pro-</span> 
     </span>
     <span class='ocr_line' id='line_1_15' title="bbox 195 1127 1558 1182; baseline -0.006 -9"><span class='ocrx_word' id='word_1_114' title='bbox 195 1134 304 1174; x_wconf 87' lang='lat' dir='ltr'>dicta</span> <span class='ocrx_word' id='word_1_115' title='bbox 329 1133 416 1172; x_wconf 87' lang='lat' dir='ltr'>dies</span> <span class='ocrx_word' id='word_1_116' title='bbox 443 1132 495 1172; x_wconf 89' lang='lat' dir='ltr'>ad</span> <span class='ocrx_word' id='word_1_117' title='bbox 520 1132 771 1171; x_wconf 88' lang='lat' dir='ltr'>frumentum</span> <span class='ocrx_word' id='word_1_118' title='bbox 803 1130 955 1170; x_wconf 87' lang='lat' dir='ltr'>maiore</span> <span class='ocrx_word' id='word_1_119' title='bbox 987 1134 1188 1182; x_wconf 89' lang='lat' dir='ltr'>apparatu</span> <span class='ocrx_word' id='word_1_120' title='bbox 1212 1127 1449 1181; x_wconf 84' lang='lat' dir='ltr'>petendum.</span> <span class='ocrx_word' id='word_1_121' title='bbox 1510 1140 1558 1165; x_wconf 88' lang='lat' dir='ltr'>ea</span> 
     </span>
     <span class='ocr_line' id='line_1_16' title="bbox 195 1189 1558 1236; baseline -0.005 -1"><span class='ocrx_word' id='word_1_122' title='bbox 195 1195 331 1236; x_wconf 86' lang='lat' dir='ltr'>omnia</span> <span class='ocrx_word' id='word_1_123' title='bbox 358 1195 461 1235; x_wconf 89' lang='lat' dir='ltr'>sicut</span> <span class='ocrx_word' id='word_1_124' title='bbox 488 1201 578 1234; x_wconf 90' lang='lat' dir='ltr'>acta</span> <span class='ocrx_word' id='word_1_125' title='bbox 604 1199 718 1233; x_wconf 85' lang='lat' dir='ltr'>erant</span> <span class='ocrx_word' id='word_1_126' title='bbox 743 1207 836 1233; x_wconf 86' lang='lat' dir='ltr'>cum</span> <span class='ocrx_word' id='word_1_127' title='bbox 857 1192 1066 1232; x_wconf 84' lang='lat' dir='ltr'>enuntiata</span> <span class='ocrx_word' id='word_1_128' title='bbox 1079 1189 1384 1230; x_wconf 79' lang='lat' dir='ltr'>Beneventanis</span> <span class='ocrx_word' id='word_1_129' title='bbox 1406 1195 1558 1236; x_wconf 89' lang='lat' dir='ltr'>essent,</span> 
     </span>
     <span class='ocr_line' id='line_1_17' title="bbox 193 1249 1559 1312; baseline -0.006 -15"><span class='ocrx_word' id='word_1_130' title='bbox 193 1258 351 1312; x_wconf 86' lang='lat' dir='ltr'>legatos</span> <span class='ocrx_word' id='word_1_131' title='bbox 377 1257 519 1296; x_wconf 85' lang='lat' dir='ltr'>decem</span> <span class='ocrx_word' id='word_1_132' title='bbox 546 1254 750 1309; x_wconf 81' lang='lat' dir='ltr'>extemplo</span> <span class='ocrx_word' id='word_1_133' title='bbox 777 1254 829 1294; x_wconf 88' lang='lat' dir='ltr'>ad</span> <span class='ocrx_word' id='word_1_134' title='bbox 855 1253 1044 1295; x_wconf 87' lang='lat' dir='ltr'>consules</span> <span class='ocrx_word' id='word_1_135' title='bbox 1071 1253 1179 1293; x_wconf 81' lang='lat' dir='ltr'>circa</span> <span class='ocrx_word' id='word_1_136' title='bbox 1203 1251 1456 1299; x_wconf 66' lang='lat' dir='ltr'>Bovianum,</span> <span class='ocrx_word' id='word_1_137' title='bbox 1488 1249 1559 1290; x_wconf 88' lang='lat' dir='ltr'>ubi</span> 
     </span>
     <span class='ocr_line' id='line_1_18' title="bbox 195 1311 1556 1368; baseline -0.006 -9"><span class='ocrx_word' id='word_1_138' title='bbox 195 1325 328 1360; x_wconf 88' lang='lat' dir='ltr'>castra</span> <span class='ocrx_word' id='word_1_139' title='bbox 364 1318 645 1358; x_wconf 85' lang='lat' dir='ltr'>Romanorum</span> <span class='ocrx_word' id='word_1_140' title='bbox 683 1323 815 1365; x_wconf 90' lang='lat' dir='ltr'>erant,</span> <span class='ocrx_word' id='word_1_141' title='bbox 863 1316 1076 1356; x_wconf 86' lang='lat' dir='ltr'>miserunt.</span> <span class='ocrx_word' id='word_1_142' title='bbox 1150 1314 1220 1368; x_wconf 93' lang='lat' dir='ltr'>qui</span> <span class='ocrx_word' id='word_1_143' title='bbox 1264 1328 1357 1354; x_wconf 89' lang='lat' dir='ltr'>cum</span> <span class='ocrx_word' id='word_1_144' title='bbox 1394 1311 1556 1360; x_wconf 87' lang='lat' dir='ltr'>auditis,</span> 
     </span>
     <span class='ocr_line' id='line_1_19' title="bbox 195 1378 1559 1433; baseline -0.004 -13"><span class='ocrx_word' id='word_1_145' title='bbox 195 1395 300 1433; x_wconf 85' lang='lat' dir='ltr'>quae</span> <span class='ocrx_word' id='word_1_146' title='bbox 336 1381 388 1420; x_wconf 86' lang='lat' dir='ltr'>ad</span> <span class='ocrx_word' id='word_1_147' title='bbox 421 1379 610 1433; x_wconf 86' lang='lat' dir='ltr'>Capuam</span> <span class='ocrx_word' id='word_1_148' title='bbox 647 1386 882 1433; x_wconf 83' lang='lat' dir='ltr'>agerentur,</span> <span class='ocrx_word' id='word_1_149' title='bbox 926 1378 1032 1418; x_wconf 91' lang='lat' dir='ltr'>inter</span> <span class='ocrx_word' id='word_1_150' title='bbox 1068 1392 1111 1417; x_wconf 88' lang='lat' dir='ltr'>se</span> <span class='ocrx_word' id='word_1_151' title='bbox 1148 1382 1476 1430; x_wconf 84' lang='lat' dir='ltr'>comparassent,</span> <span class='ocrx_word' id='word_1_152' title='bbox 1516 1380 1559 1413; x_wconf 89' lang='lat' dir='ltr'>ut</span> 
     </span>
     <span class='ocr_line' id='line_1_20' title="bbox 196 1436 1560 1494; baseline -0.004 -12"><span class='ocrx_word' id='word_1_153' title='bbox 196 1442 296 1482; x_wconf 89' lang='lat' dir='ltr'>alter</span> <span class='ocrx_word' id='word_1_154' title='bbox 326 1442 367 1481; x_wconf 89' lang='lat' dir='ltr'>in</span> <span class='ocrx_word' id='word_1_155' title='bbox 400 1440 671 1494; x_wconf 83' lang='lat' dir='ltr'>Campaniam</span> <span class='ocrx_word' id='word_1_156' title='bbox 704 1440 929 1480; x_wconf 82' lang='lat' dir='ltr'>exercitum</span> <span class='ocrx_word' id='word_1_157' title='bbox 960 1440 1144 1487; x_wconf 83' lang='lat' dir='ltr'>duceret,</span> <span class='ocrx_word' id='word_1_158' title='bbox 1184 1438 1376 1486; x_wconf 69' lang='lat' dir='ltr'>Fulvius,</span> <span class='ocrx_word' id='word_1_159' title='bbox 1415 1436 1480 1477; x_wconf 88' lang='lat' dir='ltr'>cui</span> <span class='ocrx_word' id='word_1_160' title='bbox 1512 1450 1560 1476; x_wconf 86' lang='lat' dir='ltr'>ea</span> 
     </span>
     <span class='ocr_line' id='line_1_21' title="bbox 196 1497 1558 1557; baseline -0.004 -14"><span class='ocrx_word' id='word_1_161' title='bbox 196 1503 405 1557; x_wconf 81' lang='lat' dir='ltr'>provincia</span> <span class='ocrx_word' id='word_1_162' title='bbox 442 1501 681 1550; x_wconf 79' lang='lat' dir='ltr'>obvenerat,</span> <span class='ocrx_word' id='word_1_163' title='bbox 730 1502 940 1556; x_wconf 88' lang='lat' dir='ltr'>profectus</span> <span class='ocrx_word' id='word_1_164' title='bbox 976 1508 1095 1542; x_wconf 89' lang='lat' dir='ltr'>nocte</span> <span class='ocrx_word' id='word_1_165' title='bbox 1132 1499 1361 1541; x_wconf 81' lang='lat' dir='ltr'>Beneventi</span> <span class='ocrx_word' id='word_1_166' title='bbox 1396 1497 1558 1539; x_wconf 86' lang='lat' dir='ltr'>moenia</span> 
     </span>
     <span class='ocr_line' id='line_1_22' title="bbox 197 1560 1557 1619; baseline -0.004 -15"><span class='ocrx_word' id='word_1_167' title='bbox 197 1572 259 1605; x_wconf 89' lang='lat' dir='ltr'>est</span> <span class='ocrx_word' id='word_1_168' title='bbox 284 1565 510 1619; x_wconf 56' lang='lat' dir='ltr'>ingressus</span> <span class='ocrx_word' id='word_1_169' title='bbox 582 1578 633 1603; x_wconf 78' lang='lat' dir='ltr'>ex</span> <span class='ocrx_word' id='word_1_170' title='bbox 657 1563 887 1617; x_wconf 86' lang='lat' dir='ltr'>propinquo</span> <span class='ocrx_word' id='word_1_171' title='bbox 918 1563 1149 1617; x_wconf 86' lang='lat' dir='ltr'>cognoscit,</span> <span class='ocrx_word' id='word_1_172' title='bbox 1187 1560 1439 1602; x_wconf 87' lang='lat' dir='ltr'>Hannonem</span> <span class='ocrx_word' id='word_1_173' title='bbox 1464 1575 1557 1600; x_wconf 91' lang='lat' dir='ltr'>cum</span> 
     </span>
     <span class='ocr_line' id='line_1_23' title="bbox 197 1625 1560 1679; baseline -0.004 -13"><span class='ocrx_word' id='word_1_174' title='bbox 197 1627 397 1667; x_wconf 82' lang='lat' dir='ltr'>exercitus</span> <span class='ocrx_word' id='word_1_175' title='bbox 434 1632 548 1679; x_wconf 86' lang='lat' dir='ltr'>parte</span> <span class='ocrx_word' id='word_1_176' title='bbox 584 1626 815 1679; x_wconf 88' lang='lat' dir='ltr'>profectum</span> <span class='ocrx_word' id='word_1_177' title='bbox 845 1625 1159 1673; x_wconf 89' lang='lat' dir='ltr'>frumentatum,</span> <span class='ocrx_word' id='word_1_178' title='bbox 1197 1639 1270 1678; x_wconf 89' lang='lat' dir='ltr'>per</span> <span class='ocrx_word' id='word_1_179' title='bbox 1300 1629 1560 1676; x_wconf 87' lang='lat' dir='ltr'>quaestorem</span> 
     </span>
     <span class='ocr_line' id='line_1_24' title="bbox 198 1683 1560 1741; baseline -0.003 -14"><span class='ocrx_word' id='word_1_180' title='bbox 198 1688 423 1741; x_wconf 89' lang='lat' dir='ltr'>Campanis</span> <span class='ocrx_word' id='word_1_181' title='bbox 461 1687 602 1727; x_wconf 88' lang='lat' dir='ltr'>datum</span> <span class='ocrx_word' id='word_1_182' title='bbox 638 1687 906 1736; x_wconf 87' lang='lat' dir='ltr'>frumentum,</span> <span class='ocrx_word' id='word_1_183' title='bbox 944 1687 1025 1727; x_wconf 87' lang='lat' dir='ltr'>duo</span> <span class='ocrx_word' id='word_1_184' title='bbox 1056 1686 1168 1726; x_wconf 87' lang='lat' dir='ltr'>milia</span> <span class='ocrx_word' id='word_1_185' title='bbox 1198 1685 1474 1739; x_wconf 86' lang='lat' dir='ltr'>plaustrorum</span> <span class='ocrx_word' id='word_1_186' title='bbox 1499 1683 1560 1723; x_wconf 90' lang='lat' dir='ltr'>in-</span> 
     </span>
     <span class='ocr_line' id='line_1_25' title="bbox 197 1747 1560 1802; baseline -0.003 -13"><span class='ocrx_word' id='word_1_187' title='bbox 197 1751 403 1791; x_wconf 88' lang='lat' dir='ltr'>conditam</span> <span class='ocrx_word' id='word_1_188' title='bbox 438 1749 718 1802; x_wconf 86' lang='lat' dir='ltr'>inermemque</span> <span class='ocrx_word' id='word_1_189' title='bbox 755 1749 876 1789; x_wconf 88' lang='lat' dir='ltr'>aliam</span> <span class='ocrx_word' id='word_1_190' title='bbox 914 1748 1075 1789; x_wconf 89' lang='lat' dir='ltr'>turbam</span> <span class='ocrx_word' id='word_1_191' title='bbox 1113 1747 1349 1795; x_wconf 79' lang='lat' dir='ltr'>advenisse,</span> <span class='ocrx_word' id='word_1_192' title='bbox 1386 1761 1460 1800; x_wconf 91' lang='lat' dir='ltr'>per</span> <span class='ocrx_word' id='word_1_193' title='bbox 1496 1752 1560 1785; x_wconf 90' lang='lat' dir='ltr'>tu-</span> 
     </span>
     <span class='ocr_line' id='line_1_26' title="bbox 197 1808 1559 1865; baseline -0.004 -14"><span class='ocrx_word' id='word_1_194' title='bbox 197 1812 370 1851; x_wconf 86' lang='lat' dir='ltr'>multum</span> <span class='ocrx_word' id='word_1_195' title='bbox 396 1826 442 1851; x_wconf 89' lang='lat' dir='ltr'>ac</span> <span class='ocrx_word' id='word_1_196' title='bbox 468 1811 781 1865; x_wconf 82' lang='lat' dir='ltr'>trepidationem</span> <span class='ocrx_word' id='word_1_197' title='bbox 807 1811 944 1851; x_wconf 88' lang='lat' dir='ltr'>omnia</span> <span class='ocrx_word' id='word_1_198' title='bbox 969 1810 1036 1865; x_wconf 82' lang='lat' dir='ltr'>agi</span> <span class='ocrx_word' id='word_1_199' title='bbox 1055 1817 1364 1862; x_wconf 88' lang='lat' dir='ltr'>castrorumque</span> <span class='ocrx_word' id='word_1_200' title='bbox 1383 1808 1559 1848; x_wconf 88' lang='lat' dir='ltr'>formam</span> 
     </span>
     <span class='ocr_line' id='line_1_27' title="bbox 197 1869 1560 1927; baseline -0.002 -15"><span class='ocrx_word' id='word_1_201' title='bbox 197 1883 236 1913; x_wconf 83' lang='lat' dir='ltr'>et</span> <span class='ocrx_word' id='word_1_202' title='bbox 261 1873 476 1913; x_wconf 88' lang='lat' dir='ltr'>militarem</span> <span class='ocrx_word' id='word_1_203' title='bbox 502 1873 685 1913; x_wconf 84' lang='lat' dir='ltr'>ordinem</span> <span class='ocrx_word' id='word_1_204' title='bbox 716 1873 898 1913; x_wconf 81' lang='lat' dir='ltr'>inmixtis</span> <span class='ocrx_word' id='word_1_205' title='bbox 925 1871 1155 1927; x_wconf 71' lang='lat' dir='ltr'>agrestibus</span> <span class='ocrx_word' id='word_1_206' title='bbox 1181 1871 1231 1912; x_wconf 91' lang='lat' dir='ltr'>iis</span> <span class='ocrx_word' id='word_1_207' title='bbox 1258 1870 1436 1911; x_wconf 84' lang='lat' dir='ltr'>externis</span> <span class='ocrx_word' id='word_1_208' title='bbox 1463 1869 1560 1909; x_wconf 91' lang='lat' dir='ltr'>sub-</span> 
     </span>
     <span class='ocr_line' id='line_1_28' title="bbox 197 1931 1557 1989; baseline -0.003 -14"><span class='ocrx_word' id='word_1_209' title='bbox 197 1935 336 1975; x_wconf 86' lang='lat' dir='ltr'>latum.</span> <span class='ocrx_word' id='word_1_210' title='bbox 398 1934 461 1975; x_wconf 87' lang='lat' dir='ltr'>his</span> <span class='ocrx_word' id='word_1_211' title='bbox 489 1935 586 1975; x_wconf 84' lang='lat' dir='ltr'>satis</span> <span class='ocrx_word' id='word_1_212' title='bbox 614 1935 833 1989; x_wconf 85' lang='lat' dir='ltr'>compertis</span> <span class='ocrx_word' id='word_1_213' title='bbox 861 1934 1005 1974; x_wconf 90' lang='lat' dir='ltr'>consul</span> <span class='ocrx_word' id='word_1_214' title='bbox 1036 1933 1233 1974; x_wconf 82' lang='lat' dir='ltr'>militibus</span> <span class='ocrx_word' id='word_1_215' title='bbox 1260 1932 1400 1980; x_wconf 86' lang='lat' dir='ltr'>edicit,</span> <span class='ocrx_word' id='word_1_216' title='bbox 1440 1931 1557 1985; x_wconf 87' lang='lat' dir='ltr'>signa</span> 
     </span>
     <span class='ocr_line' id='line_1_29' title="bbox 197 1995 1560 2051; baseline -0.003 -14"><span class='ocrx_word' id='word_1_217' title='bbox 197 2005 355 2037; x_wconf 90' lang='lat' dir='ltr'>tantum</span> <span class='ocrx_word' id='word_1_218' title='bbox 381 2012 574 2050; x_wconf 89' lang='lat' dir='ltr'>armaque</span> <span class='ocrx_word' id='word_1_219' title='bbox 610 1997 652 2037; x_wconf 90' lang='lat' dir='ltr'>in</span> <span class='ocrx_word' id='word_1_220' title='bbox 677 1997 906 2051; x_wconf 76' lang='lat' dir='ltr'>proximam</span> <span class='ocrx_word' id='word_1_221' title='bbox 937 2002 1100 2036; x_wconf 90' lang='lat' dir='ltr'>noctem</span> <span class='ocrx_word' id='word_1_222' title='bbox 1133 1995 1388 2049; x_wconf 85' lang='lat' dir='ltr'>expedirent:</span> <span class='ocrx_word' id='word_1_223' title='bbox 1426 2000 1560 2034; x_wconf 88' lang='lat' dir='ltr'>castra</span> 
     </span>
     <span class='ocr_line' id='line_1_30' title="bbox 197 2055 1557 2114; baseline -0.002 -17"><span class='ocrx_word' id='word_1_224' title='bbox 197 2057 355 2099; x_wconf 87' lang='lat' dir='ltr'>Punica</span> <span class='ocrx_word' id='word_1_225' title='bbox 380 2059 658 2114; x_wconf 85' lang='lat' dir='ltr'>oppugnanda</span> <span class='ocrx_word' id='word_1_226' title='bbox 684 2073 787 2099; x_wconf 91' lang='lat' dir='ltr'>esse.</span> <span class='ocrx_word' id='word_1_227' title='bbox 849 2064 993 2111; x_wconf 89' lang='lat' dir='ltr'>quarta</span> <span class='ocrx_word' id='word_1_228' title='bbox 1025 2057 1163 2112; x_wconf 85' lang='lat' dir='ltr'>vigilia</span> <span class='ocrx_word' id='word_1_229' title='bbox 1187 2056 1361 2111; x_wconf 88' lang='lat' dir='ltr'>profecti</span> <span class='ocrx_word' id='word_1_230' title='bbox 1387 2055 1557 2096; x_wconf 86' lang='lat' dir='ltr'>sarcinis</span> 
     </span>
     <span class='ocr_line' id='line_1_31' title="bbox 198 2117 1559 2174; baseline -0.002 -15"><span class='ocrx_word' id='word_1_231' title='bbox 198 2119 387 2160; x_wconf 89' lang='lat' dir='ltr'>omnibus</span> <span class='ocrx_word' id='word_1_232' title='bbox 424 2121 811 2174; x_wconf 89' lang='lat' dir='ltr'>impedimentisque</span> <span class='ocrx_word' id='word_1_233' title='bbox 847 2120 1075 2160; x_wconf 81' lang='lat' dir='ltr'>Beneventi</span> <span class='ocrx_word' id='word_1_234' title='bbox 1117 2119 1268 2159; x_wconf 88' lang='lat' dir='ltr'>relictis</span> <span class='ocrx_word' id='word_1_235' title='bbox 1305 2117 1429 2172; x_wconf 88' lang='lat' dir='ltr'>paulo</span> <span class='ocrx_word' id='word_1_236' title='bbox 1466 2123 1559 2157; x_wconf 87' lang='lat' dir='ltr'>ante</span> 
     </span>
     <span class='ocr_line' id='line_1_32' title="bbox 198 2178 1560 2236; baseline -0.002 -15"><span class='ocrx_word' id='word_1_237' title='bbox 198 2182 330 2221; x_wconf 84' lang='lat' dir='ltr'>lucem</span> <span class='ocrx_word' id='word_1_238' title='bbox 368 2196 461 2222; x_wconf 91' lang='lat' dir='ltr'>cum</span> <span class='ocrx_word' id='word_1_239' title='bbox 498 2183 549 2222; x_wconf 86' lang='lat' dir='ltr'>ad</span> <span class='ocrx_word' id='word_1_240' title='bbox 585 2189 719 2222; x_wconf 88' lang='lat' dir='ltr'>castra</span> <span class='ocrx_word' id='word_1_241' title='bbox 755 2181 1056 2236; x_wconf 78' lang='lat' dir='ltr'>pervenissent,</span> <span class='ocrx_word' id='word_1_242' title='bbox 1105 2187 1263 2220; x_wconf 88' lang='lat' dir='ltr'>tantum</span> <span class='ocrx_word' id='word_1_243' title='bbox 1299 2179 1463 2234; x_wconf 81' lang='lat' dir='ltr'>pavoris</span> <span class='ocrx_word' id='word_1_244' title='bbox 1499 2178 1560 2217; x_wconf 91' lang='lat' dir='ltr'>in-</span> 
     </span>
     <span class='ocr_line' id='line_1_33' title="bbox 198 2239 1558 2297; baseline -0.003 -14"><span class='ocrx_word' id='word_1_245' title='bbox 198 2244 395 2291; x_wconf 83' lang='lat' dir='ltr'>iecerunt,</span> <span class='ocrx_word' id='word_1_246' title='bbox 433 2250 478 2283; x_wconf 85' lang='lat' dir='ltr'>ut</span> <span class='ocrx_word' id='word_1_247' title='bbox 504 2244 537 2284; x_wconf 90' lang='lat' dir='ltr'>si</span> <span class='ocrx_word' id='word_1_248' title='bbox 562 2244 603 2283; x_wconf 89' lang='lat' dir='ltr'>in</span> <span class='ocrx_word' id='word_1_249' title='bbox 628 2244 749 2297; x_wconf 87' lang='lat' dir='ltr'>plano</span> <span class='ocrx_word' id='word_1_250' title='bbox 776 2251 909 2284; x_wconf 86' lang='lat' dir='ltr'>castra</span> <span class='ocrx_word' id='word_1_251' title='bbox 939 2243 1073 2297; x_wconf 86' lang='lat' dir='ltr'>posita</span> <span class='ocrx_word' id='word_1_252' title='bbox 1105 2248 1261 2291; x_wconf 87' lang='lat' dir='ltr'>essent,</span> <span class='ocrx_word' id='word_1_253' title='bbox 1298 2241 1410 2281; x_wconf 87' lang='lat' dir='ltr'>haud</span> <span class='ocrx_word' id='word_1_254' title='bbox 1435 2239 1558 2280; x_wconf 90' lang='lat' dir='ltr'>dubie</span> 
     </span>
     <span class='ocr_line' id='line_1_34' title="bbox 198 2302 1560 2359; baseline -0.002 -15"><span class='ocrx_word' id='word_1_255' title='bbox 198 2305 328 2358; x_wconf 73' lang='lat' dir='ltr'>primo</span> <span class='ocrx_word' id='word_1_256' title='bbox 353 2305 509 2358; x_wconf 87' lang='lat' dir='ltr'>impetu</span> <span class='ocrx_word' id='word_1_257' title='bbox 535 2305 625 2359; x_wconf 87' lang='lat' dir='ltr'>capi</span> <span class='ocrx_word' id='word_1_258' title='bbox 648 2305 866 2359; x_wconf 90' lang='lat' dir='ltr'>potuerint.</span> <span class='ocrx_word' id='word_1_259' title='bbox 928 2304 1098 2345; x_wconf 84' lang='lat' dir='ltr'>altitudo</span> <span class='ocrx_word' id='word_1_260' title='bbox 1131 2304 1210 2344; x_wconf 89' lang='lat' dir='ltr'>loci</span> <span class='ocrx_word' id='word_1_261' title='bbox 1241 2310 1281 2344; x_wconf 90' lang='lat' dir='ltr'>et</span> <span class='ocrx_word' id='word_1_262' title='bbox 1304 2302 1560 2343; x_wconf 87' lang='lat' dir='ltr'>munimenta</span> 
     </span>
     <span class='ocr_line' id='line_1_35' title="bbox 198 2363 1560 2420; baseline -0.003 -14"><span class='ocrx_word' id='word_1_263' title='bbox 198 2366 435 2415; x_wconf 89' lang='lat' dir='ltr'>defendere,</span> <span class='ocrx_word' id='word_1_264' title='bbox 463 2381 567 2419; x_wconf 90' lang='lat' dir='ltr'>quae</span> <span class='ocrx_word' id='word_1_265' title='bbox 593 2367 705 2407; x_wconf 89' lang='lat' dir='ltr'>nulla</span> <span class='ocrx_word' id='word_1_266' title='bbox 730 2382 780 2407; x_wconf 80' lang='lat' dir='ltr'>ex</span> <span class='ocrx_word' id='word_1_267' title='bbox 805 2373 919 2420; x_wconf 88' lang='lat' dir='ltr'>parte</span> <span class='ocrx_word' id='word_1_268' title='bbox 944 2366 1047 2406; x_wconf 87' lang='lat' dir='ltr'>adiri</span> <span class='ocrx_word' id='word_1_269' title='bbox 1071 2366 1151 2407; x_wconf 88' lang='lat' dir='ltr'>nisi</span> <span class='ocrx_word' id='word_1_270' title='bbox 1176 2365 1303 2406; x_wconf 86' lang='lat' dir='ltr'>arduo</span> <span class='ocrx_word' id='word_1_271' title='bbox 1329 2379 1376 2405; x_wconf 89' lang='lat' dir='ltr'>ac</span> <span class='ocrx_word' id='word_1_272' title='bbox 1402 2363 1560 2404; x_wconf 88' lang='lat' dir='ltr'>difficili</span> 
     </span>
     <span class='ocr_line' id='line_1_36' title="bbox 198 2428 1558 2482; baseline -0.002 -14"><span class='ocrx_word' id='word_1_273' title='bbox 198 2443 373 2469; x_wconf 85' lang='lat' dir='ltr'>ascensu</span> <span class='ocrx_word' id='word_1_274' title='bbox 398 2436 596 2482; x_wconf 89' lang='lat' dir='ltr'>poterant.</span> <span class='ocrx_word' id='word_1_275' title='bbox 658 2428 749 2469; x_wconf 91' lang='lat' dir='ltr'>luce</span> <span class='ocrx_word' id='word_1_276' title='bbox 779 2428 910 2482; x_wconf 88' lang='lat' dir='ltr'>prima</span> <span class='ocrx_word' id='word_1_277' title='bbox 934 2428 1134 2482; x_wconf 85' lang='lat' dir='ltr'>proelium</span> <span class='ocrx_word' id='word_1_278' title='bbox 1164 2428 1311 2482; x_wconf 87' lang='lat' dir='ltr'>ingens</span> <span class='ocrx_word' id='word_1_279' title='bbox 1337 2440 1558 2467; x_wconf 90' lang='lat' dir='ltr'>accensum</span> 
     </span>
     <span class='ocr_line' id='line_1_37' title="bbox 198 2487 1557 2541; baseline -0.001 -11"><span class='ocrx_word' id='word_1_280' title='bbox 198 2497 271 2530; x_wconf 89' lang='lat' dir='ltr'>est.</span> <span class='ocrx_word' id='word_1_281' title='bbox 332 2504 407 2530; x_wconf 88' lang='lat' dir='ltr'>nec</span> <span class='ocrx_word' id='word_1_282' title='bbox 444 2490 597 2530; x_wconf 72' lang='lat' dir='ltr'>vallum</span> <span class='ocrx_word' id='word_1_283' title='bbox 634 2490 756 2531; x_wconf 87' lang='lat' dir='ltr'>modo</span> <span class='ocrx_word' id='word_1_284' title='bbox 793 2497 976 2530; x_wconf 85' lang='lat' dir='ltr'>tutantur</span> <span class='ocrx_word' id='word_1_285' title='bbox 1010 2489 1167 2539; x_wconf 90' lang='lat' dir='ltr'>Poeni,</span> <span class='ocrx_word' id='word_1_286' title='bbox 1219 2489 1292 2530; x_wconf 86' lang='lat' dir='ltr'>sed</span> <span class='ocrx_word' id='word_1_287' title='bbox 1327 2496 1372 2529; x_wconf 88' lang='lat' dir='ltr'>ut</span> <span class='ocrx_word' id='word_1_288' title='bbox 1408 2487 1557 2541; x_wconf 90' lang='lat' dir='ltr'>quibus</span> 
     </span>
     <span class='ocr_line' id='line_1_38' title="bbox 196 2551 1522 2606; baseline -0.001 -14"><span class='ocrx_word' id='word_1_289' title='bbox 196 2553 311 2593; x_wconf 90' lang='lat' dir='ltr'>locus</span> <span class='ocrx_word' id='word_1_290' title='bbox 337 2553 506 2606; x_wconf 88' lang='lat' dir='ltr'>aequior</span> <span class='ocrx_word' id='word_1_291' title='bbox 531 2560 657 2602; x_wconf 88' lang='lat' dir='ltr'>esset,</span> <span class='ocrx_word' id='word_1_292' title='bbox 684 2552 902 2593; x_wconf 85' lang='lat' dir='ltr'>deturbant</span> <span class='ocrx_word' id='word_1_293' title='bbox 927 2552 1093 2593; x_wconf 88' lang='lat' dir='ltr'>nitentis</span> <span class='ocrx_word' id='word_1_294' title='bbox 1119 2567 1192 2606; x_wconf 91' lang='lat' dir='ltr'>per</span> <span class='ocrx_word' id='word_1_295' title='bbox 1217 2552 1345 2593; x_wconf 86' lang='lat' dir='ltr'>ardua</span> <span class='ocrx_word' id='word_1_296' title='bbox 1368 2551 1522 2591; x_wconf 84' lang='lat' dir='ltr'>hostes.</span> 
     </span>
     <span class='ocr_line' id='line_1_39' title="bbox 281 2613 1560 2668; baseline -0.001 -13"><span class='ocrx_word' id='word_1_297' title='bbox 281 2615 433 2655; x_wconf 88' lang='lat' dir='ltr'><strong>XIIII.</strong></span> <span class='ocrx_word' id='word_1_298' title='bbox 496 2615 633 2656; x_wconf 86' lang='lat' dir='ltr'>Vincit</span> <span class='ocrx_word' id='word_1_299' title='bbox 664 2622 801 2655; x_wconf 87' lang='lat' dir='ltr'>tamen</span> <span class='ocrx_word' id='word_1_300' title='bbox 836 2615 973 2655; x_wconf 84' lang='lat' dir='ltr'>onmia</span> <span class='ocrx_word' id='word_1_301' title='bbox 1008 2614 1196 2668; x_wconf 83' lang='lat' dir='ltr'>pertinax</span> <span class='ocrx_word' id='word_1_302' title='bbox 1226 2615 1373 2664; x_wconf 84' lang='lat' dir='ltr'>virtus,</span> <span class='ocrx_word' id='word_1_303' title='bbox 1412 2620 1451 2654; x_wconf 83' lang='lat' dir='ltr'>et</span> <span class='ocrx_word' id='word_1_304' title='bbox 1486 2613 1560 2654; x_wconf 82' lang='lat' dir='ltr'>ali-</span> 
     </span>
     <span class='ocr_line' id='line_1_40' title="bbox 198 2676 1556 2731; baseline 0 -15"><span class='ocrx_word' id='word_1_305' title='bbox 198 2683 296 2729; x_wconf 92' lang='lat' dir='ltr'>quot</span> <span class='ocrx_word' id='word_1_306' title='bbox 328 2676 449 2717; x_wconf 91' lang='lat' dir='ltr'>simul</span> <span class='ocrx_word' id='word_1_307' title='bbox 481 2676 666 2731; x_wconf 87' lang='lat' dir='ltr'>partibus</span> <span class='ocrx_word' id='word_1_308' title='bbox 699 2677 750 2717; x_wconf 87' lang='lat' dir='ltr'>ad</span> <span class='ocrx_word' id='word_1_309' title='bbox 783 2676 934 2717; x_wconf 82' lang='lat' dir='ltr'>vallum</span> <span class='ocrx_word' id='word_1_310' title='bbox 965 2691 1013 2717; x_wconf 86' lang='lat' dir='ltr'>ac</span> <span class='ocrx_word' id='word_1_311' title='bbox 1044 2676 1178 2717; x_wconf 83' lang='lat' dir='ltr'>fossas</span> <span class='ocrx_word' id='word_1_312' title='bbox 1210 2681 1452 2731; x_wconf 87' lang='lat' dir='ltr'>perventum</span> <span class='ocrx_word' id='word_1_313' title='bbox 1483 2682 1556 2724; x_wconf 83' lang='lat' dir='ltr'>est,</span> 
     </span>
    </p>
   </div>
   <div class='ocr_carea' id='block_1_5' title="bbox 1586 832 1602 860">
    <p class='ocr_par' dir='ltr' id='par_1_5' title="bbox 1586 832 1602 860">
     <span class='ocr_line' id='line_1_41' title="bbox 1586 832 1602 860; baseline 0 0"><span class='ocrx_word' id='word_1_314' title='bbox 1586 832 1602 860; x_wconf 89' lang='grc'>7</span> 
     </span>
    </p>
   </div>
   <div class='ocr_carea' id='block_1_6' title="bbox 1587 1572 1626 1601">
    <p class='ocr_par' dir='ltr' id='par_1_6' title="bbox 1587 1572 1626 1601">
     <span class='ocr_line' id='line_1_42' title="bbox 1587 1572 1626 1601; baseline 0 0"><span class='ocrx_word' id='word_1_315' title='bbox 1587 1572 1626 1601; x_wconf 88' lang='grc'>10</span> 
     </span>
    </p>
   </div>
   <div class='ocr_carea' id='block_1_7' title="bbox 1587 1945 1623 1973">
    <p class='ocr_par' dir='ltr' id='par_1_7' title="bbox 1587 1945 1623 1973">
     <span class='ocr_line' id='line_1_43' title="bbox 1587 1945 1623 1973; baseline 0.028 -1"><span class='ocrx_word' id='word_1_316' title='bbox 1587 1945 1623 1973; x_wconf 82' lang='grc'>11</span> 
     </span>
    </p>
   </div>
   <div class='ocr_carea' id='block_1_8' title="bbox 1586 2067 1625 2097">
    <p class='ocr_par' dir='ltr' id='par_1_8' title="bbox 1586 2067 1625 2097">
     <span class='ocr_line' id='line_1_44' title="bbox 1586 2067 1625 2097; baseline -0.026 0"><span class='ocrx_word' id='word_1_317' title='bbox 1586 2067 1625 2097; x_wconf 80' lang='lat'>12</span> 
     </span>
    </p>
   </div>
   <div class='ocr_carea' id='block_1_9' title="bbox 1586 2316 1626 2345">
    <p class='ocr_par' dir='ltr' id='par_1_9' title="bbox 1586 2316 1626 2345">
     <span class='ocr_line' id='line_1_45' title="bbox 1586 2316 1626 2345; baseline 0.025 -1"><span class='ocrx_word' id='word_1_318' title='bbox 1586 2316 1626 2345; x_wconf 82' lang='lat'>13</span> 
     </span>
    </p>
   </div>
   <div class='ocr_carea' id='block_1_10' title="bbox 1585 2441 1625 2469">
    <p class='ocr_par' dir='ltr' id='par_1_10' title="bbox 1585 2441 1625 2469">
     <span class='ocr_line' id='line_1_46' title="bbox 1585 2441 1625 2469; baseline 0 0"><span class='ocrx_word' id='word_1_319' title='bbox 1585 2441 1625 2469; x_wconf 74' lang='lat'>14</span> 
     </span>
    </p>
   </div>
   <div class='ocr_carea' id='block_1_11' title="bbox 1586 2627 1597 2656">
    <p class='ocr_par' dir='ltr' id='par_1_11' title="bbox 1586 2627 1597 2656">
     <span class='ocr_line' id='line_1_47' title="bbox 1586 2627 1597 2656; baseline 0 0"><span class='ocrx_word' id='word_1_320' title='bbox 1586 2627 1597 2656; x_wconf 87' lang='lat'>1</span> 
     </span>
    </p>
   </div>
  </div>
 </body>
</html>
