1815 3184
306 256 387 298 174
555 262 708 297 LIBER
732 262 903 306 ΧΧΠΠ,
930 263 961 297 9.
984 263 1036 297 10,
1065 265 1163 306 [a.u.
1179 263 1395 308 0.539.540]

301 374 346 407 ut
372 366 424 418 Ω.
450 365 598 405 Fulvio
629 372 745 405 extra
774 365 959 405 ordinem
987 365 1144 407 urbana
1168 366 1377 420 provincia
1408 374 1516 407 esset
1538 369 1655 422 isque

300 428 561 483 potissimum
587 426 825 468 consulibus
851 428 903 468 ad
927 427 1080 469 bellum
1105 428 1299 482 profectis
1325 429 1416 469 urbi
1434 439 1653 483 praeesset.

257 505 274 534 6
383 489 533 542 Aquae
564 503 740 543 magnae
770 488 834 530 bis
866 504 913 530 eo
945 504 1050 531 anno
1075 490 1241 530 fuerunt
1266 490 1510 543 Tiberisque
1535 506 1654 546 agros

300 551 512 591 inundavit
554 564 648 591 cum
690 566 843 606 magna
885 558 1020 607 strage
1063 558 1262 593 tectorum
1304 563 1591 606 pecorumque
1617 561 1654 594 et

300 613 511 654 hominum
536 612 728 667 pernicie.

385 674 542 727 Quinto
567 690 674 715 anno
701 675 870 715 secundi
894 674 1042 716 Punici
1068 674 1163 716 belli
1190 675 1242 728 Q.
1267 675 1423 717 Fabius
1442 674 1654 717 Maximus

298 744 506 790 quartum,
543 736 605 777 M.
634 736 834 778 Claudius
859 737 1084 778 Marcellus
1115 738 1279 779 tertium
1305 738 1562 779 consulatum
1592 739 1654 778 in-

299 806 441 839 cuntes
478 799 571 852 plus
614 799 733 839 solito
779 806 1063 840 convert-erant.
1097 800 1140 840 in
1182 814 1226 840 se
1263 800 1437 842 civitatis
1474 800 1654 841 animos:

253 873 272 903 8
299 860 437 900 multis
463 860 572 901 enim
598 861 714 901 annis
740 861 819 902 tale
845 862 1061 902 consulum
1091 876 1165 916 par
1193 877 1277 902 non
1300 862 1445 903 fuerat.
1505 862 1655 902 refere-

298 921 397 962 bant
423 936 561 971 senes,
590 922 647 963 sic
661 921 895 963 Maximum
908 923 1078 964 Rullum
1103 938 1196 963 cum
1209 923 1258 964 P.
1274 923 1406 964 Decio
1425 924 1478 964 ad
1501 922 1654 964 bellum

299 982 525 1033 Gallicum,
576 984 635 1025 sic
670 992 815 1039 postea
849 984 1064 1039 Papirium
1107 985 1415 1039 Carviliumque
1457 985 1654 1026 adversus

300 1044 507 1087 Sanmites
522 1046 788 1100 Bruttiosque
809 1054 848 1088 et
860 1048 1081 1088 Lucanum
1101 1062 1195 1088 cum
1215 1047 1438 1089 Tarentino
1456 1047 1655 1102 populum

253 1122 271 1151 9
298 1107 486 1148 eonsules
512 1108 752 1149 declaratos.
789 1108 939 1150 absens
954 1108 1177 1150 Marcellus
1197 1109 1340 1150 consul
1360 1116 1532 1157 creatus,
1559 1123 1652 1149 cum

298 1170 351 1210 ad
375 1170 598 1210 exercitum
619 1177 739 1220 esset,
765 1171 971 1224 praesenti
992 1170 1122 1211 Fabio
1147 1177 1269 1224 atque
1288 1171 1379 1224 ipso
1399 1170 1563 1210 comitia
1581 1169 1653 1210 ha-

233 1245 272 1274 10
298 1230 419 1272 bente
445 1231 682 1272 consulatus
709 1232 982 1273 continuatus.
1038 1239 1200 1286 tempus
1227 1247 1275 1273 ae
1304 1232 1530 1273 necessitas
1556 1231 1653 1272 belli

297 1307 345 1333 ac
371 1293 589 1333 discrimen
615 1308 798 1334 summae
823 1308 959 1334 rerum
984 1293 1206 1342 faciebant,
1239 1308 1290 1334 ne
1310 1293 1401 1346 quis
1428 1300 1497 1334 aut
1521 1293 1562 1333 in
1584 1308 1653 1333 ex-

297 1355 478 1409 emplum
498 1355 727 1408 exquireret
757 1362 827 1396 aut
849 1363 1086 1410 suspectum
1111 1356 1344 1410 cupiditatis
1370 1356 1530 1410 imperii
1555 1370 1648 1396 con-

234 1431 269 1460 11
299 1417 430 1457 sulem
451 1417 619 1458 haberet
627 1434 637 1467 3
663 1418 761 1471 quin
780 1417 1002 1458 laudabant
1014 1418 1150 1472 potius
1171 1418 1496 1473 magnitudinem
1516 1418 1651 1466 animi,

296 1479 408 1531 quod
427 1493 520 1519 cum
540 1494 701 1520 summo
726 1479 969 1533 imperatore
989 1493 1080 1520 esse
1105 1494 1208 1533 opus
1233 1479 1292 1519 rei
1317 1478 1504 1533 publicae
1531 1479 1652 1520 sciret

296 1554 422 1593 seque
442 1555 536 1581 eum
554 1541 665 1581 haud
685 1540 807 1581 dubie
828 1549 931 1589 esse,
958 1541 1125 1581 minoris
1140 1541 1335 1581 invidiam
1356 1555 1491 1589 suam,
1519 1540 1553 1580 si
1572 1554 1654 1593 qua

296 1617 348 1643 ex
371 1617 414 1642 re
440 1610 637 1651 oreretur,
664 1616 788 1655 quam
813 1602 1029 1643 utilitatem
1054 1603 1111 1642 rei
1135 1602 1324 1657 publicae
1349 1602 1528 1643 fecisset.

254 1677 267 1704 1
381 1663 440 1703 X.
503 1663 598 1715 Quo
624 1664 689 1704 die
715 1656 1002 1719 magistratum
1032 1665 1208 1705 inierunt
1238 1665 1447 1714 consules,
1487 1670 1652 1705 senatus

295 1725 336 1764 in
370 1723 575 1779 Capitolio
607 1732 669 1765 est
700 1725 882 1775 habitus,
921 1726 1212 1780 decretumque
1243 1728 1426 1768 omnium
1461 1726 1651 1780 primum,

295 1794 339 1827 ut
370 1787 560 1828 eonsules
592 1788 831 1829 sortirentur
861 1796 1183 1843 conpararentve
1207 1789 1312 1830 inter
1342 1804 1403 1838 se,
1440 1796 1531 1829 uter
1560 1802 1655 1829 een·
1703 1830 1706 1831 γ

295 1849 454 1890 soribus
481 1850 666 1891 creandis
693 1851 856 1892 comitia
874 1851 1060 1901 haberet,
1086 1852 1326 1906 priusquam
1352 1852 1404 1892 ad
1429 1851 1651 1892 exercitum

251 1922 269 1951 3
294 1911 631 1965 proficisceretur.
702 1920 968 1967 prorogatum
1010 1913 1157 1954 deinde
1193 1913 1411 1968 imperium
1447 1911 1651 1959 omnibus,

294 1973 365 2025 qui
390 1973 442 2013 ad
467 1973 670 2014 exercitus
697 1982 828 2023 erant,
855 1975 1038 2028 iussique
1068 1975 1110 2015 in
1133 1975 1354 2030 provinciis
1381 1988 1558 2023 manere,
1587 1973 1651 2013 Ti.

295 2032 509 2075 Gracchus
535 2035 757 2085 Luceriae,
795 2035 867 2077 ubi
899 2051 992 2077 cum
1016 2036 1211 2077 volonum
1242 2037 1422 2078 exercitu
1447 2042 1549 2083 erat,
1600 2034 1650 2075 C.

293 2095 509 2137 Terentius
524 2095 656 2138 Varro
681 2097 723 2137 in
748 2112 847 2152 agro
866 2097 1032 2147 Piceno,
1058 2097 1119 2138 M.
1137 2098 1393 2152 Pomponius
1419 2097 1461 2137 in
1477 2095 1649 2138 Gallico.

248 2169 268 2198 4
293 2164 332 2197 et
356 2164 565 2211 praetores
590 2159 736 2212 prioris
763 2159 858 2200 anni
881 2174 955 2214 pro
979 2167 1164 2214 praetore
1187 2160 1238 2212 Q.
1260 2160 1426 2200 Mucius
1453 2158 1654 2199 obtineret

295 2218 546 2269 Sardiniam,
589 2220 651 2261 M.
682 2220 873 2262 Valerius
910 2221 962 2262 ad
991 2222 1260 2262 Brundisium
1297 2235 1391 2263 orae
1427 2220 1653 2261 maritimae

292 2281 470 2322 intentus
496 2283 694 2323 adversus
720 2298 862 2324 omnes
889 2291 1023 2325 motus
1038 2283 1220 2339 Philippi
1239 2284 1519 2325 Macedonum
1542 2282 1652 2336 regis

249 2355 267 2384 5
293 2350 514 2396 praeesset.
557 2343 606 2385 P.
619 2344 810 2386 Cornelio
824 2346 1005 2386 Lentulo
1025 2348 1203 2400 praetori
1219 2345 1361 2388 Sicilia
1379 2346 1542 2387 decreta
1559 2358 1653 2398 pro-

293 2405 443 2454 vincia,
471 2405 519 2446 T.
549 2405 728 2448 Otacilio
754 2407 898 2448 classis
925 2408 1086 2458 eadem,
1113 2423 1237 2462 quam
1262 2409 1459 2450 adversus
1477 2405 1653 2452 Cartha.-

293 2466 501 2520 ginienses
527 2468 661 2521 priore
687 2484 793 2509 anno
819 2469 1044 2510 habuisset.

251 2539 268 2567 6
378 2528 575 2584 Prodigia
600 2545 647 2571 eo
673 2546 779 2572 anno
804 2531 933 2572 multa
951 2533 1136 2574 nuntiata
1155 2540 1267 2581 sunt,
1294 2547 1398 2585 quae
1417 2547 1498 2586 quo
1519 2534 1651 2586 magis

295 2589 513 2631 eredebant
539 2592 746 2646 simplices
773 2607 821 2634 ac
845 2593 1027 2648 religiosi
1051 2594 1251 2644 homines,
1279 2609 1326 2635 eo
1350 2594 1469 2648 plura
1492 2595 1653 2634 nuntia-

294 2649 459 2691 bantur:
502 2652 669 2693 Lanuvi
705 2654 748 2694 in
783 2655 884 2696 aede
920 2656 1029 2697 intus
1068 2654 1261 2710 Sospitae
1296 2656 1468 2696 Iunonis
1505 2667 1648 2696 corvos

253 2724 268 2752 7
297 2712 438 2752 nidum
456 2713 623 2763 fecisse3
650 2716 692 2755 in
704 2715 858 2769 Apulia
870 2717 1050 2771 palmam
1069 2718 1240 2758 viridem
1260 2718 1427 2765 arsisse3
1453 2716 1650 2757 Mantuae

256 691 271 719 *l

250 1799 268 1827 ΚΟ
