1815 3184
484 252 636 287 LIBER
662 252 788 294 xxii,
816 252 868 285 61.
897 253 946 294 [a.
962 249 998 284 0.
1013 250 1096 292 216]
1387 241 1466 280 113

118 359 169 400 ad
195 374 282 399 03111
310 358 416 398 diem
442 356 560 396 firma
585 363 766 404 steterat,
794 362 879 394 tum
905 353 1041 394 labare
1068 352 1219 406 coepit,
1246 352 1358 392 nulla
1376 366 1469 406 pro-

118 422 225 462 fecto
262 421 340 460 alia
376 420 425 459 de
461 433 504 459 10
539 433 663 471 quam
699 417 809 470 quod
845 417 1162 470 desperaverant
1198 414 1248 454 de
1284 414 1467 467 imperio.

118 483 303 523 defecere
335 488 470 522 31110111
503 480 553 520 3(1
585 480 746 521 Poenos
776 479 818 518 hi
849 478 1007 532 populi:
1045 476 1244 524 Atellani,
1278 475 1468 523 Calatini,
1498 489 1531 516 11

118 544 300 598 Hirpini,
322 543 554 597 Apulorum
573 556 685 595 pars,
709 540 914 581 Samnites
934 547 1094 593 praeter
1105 538 1298 586 Pentros,
1319 537 1471 577 Bruttii

118 621 277 654 01111105,
304 604 485 653 Lucani3
511 610 671 658 11130101
689 603 763 644 1105
785 601 982 643 Uzentini
1001 608 1039 641 et
1060 599 1312 641 Graecorum
1338 600 1470 640 omnis
1498 611 1536 640 12

117 668 245 708 ferme
271 682 359 715 ora,
381 666 611 714 Tarentini,
631 664 926 718 BIetapontini,
950 662 1241 704 Crotonienses
1260 661 1468 714 Locrique

119 736 155 769 et
185 728 386 782 Cisalpini
410 742 551 768 omnes
579 725 701 767 Galli.
755 741 831 766 nee
856 733 992 766 tamen
1017 739 1087 765 eae
1113 724 1248 764 clades
1276 723 1471 763 defectio-
1499 737 1537 765 13

120 805 274 843 nesque
301 790 504 830 sociorum
529 795 762 837 moverunt,
790 795 832 827 111
853 787 964 841 pacis
986 801 1180 839 umquam
1200 785 1352 825 mentio
1371 793 1470 838 aput,

121 852 330 893 Romanos
366 851 497 899 fieret,
536 864 668 902 neque
705 857 798 890 ante
835 848 1014 889 consulis
1046 848 1221 888 Romam
1252 847 1474 887 adventum

119 928 195 954 nec
224 920 443 966 postquam
473 912 508 951 is
540 911 659 950 rediit
688 910 979 962 renovavitque
1011 908 1249 948 memoriam
1280 914 1470 961 acceptae

120 975 259 1014 cladis.
320 988 401 1025 quo
431 973 473 1012 in
502 981 683 1025 tempore
714 972 804 1024 ipso
835 971 936 1010 adeo
968 984 1118 1023 magno
1155 969 1290 1009 animo
1327 968 1470 1008 civitas
1502 986 1538 1013 14

118 1036 214 1084 fuit,
248 1041 291 1074 ut
316 1033 473 1073 consuli
498 1047 548 1072 ex
573 1039 684 1072 tanta
709 1032 843 1080 clade,
878 1032 992 1071 cuius
1019 1031 1107 1084 ipse
1138 1045 1262 1070 031153
1291 1031 1472 1069 maxima

118 1097 281 1143 fuisset,
318 1094 504 1135 redeunti
535 1100 574 1134 et
604 1093 769 1134 obviam
800 1093 901 1133 itum
933 1093 1168 1145 frequenter
1198 1091 1248 1131 ab
1281 1091 1470 1131 omnibus

118 1157 328 1198 ordinibus
366 1156 418 1196 sit
453 1162 493 1196 et
527 1155 683 1210 gratiae
720 1161 852 1203 actae,
890 1155 999 1207 quod
1037 1154 1088 1194 de
1123 1168 1165 1193 re
1196 1153 1361 1207 1111111103
1390 1167 1473 1193 11011

118 1220 397 1272 desperasset3
424 1217 493 1270 qui
519 1218 554 1257 si
580 1216 985 1271 Carthaginiensium
1011 1215 1155 1255 ductor
1180 1215 1345 1263 suisset,
1371 1214 1470 1254 nihil
1501 1230 1538 1259 15

118 1280 391 1321 recusandum
418 1279 606 1333 supplicii
633 1278 750 1319 foret.

464 1437 750 1488 [PERIOCHA
780 1438 919 1475 Lissm
949 1436 1123 1487 xxiii]

191 1523 385 1567 [Campani
406 1524 452 1557 ad
473 1523 722 1558 Hannibalem
744 1523 970 1558 defecerunt.
1003 1523 1154 1556 nuntius
1176 1520 1382 1556 Cannensis
1402 1521 1474 1554 vic·

122 1575 239 1608 toriae
259 1574 370 1618 Mago
392 1573 653 1618 Carthaginem
674 1575 808 1608 missus
829 1575 960 1608 anulos
981 1585 1115 1608 aureos
1137 1573 1356 1617 corporibus
1379 1571 1474 1605 ocei-

123 1636 245 1658 sorum
261 1624 448 1657 detractos
463 1624 500 1657 in
515 1625 699 1658 vestibulo
716 1625 838 1658 euriae
854 1624 999 1667 effudit,
1027 1635 1120 1668 quos
1135 1624 1340 1658 excessisse
1360 1621 1472 1656 modii

122 1685 330 1707 mensuram
355 1675 523 1708 traditur.
561 1680 648 1718 post
675 1687 782 1719 quem
808 1676 976 1709 nuntium
1000 1675 1154 1718 Hanno,
1185 1674 1239 1707 vir
1266 1685 1310 1707 ex
1334 1673 1473 1706 Poenis

122 1724 326 1768 nobilibus⁷
349 1725 532 1759 suadebat
547 1726 691 1759 senatui
705 1725 1079 1770 Carthaginiensium,
1101 1730 1141 1758 ut
1154 1736 1283 1768 pacem
1299 1736 1320 1757 a
1333 1724 1473 1768 populo

122 1775 289 1808 Romano
304 1780 494 1819 peterent3
518 1787 587 1809 nec
602 1776 718 1810 tenuit
733 1777 971 1820 obstrepente
986 1775 1146 1809 Barcina
1160 1775 1334 1809 factione.
1368 1774 1473 1808 Clau-

123 1825 203 1858 dius
220 1825 418 1859 Marcellus
439 1831 589 1869 praetor
609 1827 656 1860 ad
672 1826 805 1860 Nolam
823 1826 1016 1870 eruptione
1031 1827 1209 1859 adversus
1225 1825 1474 1858 Hannibalem

123 1887 166 1908 ex
181 1876 320 1919 oppido
336 1875 437 1909 facta
451 1887 627 1919 prospere
643 1877 832 1920 pugnavit.
872 1876 1072 1910 Casilinum
1088 1888 1109 1909 3
1125 1876 1260 1909 Poenis
1281 1876 1473 1909 obsessum

122 1925 173 1959 ita
193 1926 288 1958 fame
310 1934 479 1959 vexatum
501 1932 573 1969 est,
600 1931 640 1960 ut
660 1928 739 1960 lora
759 1931 795 1960 et
814 1928 933 1970 pelles
956 1927 1069 1960 scutis
1089 1927 1276 1960 detractas
1299 1930 1335 1960 et
1353 1937 1474 1959 mures

124 1975 255 2008 inclusi
275 1980 411 2010 essent.
454 1977 611 2011 nucibus
631 1989 697 2022 per
709 1978 933 2012 Vulturnum
953 1989 1095 2011 amnem
1115 1989 1137 2012 a
1156 1978 1334 2012 Romanis
1354 1976 1475 2010 missis

123 2026 301 2060 vixerunt.
334 2031 482 2061 senatus
508 2040 551 2062 ex
578 2029 739 2072 equestri
761 2030 889 2062 ordine
910 2029 1120 2062 hominibus
1142 2041 1263 2062 exe-vn
1284 2029 1475 2072 suppletus

125 2081 190 2110 est.
222 2077 263 2110 L.
280 2078 493 2111 Postumius
508 2086 658 2122 praetor
672 2091 693 2112 3
710 2079 828 2113 Gallis
844 2091 924 2112 cum
940 2079 1100 2113 exercitu
1115 2091 1245 2113 caesus
1260 2083 1326 2112 est.
1360 2077 1423 2111 Cn.
1440 2083 1476 2110 ct

127 2127 164 2160 P.
192 2125 384 2170 Scipiones
414 2129 451 2162 in
476 2129 660 2172 Hispania
684 2130 962 2164 Hasdrubalem
994 2131 1163 2163 vicerunt
1195 2135 1231 2163 et
1255 2128 1474 2172 Hispaniam

125 2188 227 2210 suam
241 2177 419 2212 fecerunt.
450 2179 630 2224 reliquiae
641 2179 845 2213 Cannensis
861 2181 1042 2214 exercitus
1057 2181 1094 2213 in
1109 2180 1270 2214 Siciliam
1284 2180 1473 2223 relegatae

127 2233 227 2271 sunt,
253 2240 298 2262 ne
319 2230 536 2264 recederent
555 2231 641 2265 inde
661 2232 731 2265 nisi
752 2231 855 2265 finito
879 2233 989 2266 bello.
1029 2231 1266 2275 Sempronius
1282 2230 1475 2264 Gracchus

127 2280 256 2311 consul
273 2279 482 2322 Campanos
498 2281 642 2314 cecidit.
682 2283 859 2316 Claudius
875 2283 1071 2316 Marcellus
1086 2287 1236 2326 praetor
1251 2281 1475 2315 Hannibalis

127 2328 326 2362 exereitum
347 2330 393 2362 ad
407 2330 541 2364 Nolam
562 2333 702 2375 proelio
724 2332 821 2366 fudit
843 2337 879 2367 et
902 2333 989 2366 vicit
1006 2332 1219 2376 primusque
1235 2336 1290 2364 tot
1305 2331 1474 2364 cladibus

127 2378 236 2411 fessis
251 2379 426 2412 Romanis
442 2380 627 2414 meliorem
645 2394 747 2426 spem
762 2383 851 2416 belli
867 2383 979 2416 dedit.
1016 2383 1112 2415 inter
1126 2382 1337 2426 Philippum
1356 2381 1474 2414 Mace—

127 2429 258 2462 doniae
285 2441 410 2473 regem
435 2436 473 2463 et
493 2431 743 2466 Hannibalem
770 2433 930 2467 societas
958 2434 1083 2466 iuncta
1109 2437 1175 2466 est.
1218 2437 1413 2476 praeterea
1438 2431 1475 2463 in

126 2479 308 2522 Hispania
327 2480 486 2514 feliciter
505 2492 526 2514 a
540 2482 672 2516 Publio
694 2488 731 2516 et
753 2484 833 2525 [Cn.
849 2483 1104 2527 Scipionibus,
1129 2483 1166 2515 in
1182 2482 1351 2516 Sardinia
1370 2484 1407 2524 a]
1431 2481 1474 2514 T.

127 2529 265 2563 Manlio
291 2534 461 2573 praetore
487 2531 664 2565 adversus
686 2534 835 2567 Poenos
861 2545 919 2567 res
940 2537 1066 2577 gestas
1088 2533 1269 2576 eontinet,
1297 2544 1318 2566 a
1339 2532 1473 2577 quibus

125 2579 340 2614 Hasdrubal
356 2581 427 2614 dux
442 2585 479 2615 et
493 2582 603 2626 Mago
618 2588 654 2616 et
668 2583 803 2617 Hanno
821 2584 930 2628 031111.
970 2584 1151 2618 exercitus
1167 2582 1388 2617 Hannibalis
1408 2593 1474 2626 per

126 2631 281 2664 hiberna
294 2631 347 2665 ita
366 2632 587 2676 luxuriatus,
608 2638 649 2667 ut
669 2634 832 2678 corporis
848 2634 1032 2679 animique
1047 2634 1186 2668 viribus
1202 2635 1470 2675 enervaretur.]

193 2755 255 2781 Lim*
275 2755 330 2781 vol.
348 2754 381 2781 11.
1225 2758 1246 2791 8
