1815 3184
509 243 662 278 LIBER
686 244 805 288 XXV,
832 244 886 278 10.
914 244 966 277 11.
995 246 1041 287 [a.
1057 242 1095 277 C.
1108 243 1190 286 212]
1448 232 1531 273 225

176 355 216 389 et
250 348 469 389 inscienter
505 363 527 388 a
560 346 719 389 Graeco
755 347 911 395 inflata,
950 347 1041 400 quis
1078 353 1147 387 aut
1183 345 1332 399 quibus
1366 345 1528 400 signum

176 410 307 459 daret,
344 409 543 449 incertum
575 408 790 449 efficiebat.
851 408 922 449 ubi
952 408 1115 458 inluxit,
1153 415 1192 449 et
1221 408 1420 449 Romanis
1445 406 1531 447 Pu-
1556 421 1574 449 5

175 471 267 511 nica
292 478 331 511 et
345 469 505 512 Gallica
529 486 642 511 arina
668 471 830 525 cognita
855 479 941 511 tum
961 470 1258 511 dubitationem
1278 476 1528 517 exemerunt,

176 542 215 573 et
253 532 402 574 Graeci
438 533 647 574 Romanos
684 533 839 587 passim
876 533 1000 573 caede
1045 539 1192 573 stratos
1229 538 1440 572 cernentes
1478 530 1529 571 ab

176 594 410 635 Hannibale
442 601 602 649 captam
633 595 776 636 urbem
808 601 1034 635 senserunt.
1094 600 1314 648 postquam
1343 593 1415 633 lux
1446 607 1531 633 cer·
1557 606 1574 636 6

176 657 252 697 tior
278 664 362 697 erat
388 664 426 697 et
452 657 647 705 Romani,
674 657 744 709 qui
769 656 964 697 caedibus
992 656 1296 710 superfuerant,
1327 655 1368 695 in
1394 669 1530 695 arcem

176 718 442 772 confugerant
491 718 862 771 conticiscebatque
915 717 1112 772 paulatim
1160 717 1382 766 tumultus,
1443 723 1529 756 turn

176 779 386 820 Hannibal
423 779 666 820 Tarentinos
705 780 791 820 sine
827 780 949 820 armis
988 793 1212 819 convocare
1248 778 1373 819 iubet.
1434 793 1531 818 con·
1556 790 1572 819 7

176 856 324 881 venere
362 856 503 882 omnes
539 849 825 895 praeterquam
868 841 938 894 qui
974 841 1154 882 cedentis
1197 841 1239 880 in
1276 855 1410 881 arcem
1446 840 1531 880 Ro-

176 917 319 943 manos
356 904 407 943 ad
444 918 604 943 omnem
647 903 878 943 adeundam
921 903 1042 942 simul
1083 902 1290 943 fortunam
1326 902 1530 956 persecuti

175 963 348 1005 fuerant.
385 963 441 1004 ibi
467 964 677 1004 Hannibal
702 963 879 1018 benigne
905 963 1118 1004 adlocutus
1135 963 1379 1004 Tarentinos
1406 970 1528 1003 testa·
1554 974 1573 1003 8

176 1032 340 1078 tusque,
378 1039 483 1077 quae
513 1025 784 1078 praestitisset
821 1024 979 1065 civibus
1017 1039 1177 1073 eorum,
1215 1039 1317 1077 quos
1349 1025 1402 1064 ad
1427 1025 1530 1065 Tra-

176 1101 419 1126 sumennum
456 1092 525 1125 aut
566 1086 618 1126 ad
655 1084 821 1125 Cannas
859 1086 1060 1139 cepisset,
1111 1086 1231 1126 simul
1267 1085 1309 1125 in
1345 1085 1529 1125 domina-
1555 1094 1572 1123 9

175 1148 326 1187 tionem
364 1146 582 1200 superbam
619 1146 900 1187 Romanorum
937 1147 1142 1195 invectus,
1191 1146 1370 1200 recipere
1408 1161 1452 1187 se
1488 1146 1529 1186 in

175 1208 317 1248 domos
349 1222 444 1248 suas
477 1221 681 1261 quemque
712 1208 831 1248 iussit
862 1215 901 1248 et
936 1207 1093 1249 foribus
1130 1223 1280 1248 nomen
1313 1223 1432 1249 suum
1469 1208 1530 1247 in-

175 1268 370 1310 scribere:
403 1283 446 1308 se
471 1269 615 1310 domos
641 1284 728 1318 eas,
755 1284 860 1322 quae
880 1270 1098 1324 inscriptae
1124 1285 1205 1310 non
1232 1277 1382 1318 essent,
1411 1270 1529 1324 signo

174 1330 380 1384 extemplo
412 1331 506 1371 dato
537 1331 657 1385 diripi
686 1331 908 1372 iussurum.
970 1332 1004 1372 si
1035 1331 1126 1384 quis
1157 1332 1200 1371 in
1224 1331 1402 1386 hospitio
1428 1331 1528 1372 civis

173 1391 351 1433 Romani
374 1416 407 1420 —
436 1406 588 1432 vacuas
631 1402 767 1433 autem
810 1392 1004 1434 tenebant
1045 1393 1189 1434 domos
1215 1418 1248 1422 —
1277 1408 1429 1434 nomen
1470 1393 1530 1433 in-

174 1453 423 1507 scripsisset,
450 1468 543 1494 eum
570 1468 612 1494 se
638 1469 710 1508 pro
729 1454 845 1495 hoste
866 1455 1112 1496 habiturum.
1151 1455 1339 1496 contione
1359 1455 1530 1496 dimissa
1556 1465 1596 1494 10

174 1530 267 1555 cuni
304 1514 429 1554 titulis
472 1521 633 1555 notatae
675 1515 782 1556 fores
827 1516 1047 1557 discrimen
1087 1523 1256 1570 pacatae
1299 1517 1350 1557 ab
1391 1517 1529 1557 hostili

175 1577 297 1616 domo
322 1575 534 1625 fecissent,
563 1576 680 1630 signo
707 1577 801 1617 dato
827 1578 879 1617 ad
904 1577 1131 1631 diripienda
1150 1578 1327 1632 hospitia
1340 1578 1528 1619 Romana

175 1637 331 1691 passim
357 1637 587 1678 discursum
613 1644 685 1677 est.
735 1644 775 1678 et
799 1637 876 1677 fuit
900 1639 1075 1692 praedae
1101 1640 1367 1692 aliquantum.

257 1697 340 1738 XI.
378 1697 551 1739 Postero
577 1699 641 1739 die
667 1699 719 1739 ad
743 1700 1062 1753 oppugnandam
1089 1714 1224 1740 arcem
1249 1700 1379 1750 ducit3
1406 1715 1529 1753 quam
1558 1712 1570 1740 1

175 1774 270 1799 cum
300 1765 387 1800 eta
412 1760 531 1809 mari,
570 1775 650 1813 quo
681 1760 723 1800 in
752 1761 1041 1814 paeneinsulae
1072 1761 1240 1801 modum
1269 1776 1364 1816 pars
1401 1763 1531 1803 maior

175 1820 470 1870 circumluitur,
508 1822 700 1876 praealtis
731 1822 903 1876 rupibus
936 1829 975 1862 et
1006 1822 1057 1863 ab
1089 1823 1179 1877 ipsa
1210 1823 1309 1864 urbe
1342 1838 1457 1864 muro
1489 1830 1529 1864 et

174 1882 287 1922 fossa
317 1882 473 1937 ingenti
505 1890 686 1938 saeptam
718 1884 875 1924 videret
905 1898 1033 1937 eoque
1058 1899 1135 1925 nec
1159 1885 1199 1924 vi
1230 1899 1305 1925 nec
1336 1885 1527 1939 operibus

175 1944 492 1999 expugnabilem
518 1960 627 1994 esse,
666 1960 716 1985 ne
747 1952 817 1985 aut
848 1960 891 1985 se
922 1945 1059 1999 ipsum
1085 1961 1182 1986 cura
1206 1946 1348 1986 tuendi
1373 1947 1528 1987 Taren-

174 2006 280 2046 tinos
307 2022 330 2046 a
354 2006 576 2047 maioribus
601 2007 723 2047 rebus
750 2014 975 2047 moraretur
999 2014 1069 2047 aut
1093 2007 1135 2047 in
1159 2008 1322 2049 relictos
1350 2009 1436 2049 sine
1455 2024 1524 2050 va-

175 2067 257 2106 lido
292 2068 495 2120 praesidio
522 2068 765 2109 Tarentinos
802 2069 1000 2122 impetum
1037 2083 1088 2108 ex
1123 2084 1216 2109 arce
1248 2084 1341 2110 eum
1378 2070 1529 2110 vellent

175 2128 352 2168 Romani
387 2129 585 2178 facerent,
623 2130 729 2170 vallo
765 2130 908 2170 urbem
944 2129 995 2170 ab
1027 2145 1118 2171 arce
1154 2131 1417 2185 intersaepire
1448 2138 1530 2172 sta-

177 2190 268 2237 tuit,
295 2204 378 2229 non
402 2191 488 2230 sine
513 2191 582 2231 illa
607 2191 726 2231 etiam
755 2206 846 2245 spe,
873 2206 965 2231 cum
991 2192 1302 2246 prohibentibus
1328 2208 1430 2247 opus
1445 2193 1530 2234 Ro·
1555 2204 1573 2233 3

177 2252 307 2291 inanis
344 2267 511 2292 manum
552 2267 673 2306 posse
710 2254 869 2294 conseri
911 2260 972 2303 et,
1023 2254 1055 2294 si
1098 2254 1274 2295 ferocius
1310 2269 1530 2309 procucur-

176 2314 340 2362 rissent,
368 2329 518 2368 magna
538 2315 661 2354 caede
680 2315 736 2355 ita
761 2316 959 2355 attenuari
979 2316 1171 2369 praesidii
1190 2317 1314 2365 vires,
1341 2322 1386 2357 ut
1410 2316 1529 2357 facile

176 2389 248 2428 per
284 2389 326 2415 se
363 2375 442 2429 ipsi
468 2375 679 2416 Tarentini
715 2377 858 2418 urbem
895 2377 946 2418 ab
983 2378 1031 2418 iis
1070 2379 1172 2418 tueri
1208 2386 1388 2432 possent.
1460 2379 1530 2420 ubi
1555 2392 1575 2420 4

177 2444 366 2489 coeptum
404 2451 506 2490 opus
543 2445 623 2486 est,
660 2439 865 2492 patefacta
901 2447 1067 2493 repente
1104 2447 1223 2494 porta
1259 2440 1456 2494 impetum
1488 2441 1530 2481 in

175 2498 393 2539 munientis
426 2499 609 2539 fecerunt
637 2500 815 2540 Romani
849 2501 1026 2555 pellique
1058 2516 1101 2542 se
1139 2502 1258 2542 statio
1294 2516 1418 2556 passa
1455 2509 1528 2552 est,

175 2574 280 2612 quae
310 2575 383 2614 pro
416 2575 536 2614 opere
568 2568 669 2610 erat,
706 2569 751 2602 ut
782 2577 976 2603 successu
1006 2570 1204 2605 cresceret
1236 2564 1407 2604 audacia
1441 2564 1532 2618 plu-

174 2635 321 2674 resque
348 2628 387 2662 et
411 2622 573 2677 longius
598 2623 740 2677 pulsos
765 2632 1118 2677 prosequerentur.
1180 2632 1266 2665 tuin
1293 2625 1410 2680 signo
1435 2627 1530 2666 dato
1556 2640 1573 2669 5

176 2683 302 2723 coorti
324 2684 501 2737 undique
515 2684 645 2725 Poeni
668 2692 779 2735 sunt,
794 2700 896 2739 quos
918 2686 1136 2728 instructos
1157 2687 1208 2727 ad
1228 2687 1305 2727 hoc
1318 2687 1529 2728 Hannibal

243 2749 307 2775 Lim·
327 2750 379 2776 rol.
397 2750 429 2776 ΙΙ.
1262 2752 1304 2786 15

1554 1958 1571 1987 10
