1815 3184
283 247 336 288 84
592 253 745 287 LIBER
770 252 902 293 XXII,
930 251 984 285 30.
999 252 1052 285 31.
1080 254 1129 294 [a.
1143 263 1177 285 u.
1194 263 1223 285 0.
1238 252 1320 295 537]

281 357 527 411 appellasset
554 354 905 406 circumfusosque
930 353 1105 393 militum
1131 353 1217 393 eius
1243 359 1372 394 totum
1389 368 1541 408 agmen
1557 371 1629 409 pa-

236 432 254 461 3
281 431 417 459 tronos
450 416 766 464 consalutasset,
807 415 1081 469 ‘parentibus'
1111 415 1243 468 inquit
1274 415 1413 464 ‘meis,
1445 416 1627 466 dictator,

279 480 427 532 quibus
453 485 491 519 te
516 479 638 518 modo
664 478 845 526 nomine,
878 492 959 530 quo
984 477 1109 517 fando
1133 491 1322 530 possum,
1355 478 1545 531 aequavi,
1571 479 1629 519 vi-

279 550 361 581 tam
386 547 543 580 tantum
564 539 712 587 debeo,
740 539 813 579 tibi
838 554 931 579 eum
956 553 1090 579 meam
1118 539 1309 587 salutem,
1336 546 1423 579 tum
1448 540 1628 580 omnium

234 617 253 645 4
277 603 434 642 horum.
490 602 628 654 itaque
652 601 788 655 plebei
815 601 980 649 scitum,
1014 615 1095 653 quo
1120 607 1310 641 oneratus
1339 599 1469 655 [sum]
1496 601 1628 655 magis

278 678 400 716 quam
425 663 667 711 honoratus,
695 663 851 716 primus
878 662 1043 715 antiquo
1069 661 1306 716 abrogoque
1331 669 1388 711 et,
1422 663 1532 715 quod
1557 662 1629 703 tibi

278 725 456 776 mihique
494 724 640 777 (quod)
672 724 1000 776 exercitibusque
1031 723 1095 764 his
1127 724 1226 772 tuis,
1266 731 1426 764 servato
1457 738 1505 764 ac
1535 739 1630 764 con-

279 786 494 834 servatori,
523 786 573 826 sit
598 785 716 834 felix,
752 785 826 826 sub
853 786 1069 839 imperium
1095 785 1404 840 auspiciumque
1430 792 1544 826 tuum
1569 801 1631 826 re-

234 862 251 891 5
278 848 354 887 deo
380 854 418 887 01
444 848 562 901 signa
590 847 692 887 111100
723 847 977 901 legionisque
1008 847 1190 887 restituo.
1245 855 1307 896 tu,
1340 862 1511 900 quaeso,
1545 848 1631 901 pla-

279 916 393 949 catus
414 924 478 949 1110
499 909 779 963 magisterium
802 909 1003 961 equitum,
1030 909 1104 949 hos
1126 909 1288 950 ordines
1310 924 1406 949 51105
1427 923 1630 962 quemque

234 985 251 1014 6
277 978 413 1010 tenere
445 970 613 1010 iubeas.'
662 978 746 1010 tum
779 971 945 1010 dextrae
976 971 1243 1011 interiunctae
1274 971 1505 1023 militesque
1536 985 1631 1011 con-

277 1032 385 1071 tione
407 1032 576 1072 dimissa
595 1031 646 1073 ab
666 1032 771 1072 notis
790 1032 1023 1086 ignotisque
1042 1031 1217 1086 benigne
1237 1039 1358 1084 atque
1377 1032 1632 1086 hospitaliter

277 1093 435 1133 invitati
466 1093 679 1145 laetusque
711 1094 797 1133 dies
831 1108 882 1133 ex
913 1093 1134 1133 admodum
1166 1093 1271 1133 tristi
1302 1093 1423 1146 paulo
1454 1101 1546 1134 ante
1583 1109 1630 1134 ac

278 1169 404 1208 prope
430 1154 648 1195 execrabili
673 1155 819 1195 factus.

235 1230 251 1258 7
363 1216 538 1264 Romae,
576 1223 620 1256 ut
657 1224 717 1256 est
748 1216 903 1270 perlata
934 1216 1044 1256 fama
1075 1216 1133 1256 rei
1162 1222 1322 1270 gestae,
1363 1216 1457 1257 dein
1486 1216 1628 1256 litteris

278 1292 360 1317 non
389 1278 520 1331 magis
552 1278 734 1331 ipsorum
765 1279 1055 1331 imperatorum
1086 1292 1208 1330 quam
1233 1278 1354 1332 volgo
1379 1279 1552 1318 militum
1580 1293 1628 1318 ex

279 1346 450 1392 utroque
476 1340 656 1379 exercitu
682 1340 913 1388 adfirmata,
939 1354 1011 1393 pro
1037 1354 1079 1379 se
1100 1340 1272 1392 quisque
1292 1340 1524 1379 Maximum
1543 1340 1630 1380 lau-

233 1413 252 1443 8
279 1399 398 1440 dibus
420 1400 470 1440 ad
492 1400 649 1440 caelum
670 1401 786 1441 ferre.
820 1416 892 1454 par
911 1401 1040 1455 gloria
1061 1401 1170 1454 apud
1184 1401 1461 1441 Hannibalem
1481 1401 1630 1441 1105115-

277 1475 356 1513 que
389 1461 552 1502 Poenos
585 1469 687 1511 erat,
725 1477 772 1502 110
804 1470 890 1502 111111
922 1463 1087 1502 denium
1125 1462 1271 1501 sentire
1309 1477 1402 1501 011111
1432 1462 1629 1502 Romanis

235 1538 251 1566 9
279 1530 399 1575 atque
435 1524 476 1563 in
507 1524 627 1564 Italia
663 1524 815 1564 bellum
852 1538 962 1573 esse3
1000 1539 1093 1563 nam
1126 1523 1290 1564 biennio
1322 1530 1414 1564 ante
1452 1524 1554 1564 adeo
1591 1530 1630 1564 et

281 1585 405 1625 duces
432 1585 642 1626 Romanos
674 1593 711 1626 et
743 1585 891 1625 milites
919 1593 1173 1639 spreverant,
1207 1592 1250 1625 ut
1274 1585 1343 1625 vix
1369 1600 1461 1625 cum
1487 1586 1628 1626 eadem

277 1654 398 1700 gente
419 1646 570 1686 bellum
591 1661 681 1687 esse
701 1647 923 1694 crederent,
951 1647 1066 1687 cuius
1089 1646 1307 1686 terribilem
1330 1646 1457 1700 (eam)
1479 1646 1629 1687 famam

212 1722 251 1749 10
277 1723 299 1747 a
330 1707 513 1760 patribus
548 1708 814 1761 accepissent.
864 1708 1142 1748 Hannibalem
1175 1722 1420 1763 quoquelex
1451 1708 1537 1748 acie
1568 1723 1630 1748 re—

277 1769 468 1808 deuntem
495 1769 647 1809 dixisse
673 1769 827 1818 ferunt,
855 1770 1019 1809 tandem
1045 1784 1135 1810 eam
1160 1769 1331 1818 nubem,
1358 1785 1462 1823 quae
1488 1770 1629 1810 sedere

276 1830 317 1869 in
342 1830 447 1883 iugis
475 1831 674 1870 montium
701 1831 818 1871 solita
844 1831 913 1879 sit,
941 1846 1033 1871 011111
1053 1831 1229 1885 procella
1255 1831 1425 1871 imbrem
1453 1831 1627 1872 dedisse.

235 1906 249 1933 1
360 1891 541 1932 XXXI.
595 1891 712 1931 Dum
738 1892 839 1932 haee
864 1900 1061 1946 gerunttu‘
1086 1893 1127 1932 in
1151 1892 1288 1941 Italia,
1323 1892 1400 1933 Cn.
1429 1891 1628 1933 Servilius

278 1950 478 1992 Geminus
506 1953 649 1993 consul
676 1968 768 1994 011111
793 1954 923 1994 classe
944 1955 1110 1994 navium
1134 1953 1195 2008 [e]
1219 1954 1515 1994 circumvectus
1533 1952 1628 1994 Sar-

275 2014 408 2053 diniae
434 2021 472 2053 et
493 2012 687 2055 Corsicae
714 2030 826 2055 oram
852 2022 889 2055 et
917 2015 1129 2056 obsidibus
1156 2015 1359 2068 utrimque
1385 2016 1562 2069 acceptis
1588 2016 1628 2055 in

231 2090 248 2117 ‘2
274 2075 462 2116 Africam
496 2077 739 2125 transmisit,
778 2084 817 2117 01
848 2078 1086 2131 priusquam
1116 2077 1159 2117 in
1190 2078 1465 2118 continentem
1489 2092 1629 2117 escen-

276 2137 431 2177 sionem
458 2136 629 2187 faceret,
662 2138 831 2193 Menige
856 2139 990 2179 insula
1015 2145 1174 2179 vastata
1205 2145 1244 2179 et
1275 2138 1326 2179 ab
1357 2138 1628 2179 incolentibus

277 2196 512 2247 Cercinam,
555 2214 606 2239 ne
643 2207 681 2240 01
717 2200 901 2254 ipsorum
937 2207 1119 2240 ureretur
1156 2201 1477 2254 diripereturque
1518 2215 1628 2255 ager,

276 2259 417 2299 decem
448 2260 609 2300 talentis
641 2262 799 2316 argenti
830 2262 1007 2315 acceptis
1039 2262 1089 2301 ad
1120 2262 1238 2302 litora
1262 2261 1431 2302 Africae
1457 2262 1629 2302 accessit

231 2335 249 2364 3
276 2322 496 2374 copiasque
540 2324 741 2377 exposuit.
802 2324 896 2364 inde
933 2324 984 2364 ad
1021 2324 1300 2377 populandum
1337 2339 1482 2377 agrum
1519 2323 1629 2364 ducti

276 2383 422 2423 milites
450 2385 699 2438 navalesque
726 2386 825 2426 socii
851 2386 963 2426 iuxta
989 2386 1109 2426 effusi
1136 2401 1183 2426 ae
1209 2386 1242 2426 si
1271 2384 1349 2440 [in]
1376 2385 1519 2426 insulis
1546 2385 1630 2425 cul-

233 2454 252 2481 4
278 2452 408 2484 torum
440 2446 653 2499 egentibus
685 2448 988 2500 praedarentur.
1037 2448 1175 2500 itaque
1206 2447 1247 2486 in
1278 2447 1446 2487 insidias
1479 2453 1629 2487 temere

276 2505 387 2545 inlati
425 2521 516 2546 011111
548 2523 571 2547 11
602 2508 886 2561 frequentibus
916 2509 1101 2562 palantes
1135 2516 1173 2549 01
1203 2509 1335 2562 ignari
1364 2508 1415 2548 ab
1447 2508 1628 2548 locorum

277 2568 414 2620 gnaris
449 2569 849 2619 circumvenirentur,
883 2586 976 2610 cum
1008 2571 1135 2611 multa
1161 2571 1285 2611 caede
1311 2584 1357 2610 ac
1383 2570 1504 2610 foeda
1529 2569 1628 2622 fuga

234 2640 251 2669 5
276 2635 381 2669 retro
407 2630 458 2669 ad
482 2645 608 2670 naves
635 2632 822 2684 conpulsi
848 2639 954 2672 sunt.
1004 2633 1055 2672 ad
1076 2632 1184 2672 mille
1204 2632 1433 2679 hominum,
1461 2646 1553 2671 011111
1577 2630 1626 2669 115

280 2687 524 2743 Sempronio
551 2691 700 2732 Blaeso
733 2699 948 2744 quaestore
980 2693 1149 2741 amisso,
1188 2693 1330 2733 classis
1362 2692 1412 2732 ab
1443 2690 1626 2731 litoribus
