1815 3184
562 233 715 268 LIBER
739 233 868 279 xxv,
894 235 948 269 26.
977 233 1177 278 [a.c.212]
1464 223 1547 265 245

193 344 327 379 castra
356 343 495 378 vetera
525 337 807 378 Romanorum
839 338 1004 379 adortus
1037 343 1116 387 est,
1153 336 1302 391 quibus
1330 336 1548 391 Crispinus

192 406 394 454 praeerat,
445 406 484 440 et
507 399 717 453 Epicydes
761 400 1015 454 emptionem
1057 400 1100 440 in
1142 399 1336 440 stationes
1362 399 1550 440 Marcelli

192 462 289 502 fecit
315 468 353 502 et
379 461 523 502 classis
549 461 708 502 Punica
732 461 857 510 litori,
896 462 1007 515 quod
1037 462 1141 502 inter
1171 460 1314 503 urbem
1346 468 1385 502 et
1417 467 1550 502 castra

192 524 381 564 Romana
418 530 521 572 crat,
571 523 745 577 adpulsa
779 530 859 573 est,
908 539 958 564 nc
1001 524 1100 576 quid
1141 524 1319 578 praesidi
1357 523 1549 578 Crispino

193 585 377 626 submitti
413 601 436 626 a
472 585 670 626 Marcello
705 593 858 640 posset.
925 585 1145 626 tumultum
1181 592 1319 626 tamen
1354 585 1549 626 maiorem

192 647 330 688 hostes
367 647 642 701 praebuerunt
678 661 803 700 quam
839 654 1057 688 certamen.
1123 663 1219 688 nam
1255 653 1295 688 et
1332 647 1548 701 Crispinus

191 709 475 763 Hippocraten
505 724 587 750 non
617 709 794 763 reppulit
825 715 982 750 tantum
1013 710 1295 759 munimentis,
1340 710 1413 750 sed
1443 709 1551 750 Inse-

192 781 309 812 cutus
337 772 458 812 etiam
485 778 546 812 cst
571 771 727 825 trepide
752 771 997 826 fugientem,
1025 778 1065 813 et
1088 771 1305 826 Epicyden
1324 771 1549 812 Marcellus

191 834 232 873 in
260 832 400 873 urbem
432 833 639 887 compulit.
701 833 882 886 satisque
913 834 994 873 iam
1026 834 1148 874 etiam
1178 834 1220 874 in
1249 841 1460 888 posterum
1490 833 1551 873 vi-

192 894 365 935 debatur
400 895 629 949 provisum,
668 909 718 935 ne
755 895 855 948 quid
891 894 942 935 ab
979 895 1202 949 repentinis
1234 910 1375 936 corum
1407 909 1551 936 excur-

192 956 374 997 sionibus
411 957 579 1010 periculi
615 956 732 997 foret.
769 957 972 997 “accessit
1009 963 1047 997 et
1083 956 1134 998 ab
1172 957 1403 1011 pestilentia
1439 972 1550 998 com-

191 1033 313 1058 mune
338 1018 509 1067 malum,
541 1018 653 1070 quod
678 1017 797 1057 facile
824 1024 1089 1071 utrorumque
1115 1019 1273 1059 animos
1300 1026 1501 1059 averteret
1526 1034 1550 1060 a

190 1078 286 1120 belli
312 1079 504 1119 consiliis.
559 1094 654 1119 nam
680 1085 861 1132 tempore
887 1079 1073 1119 autumni
1098 1087 1137 1120 et
1162 1080 1262 1120 locis
1287 1087 1433 1120 natura
1457 1095 1550 1134 gra-

189 1140 329 1189 vibus,
367 1140 495 1180 multo
533 1147 670 1180 tamen
706 1140 838 1195 magis
876 1147 991 1181 extra
1026 1141 1170 1182 urbem
1202 1156 1326 1195 quam
1356 1142 1399 1182 in
1434 1141 1547 1190 urbe,

188 1202 442 1242 intoleranda
477 1202 538 1243 vis
571 1209 708 1243 aestus
740 1217 813 1256 per
843 1209 1014 1256 utraque
1046 1210 1180 1244 castra
1211 1204 1395 1244 omnium
1419 1203 1549 1244 ferme

189 1278 359 1318 corpora
385 1254 561 1304 movits*
585 1279 633 1305 ac
663 1264 795 1318 primo
826 1265 1021 1319 temporis
1054 1280 1102 1305 ac
1132 1265 1210 1306 loci
1241 1265 1340 1307 vitio
1366 1272 1405 1307 et
1436 1266 1549 1320 aegri

189 1331 303 1366 erant
339 1332 377 1366 et
413 1325 710 1375 moriebantur3
759 1334 903 1380 postca
941 1327 1095 1368 curatio
1132 1327 1222 1381 ipsa
1258 1334 1298 1368 et
1335 1334 1547 1368 contactus

190 1402 408 1441 aegrorum
444 1387 638 1442 volgabat
674 1388 863 1437 morbos,
913 1396 957 1429 ut
998 1396 1067 1430 aut
1104 1389 1280 1444 neglecti
1316 1389 1548 1442 desertique

189 1449 259 1502 qui
299 1448 537 1489 incidissent
579 1458 855 1499 morerentur,
906 1458 975 1492 aut
1016 1452 1241 1492 adsidentis
1286 1451 1548 1504 curantisque

190 1509 333 1550 eadem
370 1510 410 1550 vi
446 1510 578 1551 morbi
612 1511 789 1565 repletos
833 1527 973 1553 secum
1016 1514 1220 1554 traherent
1263 1514 1547 1566 cotidianaque

189 1572 333 1612 funera
360 1579 399 1612 ct
424 1588 532 1613 mors
559 1573 610 1614 ob
636 1574 776 1615 oculos
803 1583 911 1616 esset
943 1582 982 1616 ct
1007 1577 1185 1629 undique
1211 1577 1298 1617 dies
1324 1583 1547 1629 noctesque

189 1633 371 1687 ploratus
397 1634 646 1675 audirentur.
676 1642 883 1689 postremo
909 1637 964 1677 ita
989 1638 1260 1678 adsuetudine
1286 1638 1383 1678 mali
1402 1638 1546 1678 effera—

190 1701 332 1735 verant
357 1696 534 1745 animos,
568 1703 612 1737 ut
636 1712 717 1737 non
742 1698 863 1738 modo
888 1698 1066 1739 lacrimis
1091 1699 1280 1752 iustoque
1306 1699 1547 1753 conploratu

189 1764 532 1810 prosequerentur
557 1765 758 1808 mortuos,
797 1760 870 1800 sed
899 1775 949 1800 nc
975 1760 1165 1801 efferrent
1196 1761 1362 1814 quidem
1387 1768 1457 1801 aut
1482 1775 1546 1801 se-

189 1819 378 1873 pelirent,
411 1821 670 1874 iacerentque
697 1828 822 1863 strata
847 1823 1036 1864 exanima
1062 1838 1232 1878 corpora
1255 1824 1296 1864 in
1323 1830 1546 1878 conspectu

191 1882 365 1922 similem
402 1889 574 1924 mortem
605 1885 924 1938 expectantium,
963 1886 1193 1939 mortuique
1229 1901 1394 1941 aegros,
1432 1886 1545 1941 aegri

189 1943 346 1984 validos
379 1959 472 1985 cum
504 1952 627 1994 metu,
646 1953 730 1986 tum
757 1947 849 1987 tabe
876 1962 922 1987 ac
953 1948 1147 2001 pestifero
1179 1948 1302 1989 odore
1329 1962 1545 2002 corporum

191 2005 447 2047 conficerent.
509 2014 548 2047 ct
584 2014 628 2047 ut
664 2008 770 2048 ferro
807 2009 941 2062 potius
978 2017 1249 2059 morerentur,
1288 2010 1453 2063 quidam
1484 2010 1545 2049 in-

192 2067 395 2107 vadebant
422 2069 497 2108 soli
522 2068 700 2109 hostium
733 2070 941 2111 stationes.
956 2073 990 2081 *⁴
1001 2071 1128 2111 multo
1160 2079 1297 2112 tamen
1328 2072 1388 2112 vis
1415 2071 1544 2112 maior

191 2128 318 2181 pestis
359 2128 594 2170 Poenorum
643 2139 777 2171 castra
825 2146 945 2184 quam
986 2132 1175 2173 Romana
1198 2134 1326 2173 —diu
1371 2133 1544 2174 circum-

192 2190 371 2230 sedendo
387 2189 615 2244 Syracusas
635 2193 746 2233 caelo
771 2193 969 2246 aquisque
995 2195 1214 2235 adsuerant
1239 2220 1271 2223 —
1299 2193 1541 2250 [adfecerat]

192 2251 335 2305 magis.
391 2266 441 2292 ex
466 2252 647 2294 hostium
672 2255 851 2295 exercitu
879 2254 1026 2305 Siculi,
1059 2263 1103 2297 ut
1126 2257 1303 2310 primum
1329 2257 1466 2298 videre
1492 2272 1543 2298 ex

191 2313 391 2366 gravitate
416 2313 494 2354 loci
519 2315 677 2369 volgari
701 2316 878 2365 morbos,
905 2317 945 2357 in
972 2333 1067 2358 suas
1093 2319 1266 2372 quisque
1291 2319 1542 2373 propinquas

190 2374 312 2414 urbes
345 2374 492 2428 dilapsi
523 2383 635 2425 sunt3
673 2383 712 2417 et
739 2376 1120 2433 Carthaginienses,
1159 2380 1308 2433 quibus
1340 2396 1543 2434 nusquam

189 2442 377 2490 receptus
404 2443 506 2486 erat,
533 2452 626 2478 cum
651 2438 751 2492 ipsis
777 2440 950 2481 ducibus
971 2441 1225 2495 Hippocrate
1251 2450 1372 2496 atque
1392 2443 1544 2484 Himil-

190 2512 290 2537 cone
326 2498 379 2538 ad
409 2498 725 2540 internecionem
756 2515 897 2542 omnes
928 2503 1146 2556 perierunt.
1175 2514 1182 2523 ⁴
1217 2503 1459 2553 Marcellus,
1499 2511 1542 2545 ut

190 2565 302 2599 tanta
328 2560 387 2601 vis
413 2561 628 2615 ingruebat
652 2562 766 2612 mali,
805 2564 1039 2605 traduxerat
1068 2565 1108 2605 in
1141 2564 1284 2606 urbem
1310 2581 1406 2607 suos
1432 2566 1542 2607 infir-

189 2635 337 2673 maque
363 2636 532 2676 corpora
556 2629 662 2664 tecta
687 2630 726 2665 et
750 2625 1232 2668 umbrac'rccreaverant.
1269 2627 1387 2669 multi
1406 2634 1541 2669 tamen

189 2697 240 2723 ex
265 2683 452 2725 Romano
478 2686 658 2726 exercitu
684 2687 827 2728 eadem
852 2694 967 2742 peste
993 2688 1200 2744 absumpti
1225 2696 1331 2731 sunt.

1576 847 1593 877 G

1578 972 1593 1000 7

1574 1652 1614 1681 10

1575 1901 1609 1928 11

1571 2272 1610 2301 13

1570 2396 1609 2425 14

1570 2519 1608 2550 15
