1815 3184
275 656 312 685 13

293 1211 311 1239 (0

341 224 424 265 284
638 228 790 262 LIBER
816 224 964 270 XXVI,
991 228 1044 261 16.
1064 228 1117 261 17.
1146 229 1194 270 [a.
1209 239 1242 260 u.
1259 238 1287 261 c.
1301 228 1383 271 543]

339 348 522 381 versum,
561 331 778 372 multitudo
810 330 961 371 civium
992 329 1187 383 dissipata
1219 329 1262 368 in
1291 329 1446 369 nullam
1477 345 1590 384 spem
1626 346 1689 372 re-

339 396 467 443 ditus,
504 408 586 434 non
618 392 819 433 saevitum
848 391 1048 431 incendiis
1078 390 1288 442 ruinisque
1318 390 1360 430 in
1389 396 1495 430 tecta
1524 392 1690 432 innoxia

295 478 300 483 ·
337 469 556 508 murosque
582 461 621 494 et
648 468 741 494 cum
767 453 1040 493 emolumento
1066 452 1251 504 quaesita
1275 451 1398 492 etiam
1423 452 1532 505 apud
1557 453 1688 493 socios

337 517 513 558 lenitatis
540 516 698 570 species
723 514 1000 555 incolumitate
1026 513 1138 554 urbis
1162 512 1443 553 nobilissimae
1468 513 1690 566 opulentis-

339 579 564 631 simaeque,
592 578 707 618 cuius
733 577 860 616 ruinis
886 576 1018 616 omnis
1041 574 1288 628 Campania,
1315 588 1456 614 omnes
1481 574 1551 626 qui
1566 573 1690 614 Cam-

338 641 501 696 paniam
528 641 634 680 circa
659 639 847 679 accolunt
871 638 1011 692 populi
1035 636 1350 691 ingemuissent:
1389 635 1594 676 confessio
1620 650 1690 676 ex-

338 718 479 757 pressa
505 702 632 750 hosti,
659 708 812 755 quanta
836 701 897 740 vis
923 700 965 740 in
977 699 1176 740 Romanis
1196 699 1248 739 ad
1267 699 1516 752 expetendas
1536 712 1690 752 poenas

338 764 388 805 ab
419 763 652 809 infidelibus
691 763 811 804 sociis
848 772 887 802 et
923 776 1047 814 quam
1082 761 1183 800 nihil
1212 761 1254 800 in
1278 760 1513 801 Hannibale
1552 760 1691 800 auxilii

337 827 389 867 ad
412 834 599 879 receptos
624 826 667 865 in
691 825 814 865 fidem
840 825 1013 864 tuendos
1040 830 1159 864 esset.

419 888 567 929 XVII.
635 887 812 928 Romani
842 893 977 940 patres
1013 885 1235 939 perfuncti,
1274 885 1384 938 quod
1419 885 1471 925 ad
1503 883 1689 938 Capuam

339 949 552 998 attinebat,
587 964 683 989 cura
709 948 757 989 C.
784 948 938 988 Neroni
965 962 1014 987 ex
1038 947 1088 987 iis
1115 946 1274 987 duabus
1299 946 1550 1001 legionibus,
1587 960 1690 999 quas
1716 997 1720 1002 ‚

337 1012 390 1052 ad
427 1011 616 1065 Capuam
652 1010 874 1058 habuerat,
926 1024 998 1049 sex
1040 1008 1151 1048 milia
1186 1009 1370 1062 peditum
1413 1015 1452 1048 et
1488 1013 1689 1048 trecentos

338 1074 513 1126 equites,
541 1087 643 1126 quos
668 1073 756 1126 ipse
782 1072 968 1126 legisset,
1007 1077 1047 1111 ct
1073 1071 1229 1111 socium
1253 1070 1396 1110 Latini
1419 1070 1594 1110 nominis
1620 1083 1690 1123 pe-

338 1136 468 1175 ditum
493 1150 707 1175 numerum
732 1149 872 1188 parem
903 1140 942 1173 et
973 1133 1229 1187 octingentos
1262 1132 1417 1184 equites
1449 1132 1686 1172 decernunt.

338 1212 431 1238 eum
465 1196 687 1237 exercitum
711 1195 895 1236 Puteolis
927 1195 969 1234 in
998 1209 1124 1234 naves
1155 1194 1378 1248 inpositum
1407 1193 1515 1234 Nero
1546 1193 1588 1233 in
1612 1193 1690 1233 Hi-

339 1259 522 1313 spaniam
548 1257 849 1311 transportax‘it.
899 1271 992 1297 cum
1012 1256 1285 1296 Tarraconem
1312 1255 1485 1296 navibus
1511 1255 1690 1296 venisset

338 1320 617 1374 expositisque
652 1319 709 1359 ibi
741 1319 868 1372 copiis
901 1324 939 1358 et
970 1318 1142 1358 navibus
1175 1317 1386 1358 subductis
1425 1317 1557 1357 socios
1589 1331 1689 1369 quo-

337 1396 417 1434 que
447 1382 602 1422 navalis
634 1381 905 1425 multitudinis
937 1381 1149 1434 augendae
1187 1394 1310 1420 causa
1343 1385 1560 1427 armasset,
1596 1394 1690 1432 pro-

337 1444 468 1483 fectus
505 1443 557 1483 ad
581 1442 785 1483 Hiberum
822 1442 974 1482 flumen
1011 1441 1233 1482 exercitum
1269 1440 1320 1480 ab
1352 1440 1416 1480 Ti.
1442 1440 1614 1480 Fonteio
1651 1447 1690 1480 et

338 1505 497 1545 Marcio
535 1504 702 1557 accepit.
762 1503 857 1543 inde
893 1503 1027 1556 pergit
1063 1502 1115 1542 ad
1150 1502 1279 1542 hostis
1315 1502 1385 1541 ire.
1446 1501 1688 1542 Hasdrubal

335 1566 582 1606 Hamilcaris
609 1566 661 1605 ad
679 1565 864 1618 Lapides
891 1571 999 1604 atros
1026 1570 1159 1604 castra
1183 1562 1378 1603 habebat:
1404 1563 1446 1602 in
1464 1562 1688 1603 Ausetanis

335 1628 369 1667 is
395 1627 508 1668 locus
541 1633 601 1666 est
631 1626 735 1666 inter
767 1626 917 1679 oppida
947 1625 1152 1679 Iliturgim
1184 1632 1223 1664 et
1247 1624 1506 1665 Mentissam.
1566 1624 1688 1664 huius

336 1688 462 1729 saltus
494 1688 634 1728 fauces
665 1687 773 1727 Nero
802 1686 987 1741 [insedit.
1036 1686 1276 1727 Hasdrubal
1302 1685 1413 1740 cum]
1446 1686 1488 1726 in
1513 1693 1598 1726 arto
1623 1700 1688 1726 res

335 1756 460 1798 essct,
488 1750 798 1789 caduceatorem
823 1749 951 1797 misit,
979 1749 1049 1801 qui
1073 1748 1343 1802 promitteret,
1371 1748 1405 1788 si
1423 1748 1516 1788 inde
1537 1748 1688 1788 missus

334 1812 456 1860 foret,
501 1826 543 1851 se
581 1825 744 1851 omnem
781 1811 1005 1851 exercitum
1041 1826 1092 1851 ex
1127 1810 1332 1864 Hispania
1367 1810 1686 1863 deportaturum.

335 1888 457 1926 quam
493 1887 578 1913 rem
615 1888 707 1913 cum
743 1873 850 1913 laeto
881 1873 1017 1913 animo
1049 1872 1260 1913 Romanus
1299 1872 1540 1925 accepisset,
1580 1871 1688 1911 diem

334 1943 543 1990 posterum
568 1935 808 1976 Hasdrubal
835 1935 1048 1988 conloquio
1074 1935 1233 1989 petivit,
1266 1941 1310 1974 ut
1336 1934 1548 1987 (Romam)
1573 1934 1687 1988 leges

335 1997 687 2038 conscriberentur
717 1998 766 2037 de
798 1998 1004 2038 tradendis
1038 1997 1199 2038 arcibus
1231 1996 1394 2037 urbium
1426 1996 1574 2049 dieque
1606 2002 1687 2036 sta-

334 2059 502 2107 tuenda,
542 2059 594 2098 ad
629 2074 752 2112 quam
787 2059 991 2113 praesidia
1027 2059 1324 2099 deducerentur
1361 2072 1516 2110 suaque
1551 2057 1688 2098 omnia

292 2135 306 2162 ῖ
335 2121 421 2161 sine
446 2121 590 2161 fraude
615 2120 747 2161 Poeni
773 2122 1045 2175 deportarent.
1101 2120 1210 2173 quod
1235 2119 1306 2160 ubi
1330 2119 1580 2173 impetravit,
1617 2133 1688 2158 ex-

289 2319 307 2347 S

289 2504 306 2532 9

334 2183 485 2236 templo
515 2183 657 2236 primis
689 2183 867 2223 tenebris
901 2190 1021 2235 atque
1052 2183 1146 2222 inde
1177 2189 1262 2222 tota
1286 2189 1424 2231 nocte,
1462 2181 1572 2234 quod
1596 2196 1689 2235 gra-

332 2244 548 2285 vissimum
585 2244 786 2284 exercitus
825 2251 927 2293 erat,
976 2243 1217 2285 Hasdrubal
1252 2257 1511 2296 quacumque
1546 2248 1687 2296 posset

335 2306 507 2346 evadere
534 2306 639 2346 saltu
665 2306 795 2346 iussit.
857 2307 951 2346 data
983 2306 1125 2346 sedulo
1157 2320 1280 2359 opera
1306 2311 1385 2353 est,
1422 2319 1473 2344 ne
1498 2304 1615 2344 multi
1641 2318 1689 2344 ea

332 2376 450 2409 noete
486 2368 659 2417 exirent,
702 2374 746 2408 ut
782 2368 872 2421 ipsa
907 2368 1092 2421 paucitas
1130 2382 1223 2407 cum
1254 2367 1307 2407 ad
1336 2367 1496 2407 hostem
1528 2365 1687 2406 silentio

332 2430 558 2471 fallendum
589 2431 739 2484 aptior,
778 2436 864 2470 tum
896 2431 948 2470 ad
984 2430 1241 2470 evadendum
1272 2444 1345 2483 per
1376 2435 1483 2469 artas
1521 2427 1686 2469 semitas

333 2507 380 2532 ac
405 2492 583 2532 difficilis
610 2498 730 2532 esset.
790 2499 959 2532 ventum
991 2492 1221 2544 insequenti
1253 2491 1317 2531 die
1349 2491 1401 2531 ad
1426 2489 1685 2542 conloquium

334 2560 412 2602 est3
457 2554 529 2593 sed
558 2553 763 2606 loquendo
794 2553 911 2607 plura
943 2552 1240 2605 scribendoque
1272 2552 1409 2592 dedita
1434 2566 1558 2605 opera
1581 2563 1685 2602 quae

333 2614 374 2652 in
410 2629 495 2654 rem
531 2630 613 2654 non
645 2622 781 2655 essent
811 2615 876 2655 die
907 2621 1168 2668 consumpto,
1206 2614 1248 2653 in
1277 2619 1486 2668 posterum
1518 2610 1684 2650 dilatum

272 2687 309 2715 10
335 2681 407 2715 est.
447 2675 584 2716 addita
602 2676 822 2729 insequens
849 2691 930 2717 nox
950 2676 1127 2729 spatium
1147 2676 1258 2715 dedit
1283 2681 1322 2715 et
1347 2674 1446 2714 alios
1461 2669 1683 2712 emittendi.
