1815 3184
446 233 599 267 LIBER
624 233 734 274 XXI,
759 232 813 266 20.
833 231 887 266 21.
915 233 963 274 [a.
980 227 1115 274 0218]
1410 219 1460 259 17

105 346 174 381 aut
216 354 290 394 pro
331 337 531 379 Romanis
575 343 645 377 aut
687 336 885 377 adversus
921 333 1085 374 Poenos
1131 338 1295 374 sumant
1337 347 1462 372 arma.

106 409 245 443 contra
271 416 318 442 ea
344 400 484 441 audire
511 414 619 449 sese,
652 399 787 454 gentis
815 411 912 438 suae
944 396 1132 436 homines
1165 410 1264 450 agro
1295 394 1463 434 finibus-

105 479 185 519 que
206 464 349 504 Italiae
374 462 471 517 pelli
496 477 520 503 a
544 462 697 516 populo
716 461 905 501 Romano
932 458 1262 513 stipendiumque
1288 456 1466 510 pendere

106 534 146 569 et
181 532 316 567 cetera
350 525 520 579 indigna
555 524 651 578 pati.
701 523 846 563 eadem
882 521 1010 561 ferme
1046 519 1088 559 in
1125 519 1269 559 ceteris
1305 516 1466 559 Galliae

107 588 289 630 conciliis
323 587 432 627 dicta
463 586 682 638 auditaque
694 601 704 635 3
742 599 819 625 nec
849 582 1051 636 hospitale
1088 581 1308 634 quicquam
1345 594 1468 634 paca-

107 658 247 691 tumve
280 649 377 690 satis
408 648 520 702 prius
553 648 738 688 auditum
771 662 895 699 quam
927 644 1160 685 Massiliam
1192 658 1352 684 venere.
1412 642 1469 683 ibi

107 713 244 753 omnia
269 711 320 752 ab
348 710 468 751 sociis
495 709 689 762 inquisita
714 724 808 749 cum
833 723 930 748 cura
955 721 1003 747 ac
1030 707 1110 747 fide
1137 706 1319 761 cognita,
1352 719 1469 759 prae-

107 779 328 828 occupatos
354 772 436 812 iam
461 779 553 811 ante
579 771 630 812 ab
656 769 894 810 Hannibale
923 767 1140 810 Gallorum
1166 768 1324 809 animos
1359 781 1468 808 esse:

109 836 182 877 sed
214 850 263 876 ne
295 835 353 875 illi
385 834 552 887 quidem
582 833 661 886 ipsi
688 832 786 872 satis
815 831 955 871 mitem
982 837 1147 885 gentem
1174 830 1261 870 fore
1286 853 1343 858 --
1367 829 1470 869 adeo

107 898 261 939 ferocia
286 903 407 948 atque
432 895 629 935 indomita
656 894 821 948 ingenia
849 908 940 933 esse
966 918 1038 940 ——‚
1076 892 1118 931 ni
1152 891 1324 932 subinde
1358 906 1469 940 auro,

109 960 224 1001 cuius
258 957 497 999 avidissima
528 972 630 1010 gens
663 963 745 1004 est,
780 955 1013 1008 principum
1039 953 1164 993 animi
1191 953 1470 993 concilientur.

107 1022 163 1062 ita
187 1019 414 1074 peragratis
440 1017 675 1071 Hispaniae
702 1024 741 1057 et
767 1014 928 1057 Galliae
955 1015 1118 1069 populis
1144 1014 1270 1068 legati
1294 1014 1470 1053 Romam

107 1083 279 1123 redeunt
308 1080 419 1121 haud
451 1080 508 1120 ita
533 1080 660 1120 multo
688 1085 783 1133 post
807 1092 930 1131 quam
957 1076 1147 1117 consules
1174 1076 1215 1116 in
1240 1075 1471 1129 provincias

107 1143 280 1198 profecti
323 1149 448 1183 erant.
510 1141 718 1182 civitatem
763 1154 927 1180 omnem
970 1139 1012 1178 in
1056 1137 1339 1192 expectatione
1375 1136 1473 1177 belli

109 1212 286 1246 erectam
317 1205 581 1253 invenerunt,
621 1203 720 1244 satis
754 1208 966 1243 constante
1004 1200 1116 1241 fama
1151 1200 1234 1240 iam
1265 1198 1471 1240 Hiberum

111 1268 274 1309 Poenos
301 1266 541 1308 tramisisse.

193 1330 325 1370 XXI.
386 1327 599 1369 Hannibal
627 1327 815 1382 Sagunto
848 1332 967 1381 capto
995 1324 1292 1379 Carthaginem
1323 1337 1471 1365 novam

110 1393 152 1433 in
181 1392 353 1433 hiberna
385 1396 645 1432 concesserat
676 1389 814 1442 ibique
846 1388 996 1429 auditis
1029 1402 1134 1441 quae
1159 1388 1317 1428 Romae
1348 1400 1474 1439 quae-

111 1469 191 1508 que
219 1453 471 1508 Carthagine
497 1459 588 1493 acta
613 1452 858 1504 decretaque
886 1450 1037 1498 forent,
1066 1464 1192 1502 seque
1217 1464 1301 1489 non
1326 1449 1473 1488 ducem

114 1517 247 1557 solum
275 1516 347 1556 sed
372 1515 494 1556 etiam
520 1529 687 1554 causam
715 1528 806 1558 esse
832 1513 946 1561 belli,
978 1511 1138 1566 partitis
1167 1510 1386 1551 divenditis
1412 1524 1475 1549 re-

113 1579 248 1632 liquiis
291 1577 467 1632 praedae
510 1576 612 1616 nihil
654 1576 762 1616 ultra
804 1575 1078 1615 differendum
1120 1580 1252 1622 ratus,
1297 1571 1476 1626 Hispani

113 1640 276 1695 generis
302 1639 450 1679 milites
477 1644 687 1678 convocat.
750 1638 890 1677 ‘credo
923 1651 1001 1691 ego
1032 1635 1140 1684 vos‚'
1177 1634 1309 1688 inquit
1342 1633 1474 1680 ‘socii‚

115 1710 153 1742 et
178 1702 289 1756 ipsos
322 1715 504 1748 cernere,
543 1700 699 1754 pacatis
731 1699 922 1740 omnibus
949 1698 1181 1753 Hispaniae
1211 1696 1375 1751 populis
1408 1703 1477 1736 aut

115 1763 335 1803 finiendam
377 1762 495 1803 nobis
533 1761 719 1802 militiam
757 1761 1045 1813 exercitusque
1083 1759 1348 1800 dimittendos
1386 1772 1478 1799 esse

115 1832 184 1866 aut
220 1825 260 1865 in
296 1825 396 1865 alias
433 1831 561 1865 terras
593 1823 924 1864 transferendum
961 1822 1134 1863 bellum:
1172 1822 1228 1861 ita
1261 1820 1369 1861 enim
1400 1819 1478 1860 hae

117 1896 258 1943 gentes
290 1901 373 1927 non
401 1886 515 1940 pacis
550 1885 702 1934 solum,
742 1885 815 1925 sed
847 1885 970 1925 etiam
995 1884 1189 1924 victoriae
1215 1883 1335 1923 bonis
1362 1882 1479 1922 flore-

119 1950 234 1998 bunt,
262 1950 296 1990 si
322 1964 373 1989 ex
398 1949 486 1989 aliis
514 1948 706 2003 gentibus
734 1947 927 2002 praedam
955 1954 994 1987 et
1018 1946 1192 2001 gloriam
1214 1958 1474 1998 quaeremus.

117 2012 253 2064 itaque
279 2026 372 2051 cum
396 2011 621 2065 longinqua
653 2025 676 2050 a
708 2010 829 2050 domo
862 2009 986 2049 instet
1017 2008 1163 2048 militia
1194 2007 1476 2058 incertumque

119 2073 188 2121 sit,
225 2073 389 2125 quando
421 2073 565 2112 domos
598 2079 755 2112 vestras
789 2078 829 2112 et
860 2085 965 2124 quae
998 2071 1145 2123 cuique
1176 2069 1233 2110 ibi
1265 2083 1359 2108 cara
1385 2074 1479 2107 sunt

120 2135 244 2174 visuri
277 2134 383 2182 sitis,
418 2134 452 2174 si
482 2134 573 2186 quis
600 2140 783 2174 vestrum
810 2147 907 2173 suos
934 2132 1110 2172 invisere
1137 2131 1240 2179 volt,
1276 2144 1480 2170 commea—

120 2203 206 2236 tum
226 2196 290 2236 do.
339 2195 470 2249 primo
490 2211 584 2236 vere
606 2196 722 2236 edico
748 2195 912 2243 adsitis,
940 2200 985 2234 ut
1010 2194 1087 2234 diis
1115 2193 1218 2233 bene
1243 2191 1479 2232 iuvantibus

123 2258 273 2298 bellum
298 2257 474 2311 ingentis
501 2257 654 2312 gloriae
683 2257 943 2311 praedaeque
970 2256 1155 2295 futurum
1181 2252 1452 2308 incipiamus.5

209 2318 416 2360 Omnibus
436 2318 521 2359 fere
542 2319 701 2359 visendi
721 2319 865 2358 domos
886 2317 1023 2358 oblata
1043 2316 1148 2356 ultro
1168 2323 1350 2370 potest-as
1365 2321 1481 2370 grata

123 2388 225 2429 erat,
253 2388 291 2421 et
312 2381 392 2420 iam
413 2380 739 2421 desiderantibus
762 2394 858 2420 suos
879 2386 919 2419 et
942 2379 1104 2433 longius
1124 2378 1165 2418 in
1185 2378 1368 2418 futurum
1389 2391 1481 2431 pro-

122 2442 355 2483 videntibus
393 2443 653 2483 desiderium.
718 2456 790 2496 per
825 2448 956 2482 totum
993 2447 1155 2494 tempus
1186 2439 1333 2480 hiemis
1365 2439 1481 2493 quies

123 2506 226 2545 inter
244 2505 404 2545 labores
426 2512 495 2545 aut
519 2505 601 2545 iam
628 2504 850 2544 exhaustos
877 2510 947 2543 aut
973 2518 1068 2543 mox
1094 2502 1394 2543 exhauriendos
1419 2515 1483 2541 re-

123 2567 289 2607 novavit
314 2581 484 2621 corpora
510 2567 752 2618 animosque
778 2565 830 2606 ad
855 2565 991 2605 omnia
1017 2565 1067 2605 de
1092 2564 1250 2619 integro
1276 2563 1480 2618 patienda.

124 2643 220 2669 vere
246 2628 377 2682 primo
403 2629 454 2669 ad
481 2629 659 2669 edictum
686 2642 926 2668 convenere.

209 2690 438 2739 Hannibal,
472 2705 563 2731 cum
591 2689 865 2731 recensuisset
891 2688 1071 2729 omnium
1098 2688 1283 2743 gentium
1316 2687 1479 2736 auxilia,

190 2766 253 2794 Livi
272 2767 325 2793 rol.
349 2766 384 2794 H.
1234 2754 1255 2787 2

1492 407 1509 436 6

1493 532 1509 560 7

1493 652 1513 682 8

1497 1027 1515 1056 9

1503 1337 1515 1365 1

1501 1523 1518 1543 ί)

1501 1543 1518 1551 -ι

1503 1647 1521 1675 3

1503 1832 1522 1860 4

1504 2019 1522 2047 5

1507 2204 1524 2233 6

1507 2329 1522 2357 7

1507 2451 1525 2480 8

1507 2700 1524 2728 9
