1815 3184
302 242 383 283 162
604 247 758 282 LIBER
782 232 932 289 XXIII,
958 246 1014 280 47.
1035 246 1090 279 48.
1119 248 1216 289 [a.u.
1232 246 1358 289 2539]

256 369 272 396 7
298 354 340 394 in
364 350 563 399 fossam’,
601 363 706 403 quae
736 363 819 389 vox
848 349 891 389 in
921 348 1120 389 rusticum
1148 347 1244 388 inde
1274 347 1537 402 proverbium
1565 365 1658 404 pro-

298 415 435 454 ditast.
499 411 718 460 Claudius,
756 424 850 451 eum
877 424 925 451 ea
949 410 1016 451 via
1045 410 1170 465 longe
1193 410 1511 464 perequitasset,
1546 412 1659 452 nullo

299 474 420 517 obvio
445 474 564 514 hoste
588 473 630 513 in
650 486 842 526 campum
865 486 1008 512 rursus
1030 478 1196 512 evectus
1215 471 1430 525 increpans
1451 471 1659 526 ignaviam

297 537 429 577 hostis
455 550 550 577 cum
574 549 726 589 magno
751 533 903 589 gaudio
935 540 974 575 et
1004 533 1276 588 gratulatione
1306 533 1436 574 victor
1459 533 1502 574 in
1527 541 1661 576 castra

253 611 272 640 8
296 598 413 638 redit.
473 596 569 637 huic
593 610 758 650 pugnae
783 595 963 648 equestri
992 609 1080 636 rem
1104 619 1138 624 -
1161 609 1286 648 quam
1310 609 1408 636 vera
1439 595 1508 644 sit,
1549 609 1660 636 com-

298 659 433 700 munis
466 658 624 711 (certe)
656 657 903 698 existimatio
935 662 998 697 est
1021 681 1054 685 —
1078 656 1308 697 mirabilem
1340 662 1449 697 certe
1480 657 1660 697 adiciunt

299 721 468 773 quidam
505 719 692 764 annales:
743 733 837 759 cum
872 718 1148 772 refugientem
1184 718 1237 759 ad
1272 717 1416 759 urbem
1454 717 1660 759 Tauream

301 782 501 823 Claudius
529 787 784 834 sequeretur,
810 780 966 835 patenti
984 780 1164 821 hostium
1189 786 1331 835 portae
1355 780 1564 821 invectum
1588 795 1662 834 per

300 844 468 884 alteram
496 842 755 897 stupentibus
781 841 978 883 miraculo
1003 841 1191 882 hostibus
1216 842 1415 883 intactum
1440 842 1635 883 evasisse.

258 920 272 948 1
385 904 708 946 XXXXVIH.
759 903 911 956 Quieta
928 903 1023 944 inde
1044 903 1191 944 stativa
1210 903 1324 944 fuere
1344 917 1391 944 ac
1411 910 1518 945 retro
1538 904 1660 945 etiam

300 966 444 1008 consul
469 966 597 1007 movit
622 973 773 1015 castra,
805 972 849 1005 ut
875 972 1100 1006 sementem
1127 964 1330 1019 Campani
1353 964 1554 1015 facerent,
1585 980 1662 1006 nec

302 1036 395 1069 ante
420 1027 587 1068 violavit
613 1042 759 1083 agrum
786 1026 1047 1081 Campanum
1079 1041 1202 1080 quam
1232 1027 1314 1068 iam
1339 1026 1444 1068 altae
1474 1027 1517 1067 in
1542 1040 1662 1081 sege-

256 1104 275 1134 2
303 1090 412 1131 tibus
443 1089 594 1130 herbae
625 1088 824 1143 pabulum
848 1088 1044 1143 praebere
1074 1095 1273 1142 poterant.
1333 1088 1376 1128 id
1407 1088 1597 1129 convexit
1620 1088 1663 1128 in

273 1177 277 1180 <
304 1151 534 1193 Claudiana
565 1158 699 1191 castra
729 1164 852 1204 super
884 1149 1127 1191 Suessulam
1157 1149 1296 1203 ibique
1325 1148 1496 1190 hiberna
1520 1149 1660 1189 aedifi-

302 1213 421 1254 cavit.
471 1211 533 1252 M.
562 1211 738 1252 Claudio
763 1211 998 1265 proconsuli
1022 1211 1255 1264 imperavit,
1280 1217 1326 1251 ut
1349 1217 1506 1251 retento
1530 1210 1660 1251 Nolae

302 1274 536 1315 necessario
573 1273 626 1313 ad
666 1272 862 1313 tuendam
897 1271 1041 1312 urbem
1077 1271 1281 1326 praesidio
1318 1278 1474 1313 ceteros
1511 1271 1660 1312 milites

302 1335 521 1376 dimitteret
534 1334 731 1382 Romam,
756 1348 809 1374 ne
835 1333 947 1374 oneri
973 1333 1092 1374 sociis
1120 1339 1159 1373 et
1185 1333 1366 1386 sumptui
1390 1333 1449 1374 rei
1473 1332 1662 1387 publicae

258 1411 276 1440 3
302 1404 451 1438 essent.
513 1403 552 1437 et
589 1395 653 1436 Ti.
687 1393 901 1436 Gracchus
939 1410 963 1435 a
995 1394 1139 1435 Cumis
1171 1394 1394 1434 Luceriam
1429 1394 1471 1433 in
1505 1393 1662 1447 Apulia

301 1459 485 1513 legiones
512 1471 605 1498 cum
631 1457 830 1505 duxisset,
856 1455 918 1496 M.
934 1455 1147 1496 Valerium
1171 1455 1266 1495 inde
1284 1461 1514 1509 praetorem
1527 1455 1662 1495 Brun-

302 1520 453 1561 disium
490 1533 584 1560 cum
620 1533 667 1559 eo
703 1532 825 1571 quem
856 1517 1061 1557 Luceriae
1096 1515 1297 1557 habuerat
1333 1517 1514 1558 exercitu
1549 1517 1656 1559 misit

302 1582 487 1634 tuerique
517 1595 630 1621 oram
661 1580 749 1634 agri
776 1578 993 1620 Sallentini
1023 1584 1062 1619 et
1092 1578 1308 1632 providere
1339 1579 1450 1632 quod
1480 1579 1532 1620 ad
1561 1578 1662 1619 Phi-

301 1644 459 1697 lippum
483 1642 719 1694 bellumque
744 1640 1064 1681 Macedonicum
1089 1640 1289 1681 adtineret
1313 1640 1445 1682 iussit.

258 1719 277 1747 4
386 1704 516 1744 Exitu
551 1703 717 1744 aestatis
756 1702 868 1751 eius,
917 1716 999 1754 qua
1033 1700 1136 1742 haec
1175 1708 1294 1756 gesta
1333 1702 1661 1757 perscripsimus,

301 1766 460 1806 litterae
488 1780 512 1805 a
535 1764 584 1805 P.
612 1771 650 1805 et
678 1763 756 1805 Cn.
787 1762 1052 1817 Scipionibus
1077 1770 1294 1813 venerunt,
1320 1771 1494 1817 quantas
1521 1778 1664 1817 quam-

302 1842 381 1880 que
413 1841 630 1881 prosperas
662 1826 704 1866 in
728 1825 934 1879 Hispania
962 1839 1027 1866 res
1058 1825 1303 1879 gessissent:
1342 1825 1416 1879 sed
1445 1826 1663 1880 pecuniam

301 1890 344 1930 in
381 1889 632 1943 stipendium
666 1888 993 1940 vestimentaque
1029 1894 1069 1927 et
1104 1886 1356 1927 frumentum
1393 1887 1589 1928 exercitui
1624 1893 1664 1926 et

259 1967 278 1996 5
305 1952 426 1994 sociis
455 1951 670 1993 navalibus
702 1950 838 1992 omnia
869 1949 1027 1990 deesse.
1087 1949 1199 2002 quod
1229 1949 1282 1990 ad
1313 1949 1562 2003 stipendium
1592 1949 1664 1989 ad-

304 2015 447 2063 tineat,
475 2014 510 2055 si
534 2013 735 2054 aerarium
760 2013 879 2066 inops
906 2012 975 2060 sit,
1003 2025 1045 2052 se
1064 2010 1243 2064 aliquam
1262 2010 1460 2051 rationem
1478 2010 1662 2058 inituros,

305 2090 386 2129 quo
417 2075 538 2117 modo
570 2074 621 2116 ab
653 2074 855 2129 Hispanis
888 2079 1071 2122 sumant3
1109 2079 1244 2113 cetera
1275 2072 1417 2125 utique
1448 2071 1499 2113 ab
1529 2072 1665 2112 Roma

304 2137 503 2179 mittenda
538 2150 629 2178 esse
664 2150 740 2177 nec
777 2135 893 2176 aliter
933 2140 1003 2174 aut
1038 2134 1261 2175 exercitum
1304 2139 1374 2174 aut
1410 2133 1664 2188 provinciam

262 2214 279 2243 6
306 2199 434 2240 teneri
458 2212 593 2253 posse.
642 2197 786 2238 litteris
811 2196 990 2237 recitatis
1015 2210 1136 2236 nemo
1162 2195 1346 2237 omnium
1371 2201 1474 2243 erat,
1501 2194 1600 2248 quin
1624 2201 1664 2234 et

306 2275 403 2301 vera
434 2260 558 2301 scribi
588 2266 628 2300 et
657 2258 857 2314 postulari
887 2272 1018 2311 aequa
1048 2257 1268 2306 fateretur3
1318 2256 1391 2297 sed
1427 2255 1666 2297 occurrebat

307 2322 472 2370 animis,
509 2327 684 2374 quantos
716 2319 918 2361 exercitus
950 2319 1150 2359 terrestris
1181 2317 1421 2371 navalisque
1456 2324 1666 2358 tuerentur

307 2390 542 2437 quantaque
567 2397 675 2423 nova
700 2381 844 2423 classis
863 2395 961 2421 mox
985 2380 1168 2434 paranda
1193 2386 1319 2428 esset,
1347 2379 1381 2420 si
1405 2378 1558 2420 bellum
1570 2377 1666 2419 Ma-

266 2460 282 2487 7
310 2444 550 2486 cedonicum
575 2450 829 2484 moveretur:
881 2440 1065 2483 Siciliam
1084 2455 1137 2482 vac
1164 2439 1416 2489 Sardiniam,
1442 2454 1547 2493 quae
1572 2446 1666 2480 ante

309 2506 462 2547 bellum
497 2505 720 2560 vectigales
757 2504 953 2552 fuissent,
1001 2503 1071 2543 vix
1112 2502 1322 2557 praesides
1364 2501 1664 2556 provinciarum

267 2580 285 2609 8
312 2569 513 2609 exercitus
540 2568 659 2609 alere.
698 2566 848 2608 tributo
869 2571 1057 2619 sumptus
1083 2564 1353 2619 suppeditari3
1379 2563 1510 2617 (eum)
1529 2563 1664 2617 ipsum

312 2629 509 2670 tributum
540 2629 838 2670 conferentium
867 2641 1084 2668 numerum
1120 2627 1242 2667 tantis
1280 2625 1532 2667 exercituum
1563 2629 1663 2664 stra-

312 2690 434 2744 gibus
471 2698 509 2731 et
541 2691 593 2730 ad
624 2690 940 2730 Trasimennum
969 2688 1105 2728 lacum
1137 2694 1176 2728 et
1207 2687 1259 2728 ad
1291 2686 1457 2727 Cannas
1488 2683 1664 2725 inminu-
