1815 3184
480 250 634 284 LIBER
658 250 830 293 XXIIII,
855 250 909 284 26.
929 250 984 284 27.
1013 252 1060 293 [a.
1078 249 1115 285 C.
1131 250 1212 294 214]
1446 241 1523 282 191

171 353 419 395 abstractam
445 369 468 394 a
491 352 768 408 penetralibus
793 352 998 408 iugulant,
1028 354 1070 394 in
1088 353 1267 409 virgines
1293 353 1440 395 deinde
1465 368 1528 394 re-

172 431 335 470 spersas
372 415 512 456 matris
550 429 691 456 cruore
731 415 930 470 impetum
971 415 1139 456 faciunt.
1211 430 1317 469 quae
1353 416 1527 457 alienata

170 485 306 518 mente
338 477 459 518 simul
489 477 601 518 luctu
631 483 823 530 metuque
854 476 966 518 velut
997 483 1140 531 captae
1164 476 1301 518 furore
1331 491 1379 518 eo
1405 491 1528 517 cursu

173 553 215 579 se
241 554 291 580 ex
318 539 493 580 sacrario
524 539 828 593 proripuerunt,
865 545 927 586 ut,
965 538 999 579 si
1030 538 1230 593 effugium
1259 539 1461 593 patuisset
1485 538 1527 578 in

170 600 400 654 publicum,
438 600 680 654 impleturae
710 599 855 640 urbem
884 600 1062 640 tumultu
1093 600 1254 641 fuerint.
1315 606 1403 640 tum
1427 614 1528 654 quo-

171 676 250 715 que
281 661 380 702 haut
410 677 560 716 magno
593 661 756 702 aedium
788 662 918 716 spatio
949 662 1054 702 inter
1078 662 1234 703 medlos
1261 668 1319 703 tot
1350 668 1527 702 armatos

174 723 418 776 aliquotiens
443 723 603 777 integro
631 738 799 777 corpore
826 730 1044 764 evaserunt
1069 723 1401 777 tenentffiusque,
1434 737 1528 764 cum

171 792 230 824 tot
266 799 314 825 ac
349 791 433 825 tam
468 784 628 825 validae
667 785 907 825 eluctandae
944 800 1091 826 manus
1129 792 1285 835 essent,
1329 799 1420 826 sese
1452 785 1528 825 eri-

171 853 359 899 puerunt.
420 846 585 886 tandem
620 845 855 887 volneribus
892 846 1121 895 confectae,
1165 861 1258 887 cum
1295 847 1432 888 omnia
1466 861 1530 887 re-

170 907 353 961 plessent
379 908 597 962 sanguine,
626 908 834 948 exanimes
855 914 1104 949 corruerunt.
1143 909 1392 962 caedemque
1414 909 1464 949 de
1485 923 1528 949 se

171 968 446 1010 miserabilem
475 968 813 1009 miserabiliorem
844 983 964 1009 casus
995 969 1110 1018 fecit,
1148 970 1259 1022 quod
1289 970 1411 1023 paulo
1437 977 1530 1024 post

170 1031 336 1071 nuntius
373 1031 485 1071 venit
520 1030 687 1070 mutatis
723 1037 891 1083 repente
927 1030 979 1070 ad
1016 1030 1336 1071 misericordiam
1367 1031 1528 1079 animis,

169 1105 221 1131 ne
246 1091 580 1132 interficerentur.
640 1091 700 1131 ira
725 1091 872 1131 deinde
898 1105 949 1132 ex
973 1091 1254 1131 misericordia
1279 1098 1385 1141 orta,
1418 1092 1528 1144 quod

169 1152 272 1193 adeo
292 1152 531 1192 festinatum
550 1152 603 1192 ad
629 1152 878 1206 supplicium
902 1166 1035 1205 neque
1059 1152 1174 1193 locus
1200 1153 1436 1206 paenitendi
1460 1161 1530 1193 aut

169 1228 383 1268 regressus
409 1213 461 1254 ab
486 1213 546 1253 ira
569 1213 735 1254 relictus
763 1220 883 1254 esset.
944 1214 1081 1267 itaque
1113 1214 1286 1255 fremere
1311 1214 1529 1255 multitudo

169 1282 209 1315 et
238 1275 281 1315 in
310 1275 446 1316 locum
476 1274 739 1315 Adranodori
770 1289 817 1316 ac
848 1275 1053 1317 Themisti
1076 1301 1109 1304 —
1133 1291 1229 1316 nam
1261 1275 1383 1318 ambo
1413 1291 1531 1331 prae-

169 1342 276 1377 tores
302 1336 463 1377 fuerant
486 1361 519 1365 —
544 1337 708 1378 comitia
731 1351 918 1392 poscere,
946 1352 1051 1391 quae
1076 1352 1337 1391 nequaquam
1363 1353 1414 1379 ex
1440 1353 1531 1380 sen-

170 1398 296 1438 tentia
319 1404 553 1452 praetorum
578 1399 718 1439 futura
743 1406 892 1440 essent.

254 1459 452 1500 XXVII.
515 1458 704 1501 Statutus
730 1467 792 1501 est
818 1461 992 1502 comitiis
1018 1461 1124 1510 dies3
1151 1476 1232 1514 quo
1257 1475 1333 1503 nec
1359 1462 1529 1516 opinan-

172 1520 280 1561 tibus
307 1520 496 1561 omnibus
524 1536 629 1562 unus
657 1536 707 1562 ex
731 1522 875 1563 ultima
899 1523 1019 1564 turba
1042 1522 1261 1577 Epicyden
1291 1524 1529 1573 nominavit,

172 1591 259 1622 tum
283 1582 378 1622 inde
404 1582 507 1623 alius
533 1582 853 1637 Hippocratem3
890 1584 1113 1625 crebriores
1134 1585 1281 1626 deinde
1306 1585 1383 1625 hae
1407 1600 1530 1626 voces

173 1651 210 1684 et
237 1657 331 1684 cum
355 1643 454 1684 haut
479 1643 602 1685 dubio
628 1644 807 1685 adsensu
826 1645 1097 1685 multitudinis
1119 1660 1222 1686 esse.
1261 1652 1301 1686 et
1326 1653 1412 1686 erat
1436 1661 1533 1686 con-

173 1704 267 1745 fusa
291 1705 425 1745 contio
450 1720 531 1745 non
555 1705 743 1759 populari
767 1706 908 1754 modo,
936 1706 1007 1746 sed
1027 1706 1190 1746 militari
1210 1721 1374 1760 quoque
1400 1707 1530 1756 turba,

173 1781 323 1820 magna
347 1780 398 1807 ex
422 1774 537 1820 parte
568 1766 691 1807 etiam
721 1767 922 1821 perfugis,
960 1767 1030 1820 qui
1055 1768 1191 1808 omnia
1215 1782 1367 1808 novare
1393 1769 1532 1822 cupie-

172 1828 289 1876 bant,
321 1829 546 1882 permixtis.
595 1834 804 1882 praetorcs
830 1828 1088 1870 dissimulare
1113 1829 1244 1883 primo
1270 1836 1309 1871 et
1334 1830 1532 1871 trahenda

171 1905 214 1931 re
240 1905 349 1939 esse3
381 1898 588 1944 postremo
615 1890 711 1931 victi
736 1904 940 1931 consensu
967 1897 1006 1931 et
1031 1891 1272 1932 seditionem
1302 1898 1530 1933 metuentes

172 1953 435 2007 pronuntiant
471 1967 540 1993 eos
579 1960 801 2006 praetores,
862 1967 938 1993 nec
972 1953 1030 1993 illi
1064 1953 1197 2007 primo
1234 1954 1371 1994 statim
1408 1954 1532 1995 creati

175 2015 327 2055 nudare
353 2014 452 2067 quid
476 2014 644 2063 vellent,
671 2028 922 2067 quamquam
948 2029 1070 2068 aegre
1095 2014 1300 2064 ferebant,
1333 2021 1372 2055 et
1397 2015 1448 2055 de
1473 2016 1534 2055 in-

174 2076 297 2115 dutiis
323 2076 481 2116 dierum
507 2076 651 2116 deceni
675 2076 833 2130 legatos
859 2077 941 2116 isse
967 2077 1019 2116 ad
1038 2075 1224 2130 Appium
1245 2076 1467 2117 Claudium
1493 2082 1532 2116 et

174 2137 385 2190 inpetratis
423 2137 480 2178 eis
518 2137 643 2187 alios,
694 2138 765 2190 qui
802 2138 852 2178 de
888 2137 1053 2178 foedere
1095 2138 1261 2190 antiquo
1296 2138 1532 2178 renovando

176 2204 361 2252 agerent,
398 2198 559 2239 missos.
631 2199 683 2239 ad
718 2198 1000 2253 Murgantiam
1036 2205 1123 2239 tum
1161 2199 1333 2240 classem
1364 2199 1532 2239 navium

177 2266 341 2300 centum
366 2258 579 2301 Romanus
616 2259 812 2309 habebat,
850 2275 1029 2313 quonam
1066 2261 1286 2302 evaderent
1314 2268 1449 2301 motus
1482 2275 1534 2302 ex

177 2320 371 2362 caedibus
397 2328 663 2375 tyrannorum
688 2322 763 2363 orti
780 2320 998 2376 Syracusis
1018 2337 1152 2377 quove
1173 2337 1242 2363 eos
1263 2328 1402 2378 ageret
1426 2337 1534 2364 nova

177 2389 299 2435 atque
324 2382 488 2423 insolita
511 2383 698 2433 libertas,
724 2384 954 2438 opperiens.

260 2443 343 2484 Per
368 2444 535 2485 eosdem
559 2445 646 2486 dies
673 2460 767 2486 cum
792 2446 844 2487 ad
868 2445 1114 2487 Marcellum
1139 2445 1371 2486 venientem
1400 2446 1443 2486 in
1469 2444 1535 2487 Si-

177 2505 311 2545 ciliam
343 2505 468 2560 legati
501 2504 753 2561 Syracusani
787 2507 903 2548 missi
934 2507 985 2548 ab
1015 2506 1156 2561 Appio
1187 2513 1342 2556 essent,
1385 2507 1534 2548 auditis

179 2567 486 2608 condicionibus
511 2568 626 2622 pacis
640 2568 879 2619 Marcellus,
904 2583 1028 2624 posse
1052 2583 1139 2610 rem
1165 2569 1382 2610 convenire
1406 2576 1532 2618 ratus,

177 2636 216 2670 et
240 2630 328 2684 ipse
352 2629 510 2685 legatos
539 2629 787 2685 Syracusas,
819 2631 889 2685 qui
914 2646 1053 2673 coram
1084 2645 1177 2672 cum
1202 2630 1457 2685 praetoribus
1483 2631 1534 2671 de

1554 612 1593 642 13

1558 860 1596 888 14

1557 1106 1595 1134 15

1558 1227 1596 1257 16

1558 1658 1575 1687 ‘2

1557 1843 1574 1871 3

1557 1967 1576 1994 4

1558 2213 1577 2242 5

1560 2455 1577 2485 6

179 2692 412 2733 renovando
437 2692 602 2734 foedere
627 2700 814 2749 agerent,
841 2694 962 2736 misit.
1018 2700 1058 2735 et
1081 2694 1164 2735 iam
1189 2693 1246 2735 ibi
1269 2707 1530 2748 nequaquam
1557 2707 1573 2735 7
