1815 3184
422 238 573 272 LIBER
597 238 764 282 XXVII,
789 238 843 272 37.
872 241 919 281 [a.
936 238 974 272 e.
989 237 1162 281 208.207]
1385 228 1467 269 367

119 357 281 382 murum
312 350 353 382 et
381 348 543 396 portam
568 341 618 381 de
649 332 914 381 caelo'tacta.
974 340 1316 389 BIenturnenses,
1354 339 1469 380 terri·
1495 352 1514 381 3

118 404 240 445 bilius
279 404 389 457 quod
420 410 549 452 esset,
587 403 836 452 adiciebant,
874 402 1086 457 sanguinis
1117 402 1251 443 rivum
1281 402 1323 442 in
1351 409 1471 457 porta

118 466 301 507 fluxisse.
338 473 379 506 et
394 464 565 520 Capuae
589 464 711 519 lupus
737 472 856 505 nocte
881 472 1042 519 portam
1064 464 1277 518 ingressus
1303 464 1470 518 vigilem

120 528 357 568 laniaverat.
417 527 519 567 haec
549 534 768 580 procurata
797 527 927 567 hostis
960 526 1182 567 maioribus
1212 526 1401 580 prodigia
1432 533 1472 566 et
1497 537 1515 564 4

121 589 365 644 supplicatio
392 588 499 628 diem
524 603 653 628 unum
683 588 761 628 fuit
791 603 842 629 ex
867 589 1031 629 decreto
1061 587 1315 641 pontificum.
1374 587 1470 627 inde

119 652 267 692 iterum
292 651 537 692 novendiale
562 650 852 699 instauratum,
890 650 1002 702 quod
1026 649 1068 689 in
1092 649 1344 689 Armilustro
1369 649 1472 703 lapi-

120 713 240 753 dibus
267 713 402 752 visum
433 712 587 766 pluere.
647 712 840 751 liberatas
871 711 1070 765 religione
1101 718 1260 751 mentes
1293 710 1473 751 turbavit
1497 721 1516 749 ἱ)

119 789 262 814 rursus
299 773 531 813 nuntiatum
560 773 793 813 Frusinone
830 779 972 812 natum
1007 772 1208 812 infantem
1245 786 1336 812 esse
1373 786 1473 824 qua-

121 836 251 876 drimo
277 851 437 890 parem,
463 849 539 875 nec
558 834 841 888 magnitudine
862 841 946 874 tam
966 834 1199 873 mirandum
1220 848 1342 886 quam
1362 834 1470 886 quod

120 898 154 937 is
180 912 362 950 quoque,
400 903 444 936 ut
471 895 696 936 Sinuessae
722 895 886 935 biennio
919 903 1032 943 ante,
1070 895 1268 944 incertus,
1304 910 1392 935 mas
1420 911 1472 935 an

120 959 274 999 femina
299 965 427 1006 esset,
463 964 584 997 natus
612 963 710 996 erat.
770 956 812 995 id
837 971 934 996 vero
960 956 1198 1009 haruspices
1231 970 1282 996 ex
1306 957 1474 996 Etruria
1499 968 1516 996 6

120 1020 243 1060 adciti
279 1019 447 1059 foedum
483 1032 530 1058 ac
561 1025 678 1072 turpe
709 1016 944 1071 prodigium
976 1017 1130 1065 dicere,
1174 1024 1335 1057 extorre
1373 1033 1472 1071 agro

119 1082 328 1129 Romano,
354 1080 498 1135 procul
517 1086 648 1119 terrae
671 1085 880 1127 contactu,
908 1079 990 1118 alto
1009 1078 1295 1132 mergendum.
1333 1078 1473 1118 vivum

117 1143 160 1182 in
197 1156 333 1182 arcam
370 1141 591 1182 condidere
622 1147 946 1194 provectumque
977 1139 1019 1179 in
1050 1153 1162 1179 mare
1198 1139 1471 1193 proiecerunt.

119 1203 337 1244 decrevere
373 1202 471 1242 item
506 1201 742 1256 pontifices,
781 1208 826 1241 utv
862 1200 1043 1254 virgines
1081 1207 1142 1241 ter
1178 1216 1364 1241 novenae
1400 1216 1473 1255 per
1501 1213 1516 1240 7

117 1265 263 1306 urbem
289 1271 433 1304 euntes
460 1277 626 1304 carmen
651 1270 858 1303 canerent.
906 1262 949 1302 id
976 1276 1068 1302 cum
1092 1262 1135 1302 in
1153 1262 1266 1303 Iovis
1295 1261 1472 1303 Statoris

119 1327 220 1368 aede
258 1326 463 1367 discerent
502 1325 712 1366 conditum
749 1326 801 1365 ab
826 1324 950 1365 Livio
987 1332 1111 1378 poeta
1142 1338 1326 1372 carmen,
1365 1332 1475 1364 tacta

119 1389 170 1430 de
195 1389 308 1430 caelo
334 1388 447 1429 aedis
472 1387 514 1427 in
539 1387 750 1428 Aventino
776 1387 948 1427 Iunonis
974 1386 1162 1441 Reginae
1172 1403 1182 1435 ;
1218 1386 1473 1441 prodigium-
1499 1399 1518 1428 8

119 1465 198 1504 que
234 1450 277 1490 id
313 1450 365 1490 ad
400 1456 609 1490 matronas
646 1449 852 1504 pertinere
894 1448 1135 1503 haruspices
1174 1463 1267 1489 cum
1302 1464 1474 1504 respon-

120 1512 277 1552 dissent
303 1511 493 1563 donoque
519 1511 658 1551 divam
703 1510 951 1566 placandam
982 1525 1094 1560 esse,
1133 1511 1327 1551 aedilium
1353 1525 1473 1551 curu-
1499 1522 1516 1551 9

119 1573 219 1613 lium
257 1572 389 1613 edicto
426 1572 468 1612 in
501 1571 752 1626 Capitolium
789 1579 1057 1620 convocatae,
1108 1572 1256 1624 quibus
1294 1572 1336 1612 in
1371 1573 1474 1613 urbe

119 1636 311 1676 Romana
346 1634 534 1686 intraque
571 1634 776 1674 decimum
818 1633 999 1687 lapidem
1042 1634 1093 1673 ab
1129 1634 1232 1674 urbe
1269 1633 1475 1674 domicilia

121 1703 278 1745 essent,
316 1695 430 1750 ipsae
456 1695 561 1735 inter
593 1710 635 1735 se
669 1695 848 1748 quinque
875 1702 914 1735 et
945 1695 1092 1750 viginti
1124 1695 1383 1749 delegerunt,
1422 1695 1475 1735 ad

121 1774 224 1811 quas
251 1773 301 1798 ex
339 1757 503 1798 dotibus
542 1756 692 1811 stipem
723 1757 968 1797 conferrent.
1029 1756 1125 1797 inde
1157 1757 1311 1797 donum
1341 1757 1472 1811 pelvis
1501 1769 1542 1798 10

121 1835 246 1861 aurea
269 1820 378 1859 facta
408 1819 572 1872 lataque
602 1819 644 1859 in
668 1818 944 1867 Aventinum,
981 1832 1082 1872 pure
1115 1825 1309 1871 casteque
1341 1834 1364 1859 a
1387 1833 1475 1859 ma-

121 1881 249 1922 tronis
277 1881 562 1921 sacrificatum.
613 1881 830 1921 confestim
856 1881 908 1921 ad
934 1880 1044 1921 aliud
1071 1880 1315 1921 sacrificium
1341 1880 1475 1921 eidem
1503 1893 1539 1921 11

121 1944 241 1984 divae
267 1943 318 1983 ab
344 1942 586 1983 decemviris
614 1943 748 1983 edicta
773 1943 880 1991 dies,
908 1942 1022 1984 cuius
1050 1942 1149 1983 ordo
1175 1942 1267 1982 talis
1294 1942 1390 1983 fuit:
1423 1943 1474 1983 ab

122 2005 223 2046 aede
248 2004 456 2059 Apollinis
483 2005 610 2045 boves
637 2004 816 2045 feminae
847 2005 965 2045 albae
992 2005 1097 2045 duae
1128 2011 1248 2058 porta
1274 2003 1475 2045 Carmen—

122 2067 193 2107 tali
217 2067 258 2106 in
283 2067 428 2107 urbem
453 2067 612 2107 ductae.
672 2074 767 2120 post
799 2081 868 2107 eas
901 2066 982 2107 duo
1009 2066 1129 2120 signa
1159 2080 1381 2120 cupressea
1404 2067 1474 2107 Iu-
1502 2077 1541 2107 12

121 2128 241 2168 nonis
277 2128 445 2181 reginae
481 2129 762 2182 portabantur.
822 2135 910 2168 tum
948 2134 1107 2182 septem
1143 2134 1184 2167 et
1213 2127 1358 2181 viginti
1395 2127 1476 2168 vir-

122 2190 259 2244 gines,
295 2189 462 2243 longam
493 2189 660 2230 indutae
691 2196 869 2238 vestem,
912 2204 1077 2230 carmen
1107 2189 1150 2229 in
1180 2189 1383 2229 Iunonem
1412 2204 1477 2230 re-

123 2251 264 2306 ginam
294 2257 488 2291 canentes
520 2251 653 2299 ibant,
692 2251 761 2291 illa
793 2258 1038 2305 tempestate
1069 2250 1243 2291 forsitan
1268 2250 1475 2291 laudabile
1502 2263 1541 2293 13

122 2312 292 2352 rudibus
329 2312 524 2366 ingeniis,
561 2326 671 2352 nunc
708 2312 933 2353 abhorrens
965 2320 1006 2353 et
1035 2311 1309 2360 inconditum,
1349 2312 1383 2352 si
1413 2327 1477 2353 re-

123 2373 290 2413 feratur.
351 2373 557 2427 virginum
582 2373 769 2414 ordinem
800 2374 1078 2427 sequebantur
1109 2373 1331 2413 decemviri
1362 2388 1477 2414 coro-

123 2434 208 2474 nati
232 2434 373 2474 laurea
396 2435 737 2488 praetextatique.
786 2451 810 2475 a
833 2442 953 2489 porta
977 2435 1144 2489 Iugario
1165 2435 1255 2475 vico
1274 2434 1316 2474 in
1341 2434 1476 2476 forum
1505 2449 1544 2478 14

124 2510 287 2537 venere.
347 2497 389 2537 in
419 2497 508 2538 foro
539 2512 692 2552 pompa
722 2498 922 2546 constitit3
961 2512 1034 2552 per
1063 2512 1210 2538 manus
1242 2504 1350 2538 reste
1382 2498 1478 2538 data

124 2557 306 2612 virgines
344 2573 491 2599 sonum
522 2559 634 2599 vocis
665 2558 789 2613 pulsu
819 2559 973 2613 pedum
1004 2559 1264 2600 modulantes
1296 2560 1477 2600 incesse-

123 2626 231 2660 runt,
290 2619 386 2661 inde
410 2620 501 2662 vico
527 2621 666 2662 Tusco
690 2621 955 2674 Velabroque
986 2637 1058 2676 per
1083 2621 1311 2662 Bovarium
1341 2621 1477 2662 forum
1505 2635 1544 2663 15

125 2680 166 2721 in
203 2681 354 2722 clivum
382 2682 617 2723 Publicium
654 2689 775 2736 atque
807 2683 952 2724 aedem
982 2682 1155 2725 Iunonis
1185 2683 1354 2737 reginae
1384 2697 1477 2739 per-
