1815 3184
317 241 400 282 422
599 245 754 279 LIBER
776 244 962 289 XXVIII,
987 244 1043 279 34.
1063 244 1118 279 35.
1146 246 1196 290 [a.
1209 257 1244 280 u.
1260 258 1289 280 c.
1303 246 1385 291 548]

274 367 292 396 3
402 348 592 390 Indibilis
635 347 805 388 abiectis
842 348 940 388 belli
978 346 1158 389 consiliis
1195 347 1297 388 nihil
1332 348 1458 389 tutius
1496 350 1667 392 adflictis

315 412 439 453 rebus
472 417 642 464 experta
671 409 752 450 fide
783 416 823 450 et
848 409 1066 450 clementia
1092 408 1300 467 Scipionis
1324 416 1458 458 ratus,
1489 409 1668 453 Mando-

271 489 291 517 4
315 474 429 515 nium
454 472 624 512 fratrem
649 471 702 511 ad
726 486 821 512 eum
845 471 986 521 mittit3
1018 471 1088 525 qui
1113 471 1332 512 advolutus
1358 472 1533 526 genibus
1564 472 1670 514 fata-

316 536 397 577 lem
427 534 585 575 rabiem
610 533 806 588 temporis
834 533 922 574 eius
949 541 1134 583 accusat,
1168 548 1262 574 cum
1289 533 1399 574 velut
1424 535 1669 590 contagione

317 597 498 651 quadam
531 596 732 653 pestifera
764 610 846 636 non
877 596 1080 651 Ilergetes
1111 596 1234 637 modo
1267 602 1307 636 et
1335 595 1559 645 Lacetani,
1598 597 1672 637 sed

272 675 290 703 5
317 668 453 700 castra
493 673 657 713 quoque
698 658 891 698 Romana
936 658 1191 699 insanierint.
1264 673 1382 698 suam
1424 657 1590 711 quidem
1631 666 1672 699 et

315 721 453 763 fratris
486 730 526 762 et
555 721 808 774 reliquorum
838 721 1100 776 popularium
1132 736 1222 762 eam
1254 720 1538 761 condicionem
1563 736 1669 770 esse,

267 805 271 806 ⁷
315 792 360 824 ut
392 792 479 833 aut,
520 783 554 823 si
584 783 642 823 ita
671 782 872 830 videatur,
910 783 1086 823 reddant
1118 783 1306 838 spiritum
1330 783 1380 823 P,
1409 782 1593 838 Scipioni
1618 783 1670 823 ab

317 846 463 886 eodem
492 845 562 886 1110
594 851 811 899 acceptum
843 852 912 885 aut
943 845 1095 885 servati
1125 844 1188 885 bis
1221 844 1292 884 uni
1326 844 1508 884 debitam
1542 844 1671 885 vitam

273 923 290 952 6
315 924 391 964 pro
429 923 477 949 eo
514 908 556 948 in
592 914 839 962 perpetuum
876 907 1121 948 devoveant.
1193 914 1314 947 antea
1353 907 1396 946 in
1434 920 1562 947 causa
1598 922 1673 947 sua

315 970 508 1010 fiduciam
535 969 613 1009 sibi
640 969 769 1010 fuisse
794 970 978 1010 nondum
1004 977 1175 1024 experta
1193 969 1411 1009 clementia
1430 968 1516 1008 eius
1526 985 1536 1017 3
1562 982 1672 1008 nunc

316 1039 459 1073 contra
489 1032 645 1072 nullam
677 1032 719 1071 in
750 1045 893 1080 causa,
931 1046 1096 1072 omnem
1126 1031 1169 1071 in
1199 1030 1480 1071 misericordia
1505 1029 1671 1070 victoris

274 1109 289 1137 7
318 1109 434 1148 spem
458 1094 636 1148 positam
662 1093 828 1134 habere.
882 1109 972 1134 mos
999 1101 1187 1134 vetustus
1214 1100 1302 1134 erat
1324 1092 1546 1141 Romanis,
1578 1105 1671 1132 eum

317 1171 398 1209 quo
428 1170 505 1196 nec
536 1156 703 1196 foedere
733 1170 810 1196 nec
841 1156 983 1208 aequis
1014 1155 1177 1209 legibus
1209 1155 1448 1209 iungeretur
1479 1153 1670 1202 amicitia,

316 1233 397 1259 non
435 1218 549 1272 prius
586 1217 758 1273 imperio
795 1218 837 1257 in
868 1232 962 1258 eum
993 1225 1204 1271 tamquam
1234 1225 1426 1272 pacatum
1457 1217 1517 1257 uti
1548 1231 1672 1270 quam

317 1279 455 1320 omnia
475 1279 614 1319 divina
633 1279 895 1332 humanaque
917 1279 1156 1328 dedidisset,
1178 1279 1344 1320 obsides
1365 1278 1535 1332 accepti,
1559 1293 1673 1319 arma

273 1355 291 1383 S
318 1341 529 1396 adempta,
556 1340 762 1395 praesidia
781 1341 953 1381 urbibus
974 1340 1168 1395 imposita
1186 1341 1333 1381 forent.
1371 1339 1512 1394 Scipio
1531 1340 1671 1379 multis

317 1403 505 1443 invectus
539 1402 580 1443 in
606 1410 868 1456 praesentem
891 1403 1168 1443 blandonium
1194 1403 1490 1454 absentemque
1515 1402 1673 1442 Indibi-

318 1465 398 1505 lem
419 1464 576 1513 verbis,
602 1464 694 1504 illos
716 1464 882 1516 quidem
909 1464 1053 1504 merito
1078 1464 1237 1518 perisse
1262 1463 1446 1517 ipsorum
1471 1462 1672 1504 maleficio

275 1540 291 1569 9
319 1527 392 1575 ait,
419 1527 599 1567 victuros
627 1540 701 1566 suo
728 1534 849 1578 atque
874 1526 1016 1580 populi
1037 1525 1216 1566 Romani
1240 1525 1454 1566 beneficio.
1492 1532 1674 1566 ceterum

318 1613 351 1617 —
384 1588 534 1643 quippe
572 1603 621 1629 ea
656 1588 829 1642 pignera
865 1588 1098 1628 timentium
1133 1588 1400 1629 rebellionem
1434 1602 1545 1637 esse,
1570 1613 1604 1617 -
1629 1603 1674 1628 se

317 1650 447 1691 libera
482 1654 517 1691 is
553 1666 667 1690 arma
695 1650 946 1703 relinquere,
986 1651 1142 1692 solutos
1174 1651 1354 1692 animos:
1391 1664 1525 1703 neque
1557 1665 1601 1691 se
1631 1650 1674 1691 in

254 1725 293 1754 10
318 1712 484 1753 obsides
510 1712 721 1761 innoxios,
749 1713 823 1753 sed
846 1713 889 1753 in
913 1712 1046 1768 ipsos,
1075 1712 1109 1753 si
1135 1713 1379 1762 defecerint,
1408 1712 1672 1761 saeviturum,

318 1788 393 1814 nec
419 1775 470 1815 ab
496 1774 661 1823 inermi,
689 1775 763 1815 sed
788 1775 840 1815 ab
866 1782 1023 1815 armato
1050 1775 1169 1816 hoste
1193 1790 1350 1829 poenas
1377 1773 1672 1829 expetiturum:

317 1844 533 1889 utramque
565 1837 774 1877 fortunam
805 1837 985 1891 expertis
1010 1837 1247 1892 permittere
1274 1852 1385 1886 sese,
1417 1843 1555 1877 utrum
1579 1851 1674 1890 pro-

254 1912 289 1940 11
317 1897 440 1952 pitios
473 1914 525 1938 an
554 1898 680 1939 iratos
713 1898 866 1939 habere
896 1899 1110 1940 Romanos
1141 1899 1324 1940 mallent.
1383 1899 1441 1938 ita
1477 1898 1672 1938 dimissus

318 1960 572 2001 Mandonius
598 1961 774 2015 pecunia
799 1962 1083 2002 tantummodo
1102 1961 1320 2015 imperata,
1348 1975 1399 2001 ex
1418 1974 1499 2012 qua
1519 1959 1674 2014 stipen-

256 2036 292 2064 12
320 2022 433 2062 dium
463 2022 581 2062 militi
611 2023 813 2077 praestari
843 2030 998 2077 posset.
1059 2023 1148 2078 ipse
1172 2022 1334 2063 RIareio
1364 2022 1406 2061 in
1437 2021 1674 2061 ulteriorem

318 2084 568 2138 Hispaniam
588 2085 837 2139 praemisso,
865 2084 1008 2126 Silano
1024 2085 1304 2126 Tarraconem
1322 2084 1497 2124 remisso
1515 2097 1672 2138 paucos

319 2155 502 2188 moratus
540 2147 646 2196 dies,
685 2148 783 2188 dum
819 2148 1064 2202 imperatam
1092 2147 1310 2202 pecuniam
1341 2146 1543 2201 Ilergetes
1580 2161 1673 2200 per-

319 2217 601 2258 numerarent,
637 2224 731 2249 011111
762 2210 964 2264 expeditis
989 2209 1197 2250 BIarcium
1226 2208 1309 2249 iam
1340 2207 1674 2263 adpropinquan-

320 2279 403 2312 tem
429 2271 601 2312 Oceano
628 2271 878 2324 adsequitur.

279 2347 293 2374 1
404 2332 604 2375 XXXV.
664 2333 866 2373 Ineohata
900 2347 966 2373 res
1003 2332 1086 2373 iam
1122 2342 1215 2373 ante
1247 2333 1297 2373 de
1322 2332 1552 2372 BIasinissa
1584 2330 1673 2371 aliis

322 2402 442 2450 atque
475 2394 563 2435 aliis
597 2395 647 2435 de
674 2395 809 2435 causis
837 2395 963 2435 dilata
988 2402 1092 2443 erat,
1125 2395 1235 2448 quod
1259 2394 1439 2436 Numida
1465 2408 1558 2434 cum
1582 2393 1673 2447 ipso

321 2456 460 2508 utIque
487 2457 683 2511 congredi
709 2455 904 2511 Scipione
930 2456 1094 2497 volebat
1121 2465 1243 2510 atque
1268 2456 1355 2497 eius
1382 2456 1526 2496 dextra
1550 2455 1673 2495 fidem

324 2518 499 2558 sancire:
538 2533 587 2559 ea
617 2526 703 2559 tum
734 2519 890 2559 itineris
928 2526 1013 2559 tam
1048 2519 1162 2573 longi
1199 2532 1246 2559 ae
1282 2526 1366 2559 tam
1405 2516 1514 2557 devii
1549 2530 1675 2556 eausa

279 2592 296 2620 2
326 2579 509 2633 Scipioni
535 2580 624 2621 fuit.
678 2580 908 2621 Masinissa
933 2594 1026 2620 cum
1052 2579 1242 2621 Gadibus
1269 2586 1397 2628 esset,
1430 2577 1577 2619 certior
1602 2576 1673 2616 ad-

324 2649 491 2681 ventare
522 2656 616 2682 eum
647 2658 670 2682 a
693 2642 855 2683 Blarcio
886 2643 1039 2691 factus,
1073 2642 1283 2682 causando
1314 2640 1520 2694 corrumpi
1545 2651 1672 2690 equos

324 2700 504 2742 inclusos
534 2702 576 2742 111
606 2704 741 2743 insula
769 2703 1067 2757 penuriamque
1099 2702 1281 2744 omnium
1310 2716 1447 2742 rerum
1472 2707 1511 2740 et
1536 2699 1672 2738 facere
