1815 3184
260 245 343 287 326
576 250 727 285 LIBER
751 251 920 294 xxvn,
946 251 978 284 3.
997 251 1028 285 4.
1058 253 1106 294 [a.
1120 263 1155 286 u.
1172 263 1201 286 e.
1215 252 1298 296 544]

258 364 393 397 autem
419 367 582 395 omnem
606 352 1032 406 frumento—tempus
1058 353 1167 402 terit,
1193 367 1244 394 ne
1264 354 1426 396 deesset
1444 359 1612 399 materia

257 418 298 457 in
325 416 561 469 Campanos
599 414 825 463 saeviendi,
862 429 1016 455 novum
1051 414 1103 456 in.
1131 415 1290 456 occulto
1325 416 1504 470 gliscens
1539 433 1612 472 per

257 477 452 519 indicium
476 482 727 530 protractum
753 484 815 517 est
840 475 1014 517 facinus.
1053 476 1203 517 milites
1224 477 1418 518 aedificiis
1439 486 1609 529 emotos,

258 538 378 580 simul
402 544 447 578 ut
473 552 566 578 cum
597 553 696 592 agro
721 544 828 578 tecta
856 537 969 578 urbis
1000 537 1174 578 fruenda
1203 538 1451 589 locarentur,
1490 542 1612 581 simul

256 609 466 648 metuens,
516 613 567 640 ne
604 614 725 640 suum
760 613 925 652 quoque
961 600 1185 640 exercitum
1221 601 1326 641 sicut
1362 601 1610 643 Hannibalis

256 661 381 702 nimia
405 660 519 702 urbis
545 661 769 701 amoenitas
796 661 1012 709 emolliret,
1049 661 1092 701 in
1121 662 1248 715 portis
1280 663 1490 716 murisque
1516 663 1612 704 sibi-

256 731 339 764 met
357 724 468 777 ipsos
489 730 596 764 tecta
620 722 846 763 militariter
866 730 1056 778 coegerat
1076 723 1303 765 aedificare.
1341 732 1455 765 erant
1474 732 1611 766 autem

255 786 450 841 pleraque
486 799 537 826 ex
573 784 752 825 cratibus
791 792 861 825 aut
897 784 1046 825 tabulis
1082 784 1215 835 facta,
1264 786 1344 826 alia
1384 786 1611 827 harundine

255 854 383 896 texta,
429 854 652 887 stramento
688 847 839 887 intecta
875 846 1030 895 onmia,
1072 846 1184 887 velut
1220 847 1270 888 de
1306 847 1506 888 industria
1541 848 1613 888 ali-

257 909 403 949 mentis
429 909 550 963 ignis.
599 908 701 949 haec
726 909 857 949 noctis
883 923 965 948 una
989 908 1088 949 hora
1115 909 1252 949 omnia
1275 909 1492 950 incendere
1518 924 1613 950 cen-

255 977 342 1010 tum
379 970 640 1024 septuaginta
677 969 880 1024 Campani
916 969 1168 1024 principibus
1206 970 1399 1011 fratribus
1437 971 1611 1012 Blossiis

214 1046 227 1059 Γ
257 1033 578 1074 coniuraverant.
650 1033 800 1074 indicio
843 1033 930 1074 eius
971 1033 1030 1073 rei
1071 1048 1122 1073 ex
1164 1033 1319 1074 familia
1354 1033 1610 1074 Blossiorum

255 1094 384 1144 facto,
420 1096 548 1148 portis
579 1102 746 1149 repente
782 1095 898 1136 iussu
934 1095 1191 1148 proconsulis
1223 1095 1391 1144 clausis,
1430 1110 1523 1135 cum
1560 1095 1611 1135 ad
1662 1102 1673 1106 “

255 1171 369 1197 arma
394 1157 511 1211 signo
537 1157 631 1197 dato
651 1157 800 1197 milites
820 1156 1137 1205 concurrissent,
1165 1156 1449 1210 comprehensi
1468 1171 1610 1197 omnes

255 1218 326 1270 qui
360 1217 402 1257 in
437 1233 546 1258 noxa
581 1225 695 1258 erant
731 1224 771 1258 et
807 1217 1045 1270 quaestione
1075 1217 1221 1258 acriter
1255 1217 1394 1258 habita
1430 1217 1611 1258 damnati

255 1279 494 1332 necatique3
554 1278 758 1319 indicibus
794 1278 960 1319 libertas
998 1285 1037 1319 et
1072 1279 1177 1319 aeris
1214 1279 1319 1319 dena
1354 1279 1465 1319 milia
1501 1280 1608 1319 data.

255 1341 483 1382 Nucerinos
521 1348 560 1381 et
594 1340 848 1389 Acerranos,
898 1347 1114 1393 querentes
1156 1340 1227 1381 ubi
1262 1340 1493 1381 habitarent
1528 1356 1610 1381 non

255 1417 364 1452 esse,
402 1402 568 1443 Acerris
596 1417 646 1443 ex
671 1409 784 1456 parte
810 1402 1006 1450 incensis,
1044 1401 1223 1441 Nuceria
1242 1401 1396 1450 deleta,
1433 1401 1610 1442 Romam

254 1464 428 1504 Fulvius
454 1464 506 1504 ad
532 1471 719 1504 senatum
743 1463 866 1502 misit.
926 1462 1147 1502 Acerranis
1173 1462 1438 1516 permissum,
1476 1469 1521 1502 ut
1546 1477 1612 1503 ae-

254 1526 466 1575 dificarent
491 1540 595 1578 quae
620 1525 789 1565 incensa
815 1531 946 1573 erant3
982 1523 1177 1564 Nucerini
1201 1523 1423 1578 Atellam‚]
1450 1525 1545 1577 quia
1570 1525 1612 1565 id

253 1587 497 1635 maluerant,
525 1586 728 1626 Atellanis
757 1585 959 1626 Calatiam
985 1585 1161 1639 migrare
1186 1585 1311 1626 iussis
1337 1586 1524 1626 traducti.

338 1648 452 1688 Inter
486 1648 635 1688 multas
672 1661 928 1702 magnasque
963 1661 1052 1695 res,
1101 1661 1206 1699 quae
1241 1661 1351 1687 nunc
1393 1647 1609 1696 secundae,

253 1724 361 1749 nunc
387 1710 583 1750 adversae
610 1709 867 1764 occupabant
892 1709 1160 1763 cogitationes
1186 1708 1415 1758 hominum,
1453 1723 1503 1749 ne
1529 1709 1611 1749 Ta-

254 1771 435 1811 rentinae
467 1771 631 1824 quidem
664 1771 768 1811 arcis
799 1771 949 1811 excidit
978 1770 1187 1810 memoria.
1247 1770 1308 1810 M.
1338 1769 1546 1825 Ogulnius
1572 1778 1611 1811 et

254 1832 302 1871 P.
319 1832 511 1885 Aquilius
538 1833 579 1872 in
592 1833 802 1873 Etruriam
827 1832 953 1886 legati
977 1832 1029 1872 ad
1049 1831 1298 1872 frumentum
1326 1833 1608 1880 coemendum,

253 1895 364 1948 quod
400 1895 625 1935 Tarentum
662 1902 906 1949 portaretur,
944 1893 1117 1948 profecti
1154 1901 1193 1934 et
1229 1894 1338 1934 mille
1374 1894 1522 1934 milites
1560 1894 1610 1934 de

254 1956 434 1997 exercitu
459 1956 634 2005 urbano,
671 1972 746 2011 par
770 1971 965 1997 numerus
992 1956 1196 1997 sociorum
1222 1956 1366 1996 eodem
1390 1956 1432 1996 in
1457 1956 1611 2010 pracsi-

254 2018 367 2057 dium
393 2032 486 2058 cum
512 2018 719 2059 frumento
744 2019 874 2059 missi.

340 2079 442 2120 IIII.
504 2080 594 2121 Iam
619 2087 754 2121 aestas
779 2080 822 2121 in
847 2080 958 2121 exitu
990 2086 1075 2120 crat
1099 2079 1437 2132 comitiorumque
1463 2093 1611 2119 consu-

252 2140 397 2181 larium
423 2142 603 2183 instabat
627 2149 803 2196 tempus.
865 2142 938 2182 sed
961 2141 1117 2182 litterae
1141 2140 1346 2189 Marcelli,
1373 2141 1562 2195 negantis
1589 2155 1610 2181 e

253 2217 295 2242 re
320 2203 486 2257 publica
511 2218 602 2244 esse
627 2203 848 2248 vestigium
881 2203 1048 2244 abscedi
1079 2202 1130 2243 ab
1156 2202 1411 2251 Hannibale,
1449 2202 1515 2242 cui
1546 2216 1612 2242 ce-

254 2263 365 2304 denti
396 2275 684 2318 certamenque
714 2265 911 2306 abnuenti
945 2264 1083 2319 gravis
1114 2264 1203 2318 ipse
1239 2264 1427 2312 instaret,
1471 2278 1610 2304 curam

255 2325 493 2376 iniecerant,
530 2342 582 2368 ne
614 2335 682 2369 aut
714 2327 924 2368 consulem
955 2334 1042 2367 tum
1074 2327 1252 2367 maxime
1281 2341 1346 2366 res
1373 2332 1562 2380 agentem
1587 2341 1612 2365 a

211 2401 217 2410 ‘
256 2387 361 2428 bello
387 2396 605 2429 avocarent
631 2396 701 2430 aut
724 2389 767 2429 in
786 2404 939 2429 annum
959 2388 1147 2429 consules
1169 2388 1371 2429 deessent.
1410 2388 1609 2442 optimum

255 2449 389 2490 visum
415 2459 494 2500 est,
532 2466 783 2505 quamquam
810 2458 925 2492 extra
948 2451 1111 2491 Italiam
1137 2457 1264 2499 esset,
1302 2450 1514 2491 Valerium
1538 2464 1612 2503 po-

255 2510 334 2551 tius
361 2512 571 2553 consulem
603 2528 653 2554 ex
680 2512 821 2554 Sicilia
850 2513 1045 2554 revocari.
1106 2513 1159 2553 ad
1189 2527 1282 2553 eum
1312 2512 1468 2552 litterae
1494 2512 1611 2552 iussu

255 2580 421 2612 senatus
453 2574 504 2614 ab
536 2576 587 2615 L.
614 2575 773 2615 Manlio
804 2586 990 2629 praetore
1020 2574 1134 2615 urbis
1166 2575 1316 2615 missae
1342 2589 1436 2615 cum
1465 2573 1608 2613 litteris

256 2634 434 2675 consulis
449 2635 508 2675 M.
526 2636 731 2685 Marcelli,
758 2645 802 2677 ut
816 2637 929 2677 exiis
943 2643 1146 2685 nosceret,
1168 2650 1273 2689 quae
1287 2650 1411 2676 causa
1424 2634 1607 2688 patribus

256 2709 350 2736 eum
373 2696 508 2748 potius
535 2712 658 2751 quam
684 2698 884 2752 collegam
908 2698 1131 2739 rovocandi
1155 2712 1206 2738 ex
1229 2696 1439 2751 provincia
1464 2700 1583 2735 essct.
