1815 3184
311 241 390 282 158
609 247 762 281 LIBER
787 235 936 290 xxm,
962 247 1015 281 43.
1036 247 1090 280 44.
1119 249 1166 290 [η.
1180 258 1215 281 u.
1231 258 1260 281 c.
1274 247 1356 291 539]

301 352 402 393 renti
425 356 619 405 conperta
640 356 734 391 sunt
754 364 878 403 quam
898 364 1003 403 quae
1022 365 1046 390 a
1064 349 1212 404 legatis
1233 350 1436 391 sociorum
1461 351 1655 393 audierat.

258 430 274 458 7
301 413 401 453 nihil
426 413 533 453 enim
546 411 771 452 Marcellus
792 412 848 452 ita
872 417 1030 466 egerat,
1056 418 1100 451 ut
1125 418 1194 452 aut
1213 411 1400 452 fortunae
1420 418 1488 453 aut
1507 419 1658 454 temere

299 475 407 516 hosti
444 474 712 515 commissum
749 474 830 514 dici
870 480 1029 528 posset:
1067 473 1277 528 explorato
1320 489 1412 514 cum
1450 474 1659 528 firmisque

299 536 515 592 praesidiis
551 543 639 577 tuto
675 544 842 590 receptu
873 536 1114 590 praedatum
1145 536 1262 586 ierat,
1301 537 1518 590 omniaque
1549 537 1661 578 velut

300 599 498 639 adversus
517 604 775 652 praesentem
790 597 1068 639 Hannibalem
1085 605 1204 638 cauta
1217 599 1462 652 provisaque
1482 598 1658 639 suerunt.

255 674 274 704 8
300 667 386 700 tum
425 659 495 700 ubi
531 659 659 700 sensit
695 659 857 700 hostem
894 660 1134 708 adventare,
1183 660 1321 714 copias
1358 660 1463 701 intra
1499 660 1660 700 moenia

299 722 447 770 tenuit,
483 736 557 776 per
580 736 720 762 muros
745 720 999 762 inambulare
1018 718 1238 762 'senatores
1263 722 1444 763 Nolanos
1478 722 1597 763 iussit
1622 728 1678 762 et.

255 799 272 829 9
299 783 436 824 omnia
467 784 574 824 eirca
606 783 818 838 explorare
851 797 957 836 quae
989 783 1100 837 apud
1129 783 1269 825 hostes
1299 784 1453 824 fierent.
1515 799 1566 825 ex
1595 784 1660 824 his

298 845 452 886 Hanno
479 860 571 886 cum
598 845 651 886 ad
676 860 840 886 murum
873 845 1160 894 successisset,
1198 845 1455 886 Herennium
1480 844 1662 886 Bassum

299 914 338 948 et
362 907 540 948 Herium
565 907 746 948 Pettium
779 907 831 948 ad
861 907 1124 960 conloquium
1151 914 1342 948 evocatos
1373 907 1661 962 permissuque

235 984 274 1013 10
298 968 487 1010 Marcelli
513 984 705 1024 egressos
731 984 804 1024 per
828 969 1092 1023 interpretem
1118 969 1363 1022 adloquitur.
1412 968 1660 1010 Hannibalis

298 1031 491 1072 virtutem
521 1032 810 1085 fortunamque
842 1031 1017 1080 extollit,
1054 1031 1196 1085 populi
1231 1031 1409 1072 Romani
1440 1031 1587 1072 obterit
1616 1037 1661 1071 ut

235 1109 271 1138 11
301 1100 582 1134 senescentem
630 1108 724 1134 cum
771 1093 928 1134 viribus
977 1094 1247 1135 maiestatem.
1319 1108 1423 1147 quae
1466 1093 1501 1134 si
1546 1094 1661 1148 paria

299 1162 455 1204 essent,
483 1162 527 1196 ut
546 1156 754 1209 quondam
774 1155 968 1204 fuissent,
1001 1162 1138 1196 tamen
1159 1155 1358 1209 expertis,
1391 1170 1515 1208 quam
1535 1170 1660 1210 grave

298 1218 534 1259 Romanum
557 1218 776 1272 imperium
803 1218 938 1267 sociis,
965 1225 1118 1271 quanta
1142 1217 1397 1272 indulgentia
1410 1217 1660 1258 Hannibalis

299 1280 422 1320 etiam
448 1280 489 1320 in
514 1281 697 1335 captivos
724 1280 855 1321 omnis
886 1279 1020 1320 Italici
1051 1279 1226 1320 nominis
1254 1280 1419 1328 suisset,
1457 1279 1659 1320 Punicam

299 1342 512 1383 Romanae
544 1342 782 1383 societatem
814 1349 935 1395 atque
962 1341 1183 1382 amicitiam
1207 1341 1529 1396 praeoptandam
1555 1356 1658 1382 esse.

235 1418 274 1448 12
300 1404 336 1444 si
360 1403 481 1445 ambo
508 1404 697 1445 consules
730 1418 825 1444 cum
858 1404 942 1444 suis
976 1403 1223 1444 exercitibus
1254 1403 1307 1443 ad
1336 1402 1482 1443 Nolani
1509 1410 1659 1452 essent,

299 1472 435 1506 tamen
460 1480 542 1506 non
562 1466 695 1521 magis
715 1480 833 1519 pares
848 1464 1077 1505 Hannibali
1102 1465 1261 1505 futuros
1282 1480 1406 1518 quam
1426 1465 1477 1504 ad
1493 1463 1659 1506 Cannas

299 1527 495 1576 fuissent,
532 1527 684 1567 nedum
715 1534 880 1581 praetor
911 1541 1016 1567 unus
1050 1541 1145 1567 cum
1175 1526 1317 1580 paucis
1350 1533 1389 1566 ct
1413 1526 1530 1566 novis
1557 1527 1662 1567 mili-

237 1603 274 1633 13
300 1589 408 1630 tibus
434 1589 583 1630 Nolam
608 1589 729 1629 tutari
753 1588 896 1643 possit.
957 1589 1142 1642 ipsorum
1174 1603 1297 1641 quam
1323 1588 1570 1629 Hannibalis
1601 1589 1662 1628 in-

300 1658 472 1700 teresse,
500 1657 620 1704 capta
645 1666 697 1691 an
723 1650 871 1691 tradita
889 1649 994 1690 Nola
1018 1657 1237 1704 poteretur.
1288 1651 1512 1704 potiturum
1537 1650 1658 1698 enim,

299 1720 343 1752 ut
369 1712 514 1766 Capua
527 1712 785 1765 Nuceriaque
810 1712 965 1766 potitus
992 1719 1119 1762 esset3
1147 1713 1220 1753 sed
1244 1712 1343 1766 quid
1366 1712 1471 1753 inter
1491 1712 1660 1767 Capuae

299 1788 347 1814 ac
382 1773 584 1814 Nuceriae
621 1773 829 1814 fortunam
866 1774 1100 1823 interesset,
1137 1775 1250 1829 ipsos
1286 1789 1413 1828 prope
1448 1774 1491 1814 in
1526 1775 1661 1815 medio

236 1850 275 1880 11
302 1836 400 1877 sitos
414 1836 596 1877 Nolanos
623 1836 739 1877 scire.
777 1836 885 1876 nolle
905 1837 1076 1877 ominari
1102 1851 1206 1890 quae
1233 1843 1375 1890 captae
1400 1836 1491 1876 urbi
1516 1851 1661 1877 casura

297 1897 449 1947 forent,
477 1904 516 1939 et
540 1898 676 1952 potius
703 1899 923 1952 spondere,
957 1899 991 1939 si
1004 1898 1249 1938 Marcellum
1269 1913 1363 1939 cum
1389 1898 1593 1952 pracsidio
1613 1913 1661 1939 ac

297 1959 445 2000 Nolam
482 1960 763 2010 tradidissent,
801 1961 1008 2001 neminem
1040 1960 1165 2000 alium
1202 1975 1325 2013 quam
1361 1960 1474 2014 ipsos
1510 1960 1659 2014 legem,

299 2036 381 2074 qua
428 2023 470 2062 in
518 2023 756 2064 societatem
808 2023 1112 2076 amicitiamque
1160 2022 1409 2063 Hannibalis
1462 2022 1659 2071 venirent,

301 2084 518 2124 dicturum.

256 2160 271 2189 1
383 2146 683 2188 XXXXHII.
754 2147 827 2187 Ad
871 2162 918 2187 ca
954 2147 1191 2187 Herennius
1228 2147 1388 2187 Bassus
1435 2146 1660 2201 respondit,

298 2209 450 2250 multos
483 2225 611 2251 annos
643 2210 725 2250 iam
755 2210 860 2250 inter
884 2209 1118 2250 Romanum
1144 2209 1432 2263 Nolanumque
1463 2209 1662 2263 populum

300 2271 520 2312 amicitiam
546 2287 655 2321 esse,
695 2272 811 2313 cuius
838 2280 1004 2313 neutros
1031 2273 1083 2313 ad
1109 2287 1199 2313 eam
1225 2273 1333 2312 diem
1358 2272 1584 2326 paenitere,
1622 2278 1662 2311 et

301 2333 396 2382 sibi,
436 2334 470 2375 si
495 2349 589 2375 cum
613 2335 780 2376 fortuna
810 2335 1008 2376 mutanda
1040 2335 1142 2375 fides
1167 2334 1308 2383 fuerit,
1347 2349 1437 2376 sero
1462 2334 1544 2374 iam
1570 2347 1662 2374 esse

256 2407 274 2436 ‘2
300 2403 457 2436 mutare
496 2411 598 2437 cam.
659 2395 751 2452 [an]
790 2396 987 2437 dedituris
1028 2411 1071 2437 se
1097 2396 1324 2437 Hannibali
1360 2396 1490 2436 fuisse
1527 2409 1662 2436 aecer-

302 2458 476 2498 scndum
511 2458 794 2499 Romanorum
829 2459 1112 2512 praesidium?
1160 2473 1253 2499 cum
1290 2458 1338 2499 iis
1376 2458 1446 2511 qui
1482 2457 1534 2498 ad
1571 2471 1660 2498 sese

301 2519 475 2560 tuendos
515 2512 743 2569 venissent,
781 2520 918 2561 omnia
956 2520 1034 2561 sibi
1070 2528 1109 2561 et
1145 2535 1236 2561 csse
1269 2520 1502 2561 consociata
1534 2525 1574 2560 ct
1609 2518 1660 2559 ad

301 2580 492 2621 ultimum
516 2581 618 2622 fore.

258 2652 276 2681 3
386 2641 482 2683 Hoc
519 2643 780 2697 conloquium
818 2643 985 2685 abstulit
1018 2659 1133 2699 spem
1165 2644 1391 2685 Hannibali
1422 2658 1495 2698 per
1524 2641 1659 2696 prodi-

302 2701 453 2743 tionem
477 2705 734 2758 recipiendae
754 2705 901 2755 Nolac,
927 2707 1065 2759 itaque
1091 2722 1240 2747 corona
1266 2706 1462 2759 oppidum
1489 2704 1658 2744 circum-
