1815 3184
464 255 612 289 LIBER
634 254 841 299 XXVIIII,
867 254 920 288 37.
949 256 996 297 [a.
1013 254 1051 288 C.
1065 251 1151 292 204]
1396 243 1474 285 481

137 366 326 400 senatum
354 358 648 400 recitaverunt:
684 358 875 414 princeps
906 358 1055 399 iterum
1085 357 1214 398 lectus
1246 356 1300 409 Q.
1324 357 1479 398 Fabius

136 421 369 471 Maximus,
406 421 536 462 notati
573 428 749 476 septem,
791 436 912 462 nemo
949 427 1087 461 tamen
1122 419 1191 473 qui
1223 419 1323 460 sella
1353 419 1481 460 curuli

139 484 326 525 sedisset.
388 491 498 524 sarta
529 490 637 524 tecta
666 483 812 524 acriter
843 491 884 524 et
914 498 1007 523 cum
1038 497 1198 523 summa
1227 482 1308 523 fide
1333 496 1483 537 exege-
1507 496 1525 525 2

136 554 230 586 runt
239 563 250 596 3
288 546 397 587 viam
422 561 443 587 e
468 546 557 587 foro
587 546 755 587 bovario
787 553 827 587 et
851 546 904 586 ad
926 545 1102 588 Veneris
1134 544 1242 585 circa
1271 544 1382 585 foros
1407 559 1483 599 pu-

136 609 265 650 blicos
303 616 344 649 et
379 609 523 649 aedem
558 609 707 649 Matris
744 609 927 663 Magnae
968 608 1011 649 in
1045 607 1207 648 Palatio
1250 607 1482 648 faciendam

135 670 387 712 locaverunt.
437 671 613 726 vectigal
638 671 760 712 etiam
786 685 940 711 novum
964 685 1016 711 ex
1042 669 1190 711 salaria
1214 684 1377 710 annona
1401 677 1484 711 sta·
1508 683 1527 713 3

136 739 314 774 tuerunt.
358 740 544 774 sextante
571 734 631 774 sal
656 741 696 774 et
708 733 867 774 Romae
893 740 933 774 et
956 747 1029 788 per
1053 739 1181 774 totam
1194 732 1358 773 Italiam
1384 739 1481 773 erat.

136 795 296 836 Romae
320 796 451 850 pretio
483 796 647 845 eodem,
683 796 811 851 pluris
842 795 885 835 in
909 795 1009 836 foris
1036 803 1075 836 et
1106 794 1406 844 conciliabulis,
1443 802 1484 835 et

138 857 217 898 alio
244 858 340 899 alibi
363 858 494 913 pretio
518 859 800 913 praebendum
818 858 1068 899 locaverunt.
1117 857 1159 897 id
1178 856 1354 912 vectigal
1374 871 1484 898 com-
1508 869 1529 898 4

137 927 322 960 mentum
358 921 530 961 alterum
561 935 612 962 ex
647 920 887 961 censoribus
920 919 1018 960 satis
1050 920 1289 968 credebant,
1331 919 1484 974 populo

136 982 303 1032 iratum,
330 984 440 1036 quod
463 983 603 1036 iniquo
627 983 777 1023 iudicio
803 983 1011 1036 quondam
1037 982 1253 1023 damnatus
1279 990 1389 1023 esset
1398 998 1407 1031 3
1445 990 1485 1023 et

136 1044 179 1084 in
213 1044 343 1099 pretio
381 1045 477 1085 salis
514 1044 691 1084 maxime
728 1051 917 1085 oneratas
954 1044 1102 1092 tribus,
1152 1058 1325 1096 quarum
1360 1058 1485 1098 opera

136 1106 354 1146 damnatus
380 1113 484 1154 erat,
515 1106 748 1146 credebant.
808 1106 902 1146 inde
930 1104 1137 1146 Salinator
1161 1105 1285 1146 Livio
1310 1105 1484 1146 inditum

137 1182 378 1222 cognomen.

219 1230 421 1271 Lustrum
446 1230 656 1271 conditum
682 1230 826 1279 serius,
853 1230 949 1283 quia
973 1245 1046 1284 per
1065 1229 1298 1284 provincias
1319 1230 1485 1271 dimise-
1509 1243 1527 1270 :2

134 1299 230 1333 runt
254 1307 464 1342 censores,
491 1300 535 1333 ut
559 1292 710 1333 civium
723 1292 1007 1334 Romanorum
1026 1292 1069 1332 in
1088 1292 1334 1333 exercitibus
1356 1307 1484 1345 quan-

135 1362 200 1395 tus
226 1355 377 1408 ubique
404 1362 515 1396 esset
543 1355 763 1396 referretur
793 1369 1002 1395 numerus.
1063 1368 1188 1395 censa
1219 1368 1311 1394 cum
1336 1354 1385 1395 iis
1411 1355 1486 1394 du-
1511 1367 1528 1396 6

135 1423 254 1458 centa
279 1418 421 1458 decem
452 1425 643 1471 quattuor
672 1417 785 1458 milia
815 1417 1038 1458 hominum.
1100 1416 1282 1458 condidit
1311 1417 1485 1457 lustrum

137 1477 186 1518 C.
214 1478 415 1519 Claudius
445 1479 568 1520 Nero.
630 1478 846 1520 duodecim
878 1478 1024 1519 deinde
1062 1478 1332 1527 coloniarum,
1376 1479 1485 1531 quod

135 1555 360 1593 numquam
392 1548 485 1581 ante
517 1541 672 1581 factum
704 1548 808 1589 erat,
845 1541 1125 1581 deferentibus
1157 1540 1339 1594 ipsarum
1375 1540 1485 1581 colo-

135 1602 296 1642 niarum
333 1602 597 1652 censoribus,
646 1617 816 1643 censum
852 1610 1122 1657 acceperunt,
1171 1611 1238 1651 ut,
1287 1609 1485 1655 quantum

134 1679 305 1705 numero
337 1664 530 1713 militum,
567 1673 765 1717 quantum
795 1664 970 1719 pecunia
1000 1665 1201 1713 valerent,
1238 1664 1279 1704 in
1309 1664 1484 1719 publicis

135 1727 285 1767 tabulis
311 1734 577 1767 monumenta
601 1735 800 1768 extarent.
861 1727 1044 1780 equitum
1070 1727 1217 1768 deinde
1243 1741 1392 1768 census
1418 1727 1485 1781 agi
1510 1739 1529 1768 8

136 1796 306 1843 coeptus
333 1796 412 1838 est3
446 1796 487 1829 et
511 1790 631 1830 ambo
656 1789 762 1830 forte
787 1804 978 1830 censores
1006 1803 1156 1842 equum
1180 1789 1390 1844 publicum
1414 1788 1486 1829 ha-

135 1851 301 1892 bebant.
363 1866 455 1892 cum
481 1851 533 1892 ad
563 1851 714 1892 tribum
738 1852 915 1892 Polliam
940 1858 1109 1893 ventum
1134 1859 1214 1901 est,
1251 1852 1293 1892 in
1318 1866 1399 1905 qua
1422 1851 1484 1892 M.

136 1913 234 1954 Livi
259 1929 410 1955 nomen
435 1921 539 1963 erat,
567 1921 607 1954 et
631 1928 779 1968 praeco
806 1921 1066 1955 cunctaretur
1086 1915 1210 1955 citare
1234 1914 1372 1969 ipsum
1391 1928 1486 1954 cen-

138 1991 291 2026 sorem,
319 1976 435 2017 ‘cita'
462 1976 594 2029 inquit
612 1977 721 2017 Nero
749 1976 828 2017 ‘M.
855 1976 1043 2017 Livium'
1070 1984 1110 2017 et
1135 1977 1221 2017 sive
1247 1992 1299 2017 ex
1320 1976 1486 2017 residua
1512 1990 1528 2018 9

137 2046 275 2079 vetere
313 2038 520 2080 simultate
558 2039 643 2079 sive
679 2038 970 2093 intempestiva
1005 2039 1223 2080 iactatione
1255 2038 1484 2080 severitatis

136 2100 300 2141 inflatus
326 2101 388 2141 M.
415 2101 602 2150 Livium,
641 2101 736 2154 quia
766 2101 906 2156 populi
937 2101 1087 2143 iudicio
1119 2108 1229 2142 esset
1253 2101 1485 2151 damnatus,

138 2177 288 2215 equum
314 2164 492 2204 vendere
516 2163 647 2204 iussit.
719 2164 818 2204 item
841 2164 903 2205 M.
930 2164 1097 2214 Livius,
1135 2179 1228 2204 cum
1259 2164 1311 2204 ad
1335 2164 1484 2205 tribum
1512 2176 1552 2205 10

136 2225 388 2266 Arniensem
408 2234 447 2267 et
466 2242 617 2267 nomen
637 2227 833 2281 conlegae
853 2234 1022 2267 ventum
1043 2234 1117 2276 est,
1139 2227 1315 2268 vendere
1336 2241 1485 2280 equum

138 2286 188 2328 C.
216 2286 438 2328 Claudium
474 2288 594 2330 iussit
630 2289 804 2329 duarum
840 2304 977 2330 rerum
1014 2303 1156 2338 causa,
1199 2289 1338 2338 unius,
1376 2289 1486 2342 quod

137 2349 288 2390 falsum
315 2350 535 2391 adversum
560 2366 604 2392 se
630 2351 910 2392 testimonium
935 2351 1127 2401 dixisset,
1159 2351 1344 2400 alterius,
1377 2351 1487 2404 quod

137 2427 220 2452 non
252 2412 411 2453 sincera
440 2413 520 2454 fide
553 2428 692 2454 secum
724 2414 766 2453 in
791 2413 967 2468 gratiam
995 2413 1184 2454 redisset.
1245 2428 1373 2466 aeque
1398 2413 1485 2454 foe·
1512 2426 1548 2455 11

138 2474 236 2514 dum
261 2482 469 2516 certamen
492 2475 733 2528 inquinandi
753 2476 906 2517 famam
926 2476 1092 2516 alterius
1114 2490 1208 2516 cum
1227 2490 1325 2516 suae
1350 2475 1485 2516 famae

137 2537 287 2577 damno
313 2536 469 2577 factum
494 2545 557 2578 est
582 2538 694 2579 exitu
720 2552 931 2579 censurae.
987 2552 1080 2578 cum
1104 2538 1146 2578 in
1170 2538 1284 2592 leges
1309 2537 1486 2578 iurasset
1513 2550 1551 2580 12

138 2597 188 2639 C.
222 2597 421 2639 Claudius
459 2606 499 2640 et
534 2599 576 2639 in
612 2600 814 2641 aerarium
850 2600 1127 2649 escendisset,
1181 2600 1286 2641 inter
1320 2599 1487 2641 nomina

136 2676 296 2709 eorum,
323 2675 426 2714 quos
453 2661 631 2703 aerarios
655 2662 931 2715 relinquebat,
964 2662 1077 2703 dedit
1101 2662 1298 2717 conlegae
1322 2677 1484 2703 nomen.

136 2722 284 2763 deinde
319 2722 381 2763 M.
408 2723 554 2764 Livius
592 2723 632 2763 in
670 2724 871 2765 aerarium
908 2723 1038 2765 venit:
1080 2731 1242 2779 praeter
1277 2724 1485 2765 Maeciam
1511 2738 1550 2768 13

204 2789 269 2816 Livi
289 2790 342 2816 rol.
358 2788 392 2816 11.
1217 2790 1255 2824 3]

1513 1492 1528 1520 *1
