1815 3184
224 497 264 524 10

231 809 266 836 11

234 1244 272 1272 13

233 1430 266 1458 14

233 1616 269 1644 ῙῙ)

232 1802 269 1830 16

231 1987 268 2015 17

254 2111 268 2139 1

252 2234 270 2263 2

296 249 378 290 296
600 256 754 290 LIBER
778 256 924 300 XXVI,
950 257 1005 290 27.
1025 257 1078 290 28.
1108 259 1155 299 [a.
1173 269 1205 291 u.
1222 258 1348 301 e.544]

297 375 517 413 servosque
560 359 745 400 conscios
790 359 1120 401 animadversum
1163 367 1236 400 est.
1319 361 1442 401 indici
1483 362 1647 404 libertas

296 424 391 463 data
417 430 455 462 et
481 421 627 475 viginti
652 421 764 461 milia
789 421 906 461 aeris.

380 483 552 525 Consuli
599 482 789 524 Laevino
839 482 1025 537 Capuam
1079 484 1353 538 praetereunti
1407 485 1650 526 circumfusa

295 546 512 587 multitudo
545 544 851 599 Campanorum
889 552 950 585 est
987 544 1290 586 obsecrantium
1327 560 1420 586 cum
1457 546 1648 596 lacrimis,

296 610 339 649 ut
377 607 454 648 sibi
490 607 667 648 Romam
705 607 757 647 ad
795 614 981 648 senatum
1017 607 1074 648 ire
1109 607 1249 648 liceret
1285 615 1461 657 oratum,
1501 609 1534 649 si
1570 623 1650 662 qua

296 669 573 710 misericordia
598 669 763 709 tandem
790 669 896 710 flecti
921 676 1107 724 possent,
1133 685 1184 710 ne
1211 685 1254 711 se
1280 671 1332 710 ad
1351 671 1538 711 ultimum
1559 686 1651 725 per-

295 733 426 773 ditum
462 733 566 772 irent
601 746 834 784 nomenque
867 731 1174 786 Campanorum
1206 748 1230 773 a
1261 732 1312 785 Q.
1338 733 1488 774 Flacco
1525 733 1650 774 deleri

297 796 486 836 sinerent.
545 794 721 836 Flaccus
759 794 837 835 sibi
873 794 1074 848 privatam
1111 795 1360 836 simultatem
1397 810 1490 836 cum
1528 796 1652 837 Cam-

294 857 412 911 panis
449 871 600 911 negare
631 856 755 896 ullam
789 871 899 906 esse,
936 857 1121 911 publicas
1152 858 1384 899 inimicitias
1420 858 1580 899 hostilis
1613 864 1651 898 et

296 933 387 959 esse
413 925 452 958 et
476 918 654 967 futuras,
693 919 828 971 quoad
862 933 909 959 eo
941 919 1077 960 animo
1103 934 1193 961 csse
1225 935 1322 975 erga
1346 920 1542 974 populum
1568 920 1652 960 Ro-

296 996 462 1021 manum
489 980 626 1029 sciret3
653 981 807 1020 nullam
833 981 940 1021 enim
966 982 1007 1021 in
1033 982 1148 1022 terris
1173 989 1338 1037 gentem
1365 997 1468 1031 esse,
1495 982 1651 1022 nullum

296 1043 548 1084 infestiorem
573 1043 772 1097 populum
803 1044 959 1084 nomini
984 1044 1195 1085 Romano:
1244 1045 1336 1085 ideo
1368 1060 1411 1086 se
1437 1044 1650 1086 moenibus

296 1105 475 1145 inclusos
502 1098 638 1145 tenere
664 1120 753 1154 cos,
791 1106 904 1159 quia,
943 1106 976 1146 si
1002 1107 1070 1159 qui
1097 1107 1325 1147 evasissent
1350 1107 1503 1160 aliqua,
1540 1107 1651 1146 velut

297 1168 406 1208 feras
449 1167 602 1208 bestias
646 1182 718 1221 per
760 1183 881 1223 agros
925 1169 1065 1223 vagari
1108 1176 1146 1209 et
1181 1169 1333 1209 laniare
1370 1176 1409 1209 ct
1450 1168 1651 1209 trucidare

298 1230 586 1283 quodcumque
618 1229 785 1270 obvium
817 1231 945 1270 detur.
1007 1230 1108 1270 alios
1140 1231 1192 1271 ad
1217 1230 1495 1272 Hannibalem
1522 1238 1652 1271 trans-

296 1291 473 1346 fugisse,
506 1292 606 1332 alios
633 1292 685 1332 ad
710 1292 884 1333 Romam
911 1292 1206 1333 incendendam
1232 1292 1450 1347 profectos.
1510 1293 1652 1333 inven-

296 1361 433 1394 turum
463 1353 504 1394 in
537 1361 719 1395 semusto
750 1354 838 1395 foro
871 1354 1081 1395 consulem
1118 1355 1293 1410 vestigia
1330 1355 1494 1396 sceleris
1529 1354 1653 1395 Cam-

296 1431 509 1471 panorum.
581 1416 734 1457 Vestae
771 1417 914 1457 aedem
956 1417 1124 1471 petitam
1162 1423 1200 1457 et
1238 1423 1423 1457 aeternos
1460 1417 1577 1470 ignes
1614 1424 1653 1457 ct

297 1478 505 1519 conditum
541 1478 582 1518 in
619 1479 817 1532 penetrali
847 1478 970 1519 fatale
1001 1478 1152 1533 pignus
1183 1478 1327 1532 imperi
1358 1477 1548 1518 Romani.
1609 1493 1652 1518 se

297 1540 463 1580 minime
489 1555 655 1580 censere
682 1547 814 1581 tutum
841 1555 931 1581 esse
954 1539 1180 1594 Campanis
1205 1546 1452 1594 potestatem
1477 1540 1653 1580 intrandi

296 1602 484 1642 Romana
509 1603 670 1643 moenia
696 1603 795 1643 fieri.
856 1602 1069 1643 Laevinus
1097 1602 1332 1657 Campanos
1364 1603 1451 1643 iure
1482 1603 1653 1643 iurando

297 1680 320 1704 a
346 1664 495 1704 Flacco
521 1665 708 1713 adactos,
747 1665 889 1718 quinto
916 1665 980 1705 (lie
1006 1679 1128 1718 quam
1162 1664 1212 1705 ab
1240 1672 1384 1706 senatu
1409 1680 1653 1719 responsum

296 1726 551 1780 accepissent
585 1725 774 1780 Capuam
810 1727 1030 1776 redituros,
1076 1727 1191 1780 sequi
1229 1742 1271 1768 se
1307 1727 1484 1768 Romam
1520 1727 1651 1767 iussit.

296 1788 371 1828 hac
391 1788 664 1829 circumfusus
685 1788 962 1838 multitudine,
984 1789 1104 1829 simul
1121 1788 1271 1830 Siculis
1292 1789 1455 1830 obviam
1475 1789 1652 1843 egressis

297 1850 553 1903 secutisque,
602 1850 779 1891 Romam
816 1851 989 1905 praeivit
1031 1851 1349 1892 clarissimarum
1385 1851 1547 1892 urbium
1584 1866 1654 1891 ex-

296 1912 401 1952 cidio
439 1912 523 1965 (ac)
560 1912 834 1954 celeberrimis
871 1913 968 1954 viris
1005 1913 1135 1954 victos
1172 1912 1279 1954 bello
1316 1921 1573 1954 accusatores
1611 1913 1653 1953 in

297 1974 438 2015 urbem
475 1975 696 2016 adducens.
769 1976 819 2016 de
855 1990 898 2016 re
934 1975 1099 2030 publica
1134 1982 1270 2016 tamen
1305 1976 1483 2029 primum
1519 1990 1567 2016 ac
1603 1975 1653 2016 de

294 2037 514 2090 provinciis
541 2037 662 2078 ambo
689 2037 878 2078 consules
905 2038 957 2078 ad
983 2044 1170 2079 senatum
1195 2038 1398 2078 rettulere.

380 2098 600 2140 XXVIII.
678 2099 744 2140 Ibi
779 2100 1017 2149 Laevinus,
1068 2114 1149 2153 quo
1186 2106 1296 2141 statu
1331 2099 1580 2140 Macedonia
1615 2106 1655 2139 et

298 2159 490 2210 Graecia,
529 2161 687 2211 Aetoli,
725 2161 967 2203 Acarnanes
993 2162 1200 2216 Locrique
1226 2169 1363 2203 essent
1389 2176 1573 2214 quasque
1598 2162 1654 2202 ibi

296 2238 360 2264 res
386 2224 474 2278 ipse
501 2224 655 2278 egisset
679 2232 784 2265 terra
816 2225 1017 2278 marique,
1056 2225 1263 2279 exposuit:
1300 2223 1557 2278 Philippum,
1594 2224 1655 2263 in-

296 2286 495 2327 ferentem
520 2286 673 2327 bellum
698 2286 881 2336 Aetolis,
908 2287 950 2327 in
964 2287 1254 2328 Macedoniam
1279 2294 1386 2327 retro
1412 2286 1463 2327 ab
1490 2301 1533 2327 se
1559 2301 1655 2326 con-

296 2348 462 2402 pulsum
488 2349 539 2389 ad
563 2349 720 2390 intuma
745 2349 907 2404 penitus
933 2350 1049 2405 regni
1074 2349 1228 2399 abisse,
1255 2349 1541 2404 legionemque
1561 2348 1654 2388 inde

298 2411 446 2451 deduci
487 2426 636 2465 posse3
691 2412 867 2453 classem
909 2412 1007 2453 satis
1051 2427 1142 2454 esse
1185 2412 1237 2453 ad
1278 2411 1500 2452 arcendum
1536 2410 1656 2450 Italia

298 2487 450 2526 regem.
493 2472 594 2514 haec
620 2474 670 2514 de
697 2489 740 2514 se
766 2474 898 2527 deque
923 2474 1153 2528 provincia,
1180 2473 1246 2514 cui
1270 2473 1515 2527 praefuerat.
1561 2487 1656 2512 con-

301 2534 435 2573 sulum
472 2534 522 2574 de
558 2535 779 2588 provinciis
817 2536 1046 2576 communis
1082 2536 1224 2576 relatio
1267 2535 1355 2576 fuit.
1439 2535 1655 2575 decrevere

299 2604 454 2648 patres,
492 2603 536 2636 ut
566 2597 681 2637 alteri
712 2598 929 2638 consulum
959 2598 1079 2638 Italia
1109 2598 1344 2650 bellumque
1376 2612 1468 2637 cum
1494 2595 1656 2636 Hanni-

301 2657 391 2697 bale
418 2659 628 2711 provincia
653 2666 778 2708 esset,
806 2660 906 2700 alter
931 2660 1124 2709 classem,
1152 2660 1216 2700 cui
1238 2659 1286 2699 T.
1310 2658 1512 2700 Otacilius
1538 2671 1654 2711 prae-

301 2718 445 2759 fuisset
480 2718 744 2773 Siciliamque
786 2721 1038 2775 provinciam
1076 2736 1168 2761 cum
1202 2722 1253 2760 L.
1289 2719 1432 2760 Cincio
1469 2725 1654 2772 praetore
