1815 3184
308 245 392 287 480
601 251 755 286 LIBER
778 251 982 294 XXVIIII,
1007 251 1061 284 36.
1074 249 1128 283 37.
1158 252 1208 293 [a.
1227 251 1265 284 0.
1278 251 1361 295 204]

307 356 372 396 Ti.
400 354 576 396 Claudio
600 360 807 408 praetore,
846 352 961 392 cuius
987 367 1036 393 ea
1066 352 1279 407 provincia
1309 360 1413 402 erat,
1451 353 1658 409 ingentem

264 433 282 461 ρ
308 417 391 458 vim
426 415 623 456 frumenti
659 414 844 463 advexit,
881 415 1110 467 horreaque
1147 430 1232 455 non
1268 415 1403 456 solum
1439 430 1544 468 quae
1578 417 1661 457 iam

306 479 417 518 facta
442 484 558 518 erant
580 476 757 530 repleta,
795 476 869 516 sed
892 491 1001 517 nova
1031 476 1258 517 aedificata.
1318 477 1567 518 vestimenta
1591 492 1662 518 ex-

307 539 449 580 ercitui
475 539 662 579 deerant:
700 538 743 577 id
772 537 1014 578 mandatum
1041 537 1240 587 Octavio,
1277 545 1325 578 ut
1355 552 1447 578 cum
1473 546 1660 592 praetore

307 599 465 655 ag‘eret,
493 600 527 640 si
552 600 651 652 quid
674 614 726 639 ex
751 614 799 639 ea
822 599 1036 654 provincia
1061 599 1290 654 comparari
1311 614 1359 640 ac
1378 600 1484 640 mitti
1504 608 1659 655 posset.

261 680 280 709 3
306 678 355 703 ea
381 677 544 715 quoque
569 661 681 701 haud
707 661 888 715 segniter
914 668 1055 701 curata
1073 675 1159 701 res:
1185 661 1296 702 mille
1318 662 1519 703 ducentae
1539 669 1661 718 togae

305 724 422 765 brevi
449 723 582 778 spatio
609 730 649 763 et
673 722 893 763 duodecim
916 722 1029 762 milia
1053 722 1285 763 tunicarum
1309 723 1450 765 missa.

261 804 282 832 4
390 787 565 826 Aestate
592 799 659 833 ea,
699 799 778 837 qua
802 783 905 824 haec
929 783 973 824 in
996 784 1144 825 Africa
1168 792 1287 839 gesta
1318 793 1430 835 sunt,
1464 786 1514 827 P.
1543 785 1663 827 Sem-

305 848 474 903 pronius
502 846 664 894 consul,
704 846 769 885 cui
792 845 946 886 Bruttii
976 846 1189 900 provincia
1220 854 1325 896 erat,
1361 847 1404 887 in
1430 863 1529 902 agro
1556 846 1662 888 Cro-

306 909 483 951 toniensi
509 923 602 949 cum
615 907 854 948 Hannibale
878 907 920 947 in
944 908 1035 963 ipso
1056 908 1200 950 itinere
1220 910 1485 950 tumultuario
1503 910 1661 965 proelio

307 971 502 1013 conflixit.
573 969 806 1024 agminibus
848 969 982 1024 magis
1028 984 1151 1023 quam
1195 971 1281 1012 acie
1317 980 1547 1026 pugnatum
1583 980 1658 1012 est.

261 1051 280 1079 5
323 1032 485 1075 {omani
510 1032 619 1086 pulsi
644 1039 684 1071 et
709 1031 886 1071 tumultu
920 1031 1056 1072 verius
1089 1046 1213 1085 quam
1242 1048 1383 1088 pugna
1409 1033 1461 1073 ad
1485 1033 1596 1073 mille
1622 1041 1662 1073 et

263 1112 280 1141 6
307 1095 472 1137 ducenti
502 1095 552 1134 de
583 1093 765 1134 exercitu
796 1093 976 1134 consulis
1010 1093 1235 1135 interfecti:
1277 1095 1319 1135 in
1345 1103 1480 1136 castra
1504 1094 1660 1149 trepide

306 1159 500 1206 reditum,
526 1170 660 1209 neque
686 1170 927 1209 oppugnare
946 1163 1084 1196 tamen
1105 1171 1153 1196 ea
1174 1156 1315 1197 hostes
1335 1157 1437 1198 ausi.
1480 1163 1659 1197 ceterum

308 1220 469 1261 silentio
494 1217 707 1273 proximae
732 1217 863 1257 noctis
888 1217 1097 1271 profectus
1122 1217 1217 1258 inde
1243 1219 1404 1266 consul,
1431 1219 1659 1273 praemisso

306 1281 450 1322 nuntio
477 1280 529 1320 ad
545 1280 595 1320 P.
616 1278 827 1318 Licinium
851 1279 1159 1333 proconsulem,
1185 1286 1230 1319 ut
1256 1295 1352 1320 suas
1377 1280 1562 1334 legiones
1588 1280 1660 1320 ad-

306 1351 509 1390 moveret,
536 1341 675 1395 copias
701 1340 924 1381 coniunxit.
982 1340 1040 1381 ita
1064 1341 1144 1381 duo
1171 1341 1315 1390 duces,
1348 1341 1428 1382 duo
1455 1341 1657 1382 exercitus

266 1421 280 1449 7
309 1406 362 1446 ad
374 1404 655 1445 Hannibalem
678 1402 899 1443 redierunt.
936 1417 1013 1443 nec
1032 1417 1147 1443 mora
1172 1403 1393 1443 dimicandi
1418 1404 1539 1452 facta,
1567 1418 1661 1444 cum

308 1467 466 1508 consuli
491 1474 531 1506 et
557 1465 787 1519 duplicatae
813 1464 940 1513 vires,
977 1464 1121 1505 Poeno
1152 1479 1296 1505 recens
1329 1465 1500 1505 victoria
1525 1465 1660 1506 animo

263 1543 282 1573 8
309 1536 431 1569 essct.
503 1527 544 1567 in
574 1527 749 1581 primam
780 1526 910 1565 aciem
947 1541 1042 1566 suas
1074 1526 1260 1580 legiones
1293 1524 1564 1580 Sempronius
1600 1526 1662 1566 in-

309 1590 442 1637 duxit,
479 1589 522 1628 in
559 1588 752 1629 subsidiis
790 1587 948 1628 locatae
983 1588 1033 1629 P.
1065 1588 1217 1628 Licinii
1247 1588 1445 1643 legiones.
1519 1589 1662 1630 consul

306 1650 506 1706 principio
537 1664 702 1705 pugnae
735 1649 879 1689 aedem
909 1650 1119 1690 Fortunae
1148 1650 1427 1704 Primigeniae
1458 1651 1589 1699 vovit,
1628 1651 1662 1691 si

263 1728 280 1757 9
308 1729 355 1754 00
382 1713 446 1753 dic
473 1712 603 1753 hostis
629 1711 824 1760 fudisset3
863 1725 1114 1767 composque
1141 1712 1228 1753 eius
1255 1713 1339 1753 voti
1363 1712 1452 1752 fuit.
1506 1712 1589 1752 fusi
1615 1726 1662 1753 ac

306 1775 439 1829 fugati
473 1774 629 1823 Poeni,
680 1788 804 1827 supra
847 1782 1038 1826 quattuor
1078 1774 1192 1815 milia
1233 1782 1483 1814 armatorum
1525 1788 1659 1822 caesa,

306 1837 429 1892 paulo
466 1836 601 1876 minus
639 1835 810 1876 trecenti
847 1835 929 1875 vivi
966 1835 1075 1890 capti
1112 1844 1151 1876 et
1188 1836 1282 1889 equi
1319 1835 1591 1889 quadraginta
1621 1845 1660 1876 et

306 1899 499 1939 undecim
523 1897 717 1938 militaria
742 1897 873 1952 signa.
921 1898 1135 1953 perculsus
1162 1898 1336 1939 adverso
1361 1897 1517 1952 proelio
1541 1898 1661 1937 Han-

306 1961 417 2002 nibal
445 1960 671 2002 Crotonem
698 1960 924 2001 exercitum
948 1960 1124 2000 reduxit.

242 2036 281 2065 lo
389 2024 553 2064 Eodem
584 2030 768 2077 tempore
798 2022 861 2063 M.
890 2021 1108 2064 Cornelius
1142 2023 1285 2063 consul
1314 2022 1356 2062 in
1388 2022 1515 2063 altera
1544 2030 1661 2078 parte

305 2085 450 2126 Italiae
476 2100 559 2126 non
584 2096 668 2125 tam
694 2084 818 2125 armis
845 2099 968 2137 quam
998 2085 1240 2126 iudiciorum
1271 2092 1424 2125 terrore
1448 2084 1662 2125 Etruriam

307 2147 505 2195 continet,
537 2154 666 2188 totam
691 2147 820 2187 ferme
847 2147 898 2186 ad
923 2147 1153 2201 Magonem
1178 2161 1225 2187 ac
1249 2162 1322 2201 per
1347 2161 1440 2186 eum
1467 2147 1519 2187 ad
1544 2161 1661 2201 spem

243 2223 279 2251 11
306 2209 487 2249 novandi
510 2224 576 2249 res
604 2223 779 2249 versam.
829 2224 898 2249 eas
926 2209 1187 2262 quaestiones
1214 2224 1264 2249 ex
1286 2216 1453 2249 senatus
1474 2208 1660 2249 consulto

305 2270 472 2311 minime
499 2270 714 2311 ambitiose
746 2270 906 2319 habuit3
944 2270 1143 2323 multique
1174 2270 1334 2311 nobiles
1366 2269 1553 2318 Etrusci,
1591 2270 1662 2322 qui

308 2340 377 2372 aut
400 2332 480 2387 ipsi
504 2333 637 2373 ierant
668 2340 737 2372 aut
767 2332 965 2372 miserant
996 2333 1048 2372 ad
1071 2332 1301 2386 BIagonem
1333 2332 1383 2372 de
1414 2331 1661 2386 populorum

309 2409 475 2434 suorum
508 2393 758 2442 defectione,
801 2393 933 2448 primo
964 2394 1195 2448 praesentis
1228 2400 1345 2434 erant
1381 2393 1660 2442 condemnati3

245 2468 281 2496 12
308 2465 453 2509 postea
473 2456 725 2496 conscientia
745 2455 909 2496 sibimet
927 2456 1007 2510 ipsi
1028 2456 1195 2496 exilium
1219 2455 1542 2504 consciscentes,
1569 2470 1662 2495 cum

309 2517 490 2557 absentis
507 2517 689 2557 damnati
704 2525 856 2566 essent,
879 2518 1118 2572 corporibus
1134 2517 1352 2558 subtractis
1367 2517 1477 2557 bona
1489 2524 1661 2565 tantum,

309 2592 412 2630 quae
436 2578 637 2632 publicari
660 2586 869 2633 poterant,
895 2579 1153 2633 pigneranda
1176 2593 1335 2633 poenae
1359 2578 1626 2632 praebebant.

267 2652 281 2679 1
392 2640 639 2682 XXXVII.
710 2640 826 2680 Dum
855 2640 958 2681 haec
989 2641 1178 2682 consules
1211 2640 1385 2680 diversis
1423 2638 1660 2693 regionibus

309 2709 454 2753 agunt,
482 2715 673 2742 censores
699 2700 861 2741 interim
885 2701 1045 2743 Romae
1071 2702 1133 2743 M.
1155 2701 1302 2742 Livius
1329 2708 1370 2741 et
1389 2699 1439 2741 C.
1461 2698 1659 2740 Claudius
