1815 3184
267 432 284 460 6

266 553 281 581 7

263 736 282 765 8

242 1166 282 1196 10

241 1413 279 1441 11

260 1842 278 1871 10

259 2272 276 2301 et>

313 247 392 287 188
602 252 755 286 LIBER
779 251 948 296 XXIIII,
974 253 1028 286 23.
1047 253 1101 286 24.
1131 254 1363 298 [a.u.e.540]

310 356 459 396 deserti
490 370 513 394 a
543 353 757 402 militibus,
795 354 890 407 quia
925 354 967 394 id
1002 355 1252 395 tutissimum
1289 369 1339 395 ex
1374 357 1655 409 praesentibus

310 416 535 464 videbatur,
565 413 793 469 Syracusas
812 415 980 456 rediere.
1019 415 1090 456 ubi
1115 430 1165 456 ne
1191 416 1370 470 suspecti
1395 415 1658 458 obversaren-

310 485 374 518 tur
398 484 605 530 tamquam
631 477 809 517 novandi
833 491 898 517 res
924 477 1102 530 aliquam
1127 478 1383 518 occasionem
1404 485 1656 531 quaerentes,

307 545 513 593 praetores
554 538 758 592 primum,
807 538 901 578 dein
942 553 1015 592 per
1051 553 1120 579 eos
1163 545 1349 579 senatum
1385 540 1546 580 adeunt.
1607 541 1657 581 ab

308 600 541 641 Hannibale
568 614 611 640 se
636 600 784 640 missos
805 600 1041 653 praedicant
1066 601 1116 640 ad
1130 600 1432 655 Hieronymum
1450 608 1659 654 tamquam

308 662 483 702 amicum
508 676 554 701 ac
581 661 755 710 socium,
792 661 978 714 paruisse
1003 662 1173 715 imperio
1200 662 1304 711 eius,
1343 662 1458 703 cuius
1484 662 1659 716 impera-

308 730 370 763 tor
401 738 498 763 suus
530 722 723 763 voluerit:
760 722 864 763 velle
895 723 947 763 ad
970 722 1250 764 Hannibalem
1278 723 1429 772 redire3
1467 731 1657 772 ceterum,

308 798 399 824 cum
424 784 501 824 iter
524 790 656 824 tutum
681 798 764 824 non
790 784 842 825 sit
865 784 1111 839 vagantibus
1137 784 1291 838 passim
1316 798 1389 838 per
1406 791 1534 825 totam
1555 783 1660 826 Sici-

306 846 403 886 liam
428 846 644 894 Romanis,
675 852 831 899 petere,
863 853 907 886 ut
931 847 1124 900 praesidii
1149 847 1245 886 dent
1269 846 1440 899 aliquid,
1468 861 1549 900 quo
1573 847 1660 887 Lo-

308 922 396 948 cros
422 908 464 947 in
488 907 650 948 Italiam
675 908 961 961 perducantur.
1022 908 1196 962 gratiam
1219 923 1411 962 magnam
1439 922 1508 948 eos
1533 922 1660 962 parva

308 984 431 1023 opera
445 976 542 1023 aput
554 969 832 1010 Hannibalem
846 970 1029 1011 inituros.
1078 969 1198 1010 facile
1217 985 1281 1011 res
1295 971 1527 1025 impetrata:
1549 970 1660 1011 abire

307 1032 414 1071 enim
439 1032 563 1071 duces
588 1031 723 1085 regios
750 1046 842 1071 cum
867 1032 1018 1085 peritos
1043 1032 1227 1081 militiae,
1265 1039 1351 1072 tum
1377 1039 1544 1087 egentes
1570 1047 1661 1073 eos-

307 1092 400 1131 dem
437 1098 559 1145 atque
597 1093 772 1133 audaces
811 1092 1042 1146 cupiebant.
1098 1094 1171 1134 sed
1206 1094 1316 1146 quod
1350 1093 1543 1134 volebant
1577 1108 1658 1134 non

307 1168 427 1206 quam
466 1160 666 1194 maturato
703 1169 805 1208 opus
843 1161 927 1194 erat
963 1155 1121 1195 naviter
1156 1154 1438 1209 expediebant.
1497 1155 1658 1195 interim

305 1216 472 1256 iuvenes
499 1216 692 1256 militares
713 1223 752 1255 et
777 1216 935 1256 adsueti
955 1216 1150 1257 militibus
1175 1231 1282 1257 nunc
1313 1223 1411 1271 aput
1436 1231 1505 1258 eos
1530 1217 1656 1270 ipsos,

305 1291 413 1317 nunc
438 1284 536 1331 aput
561 1277 814 1332 transfugas,
847 1292 1019 1330 quorum
1044 1278 1223 1318 maxima
1246 1292 1342 1332 pars
1369 1293 1419 1318 ex
1444 1278 1658 1319 navalibus

309 1338 429 1378 sociis
459 1338 740 1379 Romanorum
772 1345 875 1387 erat,
912 1353 1021 1379 nunc
1052 1339 1173 1379 etiam
1205 1346 1304 1393 aput
1333 1339 1496 1379 infimae
1526 1339 1658 1393 plebis

306 1399 492 1440 homines
529 1399 697 1440 crimina
734 1399 922 1440 serebant
956 1400 998 1439 in
1035 1406 1222 1440 senatum
1258 1400 1574 1453 optimatesque:
1617 1400 1659 1440 id

305 1461 437 1501 moliri
462 1461 566 1501 clam
592 1476 660 1501 eos
686 1467 807 1513 atque
839 1467 1011 1509 struere,
1051 1467 1094 1500 ut
1122 1460 1353 1514 Syracusae
1383 1475 1456 1514 per
1481 1461 1659 1515 speciem

304 1523 587 1563 reconciliatae
619 1522 822 1562 societatis
854 1522 895 1561 in
927 1522 1085 1562 dicione
1116 1521 1397 1562 Romanorum
1430 1522 1527 1571 sint,
1565 1522 1659 1562 dein

305 1583 428 1624 factio
454 1598 500 1623 ac
525 1583 645 1636 pauci
670 1590 855 1623 auctores
883 1582 1058 1622 foederis
1084 1583 1267 1623 renovati
1291 1583 1562 1623 dominentur.

390 1644 590 1684 XXIIII.
639 1644 719 1684 His
746 1644 958 1684 audiendis
980 1644 1273 1697 credendisque
1299 1651 1527 1698 opportuna
1552 1645 1656 1685 mul-

304 1706 433 1745 titudo
470 1706 598 1745 maior
633 1706 675 1745 in
711 1706 797 1745 dies
838 1704 1067 1759 Syracusas
1105 1706 1335 1747 confluebat
1370 1720 1445 1746 nec
1481 1706 1659 1760 Epicydi

305 1767 437 1807 solum
476 1782 591 1820 spem
626 1767 909 1807 novandarum
945 1782 1098 1816 rerum,
1137 1774 1198 1808 set
1227 1767 1500 1808 Adranodoro
1537 1767 1658 1808 etiam

303 1827 538 1882 praebebat.
599 1828 669 1881 qui
700 1828 835 1869 fessus
867 1829 1031 1869 tandem
1062 1829 1200 1869 uxoris
1232 1828 1402 1869 vocibus
1440 1829 1655 1877 monentis,

303 1905 411 1930 nunc
435 1890 535 1930 illud
560 1905 650 1931 esse
669 1896 830 1944 tempus
851 1891 1078 1945 occupandi
1102 1906 1185 1940 res,
1213 1891 1310 1931 dum
1335 1891 1497 1931 turbata
1522 1891 1658 1931 onmia

303 1967 408 1992 nova
433 1959 554 2004 atque
584 1953 792 1992 incondita
821 1952 1006 1993 libertate
1040 1960 1194 2001 essent,
1233 1953 1331 1992 dum
1355 1953 1478 2006 regiis
1506 1952 1657 2006 stipen-

305 2014 380 2053 diis
412 2022 553 2067 pastus
585 2013 871 2054 obversaretur
901 2014 1036 2063 miles,
1074 2015 1170 2054 dum
1204 2014 1254 2055 ab
1279 2013 1516 2054 Hannibale
1541 2013 1657 2054 missi

304 2076 427 2115 duces
454 2075 613 2115 adsueti
638 2075 833 2116 militibus
858 2076 999 2116 iuvare
1023 2083 1193 2129 possent
1217 2076 1396 2129 incepta,
1429 2090 1522 2115 cum
1548 2075 1657 2114 The-

302 2137 442 2185 misto,
492 2137 556 2177 cui
600 2135 771 2178 Gelonis
813 2137 896 2177 filia
936 2145 1064 2190 nupta
1107 2143 1210 2186 erat,
1258 2141 1346 2178 rem
1383 2136 1657 2177 consociatam

302 2212 455 2252 paucos
486 2205 579 2252 post
609 2199 695 2239 dies
727 2198 914 2239 Aristoni
950 2199 1111 2239 cuidam
1148 2199 1302 2254 tragico
1333 2198 1476 2247 actori,
1521 2197 1587 2237 cui
1618 2203 1657 2237 et

303 2260 381 2299 alia
407 2274 555 2300 arcana
579 2260 831 2300 committere
857 2260 1066 2309 adsuerat,
1104 2260 1265 2300 incaute
1291 2260 1431 2314 aperit.
1497 2258 1592 2298 huic
1617 2265 1657 2298 et

303 2336 433 2375 genus
466 2328 505 2361 et
534 2321 699 2362 fortuna
729 2321 901 2362 honesta
932 2328 1065 2370 erant,
1102 2336 1177 2362 nec
1209 2337 1293 2370 ars,
1332 2321 1427 2374 quia
1451 2320 1551 2360 nihil
1576 2319 1656 2360 tale

303 2390 401 2436 aput
433 2381 615 2423 Graecos
645 2383 791 2437 pudori
822 2390 902 2431 est,
941 2397 989 2423 ea
1025 2383 1294 2424 deformabat.
1364 2383 1502 2435 itaque
1533 2381 1656 2421 fidem

306 2442 518 2499 [priorem]
545 2445 825 2499 potioremque
850 2451 962 2485 ratus
989 2459 1112 2497 quam
1136 2445 1291 2499 patriae
1317 2443 1509 2492 debebat,
1552 2443 1656 2483 indi-

303 2506 411 2545 cium
436 2507 488 2546 ad
518 2513 726 2560 praetores
758 2506 902 2547 defert.
963 2506 1033 2559 qui
1056 2506 1128 2547 ubi
1157 2521 1243 2547 rem
1267 2506 1367 2546 haut
1393 2520 1539 2545 vanam
1564 2518 1655 2544 esse

305 2567 423 2607 certis
449 2568 609 2609 indiciis
641 2574 929 2622 conpererunt,
968 2568 1164 2609 consultis
1198 2567 1426 2608 senioribus
1453 2573 1492 2607 et
1516 2572 1654 2606 aucto-

303 2627 419 2668 ritate
451 2643 590 2669 eorum
620 2630 824 2683 praesidio
856 2630 908 2670 ad
938 2629 1046 2670 fores
1077 2630 1230 2684 posito,
1267 2630 1475 2683 ingressos
1501 2626 1652 2667 curiam

262 2701 280 2730 5
307 2687 562 2730 Themistum
605 2698 726 2743 atque
756 2690 1081 2732 'Adranodorum
1121 2691 1423 2731 interfecerunt.
1484 2694 1524 2728 et
1559 2701 1650 2726 cum
