1815 3184
289 221 343 260 90
555 278 557 280 q
597 227 749 261 LIBER
774 228 905 270 XXII,
932 228 985 261 37.
1006 228 1060 261 38.
1090 231 1139 271 [a.
1154 240 1187 262 u.
1203 240 1231 262 ο.
1246 230 1328 272 538]

287 346 365 384 que
398 331 579 383 accipere
612 329 832 382 sedemque
865 330 901 369 ei
933 344 976 369 se
1007 329 1126 369 divae
1158 330 1272 378 dare,
1310 331 1445 371 dicare
1472 331 1638 386 Capito-

286 393 404 440 lium,
442 391 639 444 templum
670 391 781 431 Iovis
819 391 961 444 optimi
998 391 1178 431 maximi.
1239 392 1280 431 in
1316 406 1364 432 ea
1399 407 1490 432 arce
1526 393 1638 434 urbis

288 454 497 493 Romanae
535 459 735 492 sacratam
778 451 983 492 volentem
1025 453 1342 506 propitiamque,
1391 453 1550 493 firmam
1592 469 1639 494 ac

287 513 473 554 stabilem
499 513 586 553 fore
610 513 762 567 populo
787 513 988 554 Romano.

224 585 260 613 13
371 575 616 615 Funditores
650 574 930 629 sagittariique
962 582 999 615 et
1030 575 1281 615 frumentum
1317 577 1509 616 traditum
1546 591 1641 617 con-

287 635 457 676 sulibus.
507 636 821 689 quinqueremes
848 637 900 676 ad
924 636 1091 676 navium
1119 635 1180 691 [o]
1203 637 1395 686 classem,
1423 651 1526 690 quae
1547 652 1641 678 cum

286 697 335 737 T.
359 696 536 738 Otacilio
561 705 822 751 propraetore
848 698 889 737 in
911 697 1050 738 Sicilia
1076 706 1206 747 erant,
1234 699 1413 751 quinque
1439 705 1478 739 et
1497 699 1642 754 viginti

286 759 466 807 additae,
504 759 832 813 permissumque
864 767 943 808 est,
982 766 1043 808 ut,
1083 760 1117 799 si
1147 774 1168 800 e
1193 775 1236 800 re
1263 760 1426 814 publica
1458 768 1641 801 censeret
1672 778 1675 781 ·

289 835 397 869 esse,
424 821 466 860 in
491 821 679 861 Africam
703 822 901 866 traiceret.

248 899 260 925 1
374 882 643 923 XXXVIII.
704 883 872 923 Dilectu
896 883 1079 937 perfecto
1105 884 1294 925 consules
1320 899 1472 938 paucos
1498 885 1643 924 morati

245 960 262 987 2
292 945 398 993 dies,
426 945 523 984 dum
550 945 649 985 socii
674 945 724 985 ab
750 945 913 986 nomine
938 946 1091 986 Latino
1120 946 1312 986 venirent.
1367 946 1515 985 milites
1542 953 1641 993 tum,

287 1006 396 1058 quod
421 1020 645 1058 numquam
672 1013 791 1047 antea
817 1007 969 1047 factum
996 1014 1099 1056 erat,
1133 1008 1218 1048 iure
1243 1008 1414 1047 iurando
1440 1007 1491 1048 ab
1516 1006 1642 1047 tribu-

286 1067 349 1106 nis
386 1067 560 1107 militum
597 1068 730 1108 adacti
768 1068 934 1121 (milites
971 1069 1087 1109 iussu
1124 1069 1338 1109 consulum
1370 1076 1641 1109 conventuros

244 1144 262 1171 3
290 1143 420 1181 neque
446 1128 605 1169 iniussu
631 1129 853 1183 abituros):
891 1146 984 1170 nam
1016 1131 1068 1170 ad
1100 1145 1189 1171 eam
1221 1131 1328 1170 diem
1360 1131 1458 1170 nihil
1483 1138 1642 1184 praeter

289 1199 587 1230 sacramentum
619 1190 770 1240 fuerat,
809 1197 847 1231 et
878 1191 948 1233 ubi
979 1192 1030 1232 ad
1063 1192 1313 1232 decuriatum
1347 1199 1414 1232 aut
1442 1191 1642 1231 centuria—

288 1258 374 1291 tum
406 1252 712 1301 convenissent,
751 1268 825 1293 sua
858 1253 1066 1294 voluntate
1098 1254 1176 1307 ipsi
1200 1254 1305 1293 inter
1331 1268 1420 1293 sese
1447 1253 1642 1293 decuriati

243 1327 264 1356 4
289 1313 464 1365 equites,
498 1314 712 1354 centuriati
736 1315 894 1368 pedites
928 1315 1211 1363 coniurabant,
1245 1329 1334 1355 sese
1365 1315 1489 1369 fugae
1520 1322 1642 1367 atque

287 1373 517 1414 formidinis
551 1390 649 1429 ergo
680 1390 761 1416 non
793 1375 975 1416 abituros
1009 1391 1140 1428 neque
1167 1391 1217 1416 ex
1243 1376 1382 1416 ordine
1408 1391 1641 1416 recessuros

287 1435 366 1475 nisi
397 1436 466 1475 teli
498 1437 686 1485 sumendi
719 1444 787 1477 aut
818 1437 982 1490 petendi
1019 1447 1059 1477 et
1095 1444 1164 1477 aut
1200 1437 1329 1477 hostis
1366 1437 1538 1477 feriendi
1574 1444 1644 1476 aut

244 1512 262 1540 5
289 1497 388 1537 civis
408 1498 597 1537 servandi
617 1513 753 1538 causa.
782 1499 820 1538 id
842 1513 891 1538 ex
906 1499 1133 1538 voluntario
1153 1498 1257 1538 inter
1275 1499 1386 1552 ipsos
1407 1498 1572 1538 foedere
1592 1497 1644 1538 ad

288 1557 471 1598 tribunos
493 1573 539 1599 ac
557 1559 781 1613 legitimam
804 1560 901 1614 iuris
922 1559 1079 1599 iurandi
1106 1560 1361 1600 adactionem
1388 1559 1641 1599 translatum.

243 1634 261 1663 6
374 1619 616 1669 Contiones,
643 1621 882 1674 priusquam
903 1621 954 1661 ab
980 1621 1079 1661 urbe
1107 1621 1223 1676 signa
1250 1628 1520 1669 moverentur,
1548 1635 1644 1661 con-

288 1680 386 1721 sulis
414 1680 610 1722 Varronis
635 1683 786 1722 multae
813 1697 859 1722 ac
886 1682 1043 1723 feroces
1069 1682 1202 1731 fuere,
1236 1682 1531 1730 denuntiantis,
1557 1681 1644 1722 bel-

286 1741 371 1781 lum
402 1743 642 1783 arcessitum
672 1744 712 1782 in
739 1744 901 1784 Italiam
934 1744 984 1784 ab
1017 1744 1222 1784 nobilibus
1255 1758 1576 1796 mansurumque
1601 1743 1643 1783 in

245 1819 260 1847 7
286 1803 512 1844 visceribus
538 1805 596 1844 rei
621 1804 828 1858 publicae,
857 1805 890 1845 si
908 1805 1045 1859 plnres
1059 1805 1212 1846 Fabios
1233 1805 1498 1859 imperatores
1519 1804 1644 1845 habe-

242 1879 261 1909 3
287 1872 364 1913 ret,
398 1880 461 1913 se,
494 1880 575 1918 quo
601 1867 666 1906 die
692 1866 852 1907 hostem
878 1867 1067 1916 vidisset,
1103 1867 1391 1921 perfecturum.
1447 1866 1642 1920 conlegae

287 1926 372 1966 eius
398 1926 518 1966 Pauli
542 1942 625 1967 una
649 1928 779 1981 pridie
805 1943 928 1981 quam
955 1928 1006 1969 ab
1035 1928 1135 1969 urbe
1160 1929 1485 1982 proficisceretur
1509 1927 1642 1968 contio

285 1987 382 2036 fuit,
409 1989 542 2029 verior
561 2004 683 2041 quam
705 1991 860 2044 gratior
883 1990 1055 2045 populo,
1083 2004 1164 2042 qua
1190 1989 1289 2029 nihil
1314 1989 1578 2029 inclementer
1601 1989 1643 2028 in

242 2065 259 2093 9
285 2049 513 2090 Varronem
557 2051 710 2092 dictum
756 2053 834 2093 nisi
876 2053 919 2092 id
960 2053 1101 2100 modo,
1145 2051 1282 2091 mirari
1324 2065 1385 2100 se,
1435 2051 1504 2104 qui
1545 2051 1641 2099 dux,

285 2111 524 2164 priusquam
556 2120 625 2153 aut
657 2129 776 2154 suum
809 2121 878 2154 aut
903 2114 1082 2154 hostium
1109 2114 1350 2161 exercitum,
1382 2113 1564 2155 locorum
1591 2112 1644 2152 si-

287 2185 391 2221 tum,
425 2181 613 2214 naturam
645 2176 825 2229 regionis
859 2183 1017 2224 nosset,
1049 2176 1129 2215 iam
1156 2189 1263 2214 nunc
1289 2181 1450 2229 togatus
1476 2174 1517 2213 in
1542 2173 1643 2214 urbe

223 2248 262 2278 10
289 2236 426 2283 sciret,
464 2252 569 2289 quae
602 2237 679 2278 sibi
712 2239 872 2292 agenda
905 2246 1060 2278 armato
1091 2237 1225 2277 forent
1261 2244 1299 2277 et
1336 2237 1444 2276 diem
1481 2250 1643 2289 quoque

288 2298 520 2350 praedicere
557 2307 716 2353 posset,
759 2314 840 2353 qua
877 2315 969 2341 cum
1006 2300 1123 2340 hoste
1162 2299 1290 2354 signis
1327 2298 1497 2338 conlatis
1535 2305 1644 2338 esset

224 2373 259 2401 11
288 2359 573 2400 dimicaturus:
621 2376 682 2409 se,
716 2376 819 2414 quae
846 2362 1015 2402 consilia
1039 2361 1171 2415 magis
1197 2375 1262 2400 res
1288 2361 1384 2400 dent
1408 2359 1642 2400 hominibus

287 2434 409 2472 quam
434 2421 620 2463 homines
645 2423 787 2472 rebus,
815 2438 862 2463 ea
887 2430 980 2463 ante
1005 2429 1169 2476 tempus
1194 2423 1397 2462 inmatura
1422 2436 1504 2461 non
1527 2435 1643 2474 prae-

288 2490 520 2534 cepturum3
551 2491 710 2538 optare,
736 2493 781 2524 ut
800 2499 904 2538 quae
925 2491 1042 2525 caute
1068 2498 1115 2524 ac
1140 2483 1324 2524 consulte
1351 2489 1467 2537 gesta
1493 2488 1640 2529 essent,

223 2556 261 2584 12
289 2543 386 2584 satis
412 2559 605 2599 prospere
638 2547 865 2596 evenirent;
904 2547 1191 2594 temeritatem,
1224 2553 1507 2599 praeterquam
1533 2544 1642 2596 quod

222 2617 256 2647 13
289 2605 411 2645 stulta
443 2607 512 2655 sit,
550 2608 757 2648 infelicem
789 2609 910 2649 etiam
943 2609 995 2648 ad
1024 2609 1066 2648 id
1096 2608 1278 2648 locorum
1310 2607 1452 2646 fuisse.
1500 2606 1542 2645 id
1567 2619 1642 2644 sua

288 2674 430 2719 sponte
467 2669 690 2721 apparebat
727 2676 812 2710 tuta
849 2669 1049 2711 celeribus
1088 2669 1267 2709 consiliis
1298 2667 1638 2722 praepositurum‚
