1815 3184
503 248 654 283 LIBER
678 248 807 292 XXX,
833 249 863 283 9.
885 248 937 282 10.
965 251 1012 292 [a.
1028 247 1162 294 0203]
1418 239 1500 280 491

157 367 396 408 gressurum
426 352 659 394 credebant.
725 352 862 406 itaque
893 359 933 393 et
960 352 1067 393 muri
1095 351 1380 394 reficiebantur
1408 366 1502 407 pro·
1526 365 1546 393 4

157 414 485 469 pugnaculisque
512 415 792 463 armabantur,
830 422 870 455 et
892 429 966 469 pro
993 429 1037 456 se
1062 414 1253 468 quisque,
1286 429 1390 468 quae
1415 414 1504 454 diu-

156 474 264 516 tinae
291 476 516 517 obsidionis
542 476 777 517 tolerandae
804 484 915 525 sunt,
948 491 999 516 ex
1024 476 1133 531 agris
1159 477 1362 517 convehit.
1410 491 1503 516 rara
1528 489 1546 519 5

157 538 309 579 mentio
341 546 403 578 est
434 538 566 592 pacis,
604 538 855 591 frequentior
885 538 1115 593 legatorum
1148 538 1199 579 ad
1222 538 1502 579 Hannibalem

158 600 451 641 arcessendum
480 601 791 649 mittendorum,
828 616 924 655 pars
956 601 1137 642 maxima
1167 602 1361 651 classem,
1399 616 1502 654 quae
1528 614 1546 644 6

158 662 211 702 ad
235 670 487 703 commeatus
515 662 777 717 excipiendos
801 670 945 718 parata
970 670 1073 711 erat,
1100 664 1260 704 mittere
1285 663 1428 704 iubent
1452 663 1505 704 ad

157 724 470 779 opprimendam
496 725 712 766 stationem
737 724 904 765 navium
929 725 981 765 ad
999 725 1167 767 Uticam
1192 725 1354 766 incaute
1380 740 1505 780 agen-

157 793 258 827 tem:
291 786 463 828 forsitan
489 787 611 828 etiam
635 787 798 828 navalia
823 794 974 836 castra,
1000 788 1141 828 relicta
1166 803 1258 828 cum
1282 787 1363 829 levi
1388 803 1506 842 prae-

159 849 282 897 sidio,
321 864 605 903 oppressuros.
665 849 706 889 in
738 849 816 890 hoc
846 849 1062 890 consilium
1086 850 1264 891 maxime
1289 849 1503 898 inclinant.;
1531 863 1548 891 7

156 910 316 965 legatos
344 918 480 951 tamen
506 911 558 951 ad
581 911 862 952 Hannibalem
886 911 1108 952 mittendos
1135 919 1322 952 censent:
1354 911 1505 966 quippe

157 972 281 1013 classi
315 979 361 1013 ut
396 972 632 1013 felicissime
675 980 870 1026 gerantur
909 988 1000 1022 res,
1049 981 1165 1028 parte
1208 974 1344 1027 aliqua
1378 973 1505 1015 levari

155 1035 306 1077 Uticae
337 1035 612 1083 obsidionem,
651 1033 947 1089 Carthaginem
979 1035 1112 1090 ipsam
1143 1036 1212 1089 qui
1242 1043 1404 1076 tueatur
1434 1051 1505 1076 ne·
1530 1048 1549 1078 8

157 1111 235 1150 que
271 1097 560 1151 imperatorem
596 1096 720 1136 alium
752 1110 876 1148 quam
905 1097 1185 1138 Hannibalem
1221 1112 1353 1151 neque
1390 1112 1506 1138 exer-

157 1159 282 1198 citum
307 1158 431 1197 alium
462 1172 586 1210 quam
610 1157 860 1198 Hannibalis
889 1172 1120 1212 superesse.
1181 1159 1381 1199 deductae
1407 1174 1504 1213 ergo
1531 1171 1549 1201 9

154 1228 320 1275 postero
357 1219 422 1260 die
458 1234 604 1268 naves,
655 1219 775 1259 simul
812 1227 852 1260 et
887 1219 1013 1274 legati
1049 1220 1091 1260 in
1120 1220 1284 1260 Italiam
1318 1220 1504 1275 profecti.

153 1283 385 1338 raptimque
427 1282 565 1324 omnia
601 1282 834 1323 stimulante
877 1282 1041 1323 fortuna
1083 1283 1334 1337 agebantur3
1389 1289 1430 1323 et
1464 1282 1506 1323 in

156 1360 236 1399 quo
273 1345 446 1399 quisque
489 1352 719 1394 cessasset,
766 1344 886 1400 prodi
928 1345 978 1386 ab
1021 1359 1066 1386 se
1109 1345 1283 1387 salutem
1324 1344 1507 1386 omnium

155 1409 334 1449 rebatur.

242 1469 382 1525 Scipio
414 1484 584 1524 gravem
613 1469 696 1509 iam
727 1469 868 1523 spoliis
900 1469 1121 1510 multarum
1151 1470 1314 1511 urbium
1351 1469 1506 1511 exerei-
1534 1484 1573 1513 10

157 1540 243 1572 tum
268 1531 454 1580 trahens,
492 1531 664 1586 captivis
692 1531 850 1584 aliaque
880 1532 1034 1586 praeda
1058 1531 1099 1571 in
1125 1539 1266 1572 vetera
1295 1538 1430 1572 castra
1455 1532 1508 1572 ad

155 1594 324 1636 Uticam
349 1593 506 1642 missis,
545 1593 626 1633 iam
650 1592 692 1633 in
719 1592 1016 1648 Carthaginem
1040 1593 1220 1634 intentus
1247 1601 1421 1648 occupat
1443 1608 1508 1634 re-

156 1656 298 1696 lictum
323 1656 424 1710 fuga
449 1656 666 1696 custodum
692 1655 866 1709 Tyneta.
921 1656 1038 1697 abest
1063 1671 1087 1696 a
1112 1654 1364 1711 Carthagine
1391 1656 1508 1710 quin-
1535 1670 1571 1698 11

157 1718 291 1759 decim
327 1717 438 1758 milia
474 1717 602 1758 ferme
636 1732 837 1772 passuum
871 1717 985 1758 locus
1023 1732 1116 1757 cum
1153 1717 1370 1772 operibus,
1419 1725 1506 1758 tum
1534 1731 1572 1759 12

158 1788 302 1836 suapte
338 1787 484 1820 natura
520 1787 630 1820 tutus
674 1787 714 1820 et
754 1780 823 1833 qui
866 1787 906 1820 et
942 1780 993 1820 ab
1033 1778 1287 1834 Carthagine
1324 1780 1507 1835 conspici

157 1851 198 1884 et
221 1843 419 1898 praebere
444 1842 533 1897 ipse
558 1849 825 1897 conspectum
853 1840 931 1897 [in]
960 1841 1255 1883 circumfusum
1279 1857 1390 1883 mare
1415 1842 1507 1882 urbi

155 1905 301 1960 possit.

241 1966 300 2007 X.
341 1966 464 2015 Inde,
491 1980 583 2007 cum
607 1966 785 2007 maxime
811 1965 964 2006 vallum
989 1965 1167 2007 Romani
1191 1965 1384 2015 iacerent,
1410 1980 1507 2007 con·
1535 1981 1548 2008 1

159 2037 300 2084 specta
331 2028 475 2069 classis
512 2029 692 2069 hostium
723 2036 786 2069 est
809 2028 978 2070 Uticam
1009 2044 1032 2068 a
1063 2027 1317 2083 Carthagine
1346 2035 1505 2083 petens.

157 2091 281 2146 igitur
318 2091 471 2132 omisso
509 2106 631 2146 opere
667 2090 974 2146 pronuntiatum
1010 2090 1086 2131 iter
1122 2090 1321 2146 signaque
1356 2091 1506 2145 raptim
1533 2103 1551 2132 ‘2

157 2153 255 2194 ferri
293 2161 388 2194 sunt
425 2161 594 2208 coepta,
642 2168 694 2193 ne
729 2168 856 2194 naves
899 2153 942 2193 111
977 2160 1127 2194 terram
1168 2161 1208 2194 et
1249 2153 1507 2194 obsidionem

158 2230 302 2256 versae
341 2230 387 2256 ac
429 2216 595 2257 minime
631 2216 768 2256 navali
808 2216 963 2271 proelio
1005 2223 1124 2271 aptae
1166 2216 1506 2271 opprimerentur.

157 2278 227 2331 qui
264 2278 373 2319 enim
408 2279 656 2320 restitissent
692 2279 788 2334 agili
819 2286 858 2319 et
888 2279 1052 2320 nautico
1083 2279 1355 2320 instrumento
1387 2286 1506 2334 aptae
1533 2292 1551 2321 3

159 2348 199 2381 et
224 2349 404 2381 armatae
434 2341 555 2382 classi
586 2356 712 2382 naves
744 2348 947 2383 tormenta
976 2341 1270 2395 machinasque
1294 2348 1506 2396 portantes

159 2409 199 2443 et
235 2411 304 2443 aut
339 2402 381 2443 in
417 2403 694 2444 onerariarum
734 2419 857 2445 usum
893 2419 1036 2445 versae
1079 2412 1148 2445 aut
1183 2404 1240 2445 ita
1274 2404 1418 2459 pulsae
1455 2404 1508 2445 acl

158 2480 317 2515 muros,
342 2472 387 2505 ut
410 2480 484 2520 pro
511 2481 662 2520 aggere
687 2480 734 2506 ac
759 2466 951 2521 pontibus
978 2467 1174 2521 praebere
1195 2481 1391 2507 ascensus
1411 2481 1508 2520 pos-

160 2527 274 2568 sent?
332 2526 470 2580 itaque
503 2526 660 2582 Scipio,
699 2535 840 2569 contra
876 2543 999 2581 quam
1034 2528 1077 2569 in
1112 2528 1248 2569 navali
1285 2527 1505 2569 certamine
1530 2541 1546 2569 4

160 2589 281 2639 solet,
325 2589 532 2638 rostratis,
577 2605 681 2643 quae
717 2590 922 2645 praesidio
959 2590 1048 2632 aliis
1087 2605 1179 2632 esse
1215 2598 1423 2646 poterant,
1464 2590 1507 2630 in

157 2659 410 2707 postremam
452 2652 581 2693 aciem
616 2652 792 2708 receptis
834 2668 962 2708 prope
1004 2660 1178 2703 terram,
1228 2653 1506 2694 onerariarum
1531 2665 1550 2695 5

159 2714 454 2770 quadriplicem
484 2714 669 2756 ordinem
698 2730 772 2771 pro
803 2730 919 2757 muro
950 2715 1148 2758 adversus
1185 2715 1348 2758 hostem
1377 2730 1506 2771 oppo-
