1815 3184
484 219 635 254 LIBER
660 219 807 263 XXVI,
833 218 885 253 14.
907 219 958 253 15.
987 221 1037 263 [a.
1053 218 1187 262 0211]
1428 208 1507 249 281

156 338 320 378 quoque
350 323 594 378 placabilem
626 323 733 373 fore,
776 323 935 378 legatos
969 323 1021 363 ad
1052 322 1281 363 dedendam
1311 322 1509 362 Romanis

159 385 347 440 Capuam
403 386 670 426 decreverunt
724 385 1016 437 miseruntque.
1110 384 1280 426 Vibium
1328 384 1511 425 Virrium

158 455 315 502 septem
352 453 391 487 et
431 447 576 501 viginti
618 446 746 487 ferme
791 454 997 487 senatores
1040 446 1209 487 domum
1251 446 1380 487 secuti
1418 452 1512 486 sunt

157 510 390 565 epulatique
416 524 508 550 cum
535 524 582 550 eo
609 515 665 558 et,
698 515 895 562 quantum
920 509 1055 549 facere
1080 514 1294 562 potuerant
1321 508 1510 548 'alienatis

156 572 360 612 mentibus
387 571 481 611 vino
508 571 558 612 ab
584 571 833 611 imminentis
860 585 983 611 sensu
1004 571 1118 619 mali,
1145 585 1348 611 venenum
1368 585 1510 611 omnes

157 640 417 687 sumpserunt
427 649 437 682 3
463 633 558 673 inde
583 633 710 673 misso
736 633 924 673 convivio
944 633 1096 672 dextris
1122 632 1227 673 inter
1252 647 1294 672 se
1320 632 1425 673 datis
1451 632 1512 672 ul-

157 696 337 748 timoque
363 695 566 749 conplexu
592 695 930 735 conlacrimantes
957 710 1077 735 suum
1097 695 1340 748 patriaeque
1354 709 1509 743 casum,

157 756 225 796 alii
261 763 304 796 ut
340 757 484 797 eodem
520 771 621 810 rogo
658 762 935 796 cremarentur
970 762 1224 805 manserunt,
1263 756 1330 796 alii
1366 757 1510 796 domos

157 818 331 873 digressi
368 824 474 859 sunt.
534 818 710 872 inpletae
747 818 848 859 cibis
885 818 1060 871 vinoque
1091 833 1220 858 venae
1251 819 1385 859 minus
1423 818 1511 859 effi-

158 895 296 920 cacem
326 880 368 920 in
399 881 641 920 maturanda
672 886 801 920 morte
832 880 915 919 vim
946 880 1092 920 veneni
1122 880 1331 921 fecerunt:
1374 881 1511 934 itaque

157 949 317 983 noctem
348 948 474 982 totam
504 942 688 995 plerique
719 956 858 982 eorum
891 948 930 981 et
961 942 1041 981 diei
1070 942 1321 994 insequentis
1353 949 1509 996 partem

157 1018 250 1043 cum
285 1003 464 1043 animam
501 1003 700 1057 egissent,
740 1017 882 1043 omnes
914 1009 1051 1043 tamen
1080 1002 1193 1056 prius
1225 1017 1349 1056 quam
1380 1004 1512 1057 aperi-

156 1071 295 1105 rentur
320 1063 506 1104 hostibus
535 1070 676 1117 portae
702 1064 950 1117 expirarunt.

238 1125 413 1165 Postero
439 1125 503 1164 die
528 1134 646 1178 porta
671 1125 800 1173 on-is,
828 1138 934 1177 quae
954 1125 1152 1166 adversus
1175 1131 1308 1166 castra
1321 1125 1510 1166 Romana

156 1192 258 1234 erat,
296 1185 412 1226 iussu
447 1185 704 1239 proconsulis
742 1192 883 1239 aperta
919 1193 992 1226 est.
1054 1201 1102 1227 ea
1137 1187 1373 1227 intromissa
1403 1187 1510 1242 legio

154 1262 235 1287 una
259 1253 298 1288 et
323 1247 428 1287 duae
454 1247 541 1287 alae
567 1261 660 1287 cum
688 1246 735 1287 C.
762 1247 910 1287 Fulvio
936 1247 1084 1301 legato.
1134 1248 1169 1288 is
1201 1262 1294 1288 cum
1326 1249 1509 1288 omnium

153 1309 330 1363 primum
373 1324 486 1349 arma
528 1308 690 1361 telaque
733 1323 837 1361 quae
876 1308 1046 1362 Capuae
1089 1316 1203 1350 erant
1244 1310 1296 1350 ad
1334 1325 1377 1351 se
1415 1325 1511 1352 con-

153 1370 322 1411 ferenda
347 1376 547 1419 curasset,
575 1371 770 1411 custodiis
797 1371 849 1410 ad
875 1385 1016 1411 omnes
1042 1377 1180 1425 portas
1207 1371 1435 1426 dispositis,
1461 1387 1512 1413 ne

154 1433 245 1485 quis
278 1432 387 1472 exire
418 1438 488 1472 aut
518 1432 647 1472 emitti
677 1439 834 1486 posset,
877 1433 1127 1486 praesidium
1159 1433 1365 1474 Punicum
1401 1449 1512 1475 com-

154 1493 387 1547 prehendit,
426 1500 614 1533 senatum
641 1493 900 1548 Campanum
930 1495 987 1535 ire
1018 1495 1060 1535 in
1091 1503 1224 1536 castra
1254 1496 1306 1536 ad
1336 1497 1511 1550 impera-

156 1563 263 1595 tores
288 1555 498 1596 Romanos
529 1556 660 1596 iussit.
720 1570 801 1609 quo
834 1571 926 1596 cum
957 1557 1186 1606 venissent,
1224 1558 1429 1611 extemplo
1460 1559 1509 1599 iis

156 1616 345 1657 omnibus
372 1624 538 1657 catenae
568 1617 758 1666 iniectae,
796 1618 979 1670 iussique
1011 1619 1063 1658 ad
1088 1625 1325 1670 quaestores
1352 1619 1510 1660 deferre

155 1678 266 1731 quod
291 1678 378 1718 auri
410 1685 531 1730 atque
557 1679 715 1732 argenti
746 1678 957 1719 haberent.
1018 1680 1106 1719 auri
1130 1680 1267 1733 pondo
1293 1681 1374 1721 duo
1399 1681 1511 1721 milia

157 1739 418 1793 septuaginta
453 1739 553 1787 fuit,
603 1740 761 1793 argenti
797 1740 963 1794 triginta
998 1741 1109 1781 milia
1151 1741 1288 1794 pondo
1325 1748 1364 1782 et
1400 1742 1509 1782 mille

156 1801 343 1841 ducenta.
417 1807 624 1842 senatores
661 1802 841 1854 quinque
879 1808 918 1841 et
953 1802 1097 1856 viginti
1136 1802 1259 1843 Cales
1296 1804 1338 1843 in
1374 1810 1509 1844 custo-

156 1863 283 1911 diam,
323 1863 625 1917 duodetriginta
651 1863 837 1903 Teanum
862 1863 990 1912 misit,
1028 1878 1202 1916 quorum
1227 1865 1278 1905 de
1310 1865 1511 1906 sententia

156 1925 333 1965 maxime
360 1925 561 1964 descitum
586 1925 636 1964 ab
662 1924 860 1965 Romanis
888 1925 1113 1966 constabat.

240 1986 340 2026 XV.
401 1986 469 2026 De
507 1986 707 2040 supplicio
746 1986 949 2041 Campani
987 1994 1151 2029 senatus
1189 1988 1507 2042 haudquaquam

158 2047 260 2087 inter
294 2047 488 2088 Fulvium
528 2047 830 2101 Claudiumque
872 2049 1162 2090 conveniebat:
1212 2050 1343 2091 facilis
1380 2051 1510 2104 impe-

158 2109 325 2149 trandae
361 2110 504 2149 veniae
544 2108 762 2159 Claudius,
810 2110 958 2151 Fulvio
1000 2111 1138 2152 durior
1175 2112 1374 2152 sententia
1411 2119 1507 2153 erat.

158 2171 294 2223 itaque
332 2170 494 2224 Appius
531 2172 708 2212 Romam
750 2172 802 2212 ad
844 2179 1031 2212 senatum
1073 2173 1285 2214 arbitrium
1328 2174 1414 2214 eius
1451 2175 1509 2214 rei

158 2239 286 2272 totum
311 2232 522 2273 reiciebat:
560 2234 852 2287 percunctandi
877 2235 999 2274 etiam
1024 2249 1201 2288 aequum
1222 2250 1312 2276 esse
1331 2242 1510 2290 potesta-

158 2301 240 2333 tem
265 2294 351 2334 fieri
375 2295 578 2348 patribus,
605 2311 704 2335 num
730 2297 1101 2337 communicassent
1126 2298 1296 2338 consilia
1321 2312 1413 2338 cum
1439 2298 1511 2338 ali-

157 2357 248 2408 quis
287 2356 507 2405 sociorum,
546 2357 688 2397 Latini
724 2359 918 2407 nominis,
959 2359 1293 2413 municipiorum,
1337 2366 1376 2400 et
1411 2375 1510 2400 num

157 2431 234 2470 ope
266 2432 405 2457 eorum
437 2417 479 2457 in
510 2418 616 2459 bello
647 2419 781 2459 forent
811 2420 950 2460 adiuti.
1009 2421 1051 2460 id
1081 2435 1178 2461 vero
1208 2421 1375 2462 minime
1401 2423 1511 2462 com-

157 2479 400 2519 mittendum
431 2494 522 2520 esse
546 2480 718 2521 Fulvius
745 2481 896 2531 dicere,
928 2488 973 2521 ut
999 2482 1311 2523 sollicitarentur
1336 2483 1512 2524 crimini-

158 2540 233 2581 bus
260 2540 394 2581 dubiis
428 2542 632 2582 sociorum
661 2543 843 2583 fidelium
875 2544 1000 2583 animi
1030 2550 1069 2584 et
1100 2544 1380 2586 subicerentur
1404 2546 1512 2586 indi-

157 2601 285 2651 cibus,
302 2604 391 2655 quis
414 2601 565 2657 [neque
586 2604 684 2656 quid
703 2603 916 2659 dicerent,]
938 2619 1070 2658 neque
1085 2606 1183 2659 quid
1204 2607 1385 2648 facerent
1399 2607 1511 2660 quic-

156 2678 279 2716 quam
304 2679 500 2717 umquam
531 2666 649 2719 pensi
673 2666 836 2707 fuisset:
874 2667 1011 2721 itaque
1038 2682 1081 2709 se
1107 2682 1197 2709 eam
1229 2669 1509 2722 quaestionem

1536 2436 1555 2463 4
