1815 3184
497 232 645 267 LIBER
668 232 796 275 XXX,
821 231 875 264 42.
893 230 948 265 43.
977 232 1025 273 [a.
1040 228 1078 264 e.
1091 230 1172 273 201]
1427 220 1508 261 527

170 346 280 380 certa
314 336 560 392 negantibus
598 335 801 376 difficilior
834 333 955 374 venia
990 341 1118 383 esset,
1159 347 1268 373 nune
1303 332 1507 373 monendo

169 401 288 441 etiam
320 406 454 453 patres
481 398 748 451 conscriptos,
786 402 830 437 ut
861 396 1049 437 secundis
1081 396 1262 436 modeste
1295 409 1341 435 ac
1370 395 1509 434 mode-

168 470 252 503 rate
282 468 489 502 uterentur
514 486 565 489 —
592 460 625 500 si
657 474 700 500 se
731 466 851 512 atque
882 459 1129 499 Hannonem
1165 458 1375 499 audissent
1406 457 1507 498 Car-

168 524 442 578 thaginienses
485 530 523 562 et
564 528 743 575 tempore
780 521 839 560 uti
879 521 1124 569 voluissent,
1174 521 1338 561 daturos
1380 519 1508 560 fuisse

168 585 280 640 pacis
306 584 581 631 condiciones,
620 597 721 636 quas
747 589 842 622 tunc
866 589 1059 636 peterent.
1118 597 1208 623 raro
1234 582 1353 622 simul
1378 582 1508 622 homi-

168 647 286 688 nibus
312 646 461 687 bonam
486 646 690 686 fortunam
714 644 944 698 bonamque
970 652 1144 685 mentem
1171 645 1273 694 dari3
1312 645 1508 699 populum

168 709 398 750 Romanum
423 723 470 748 eo
495 708 691 748 invictum
717 721 825 756 esse,
862 707 971 760 quod
1001 707 1042 747 in
1073 707 1260 747 secundis
1291 707 1411 748 rebus
1445 723 1509 747 sa-

167 785 262 825 pere
287 777 325 810 et
351 769 561 810 consulere
586 769 823 810 meminerit.
873 775 912 810 et
936 769 1098 809 hercule
1118 769 1345 809 mirandum
1366 769 1506 817 fuisse,

169 834 203 874 si
228 833 342 874 aliter
365 832 529 873 faceret.
590 847 639 872 ex
670 831 884 872 insolentia
908 831 1055 884 quibus
1086 846 1193 871 nova
1216 830 1323 872 bona
1347 831 1509 871 fortuna

169 895 219 936 sit
242 895 461 948 inpotentis
487 894 662 934 laetitiae
686 894 880 942 insanire3
906 893 1057 947 populo
1076 893 1263 933 Romano
1288 893 1437 934 usitata
1463 908 1510 934 ac

170 971 294 1011 prope
319 957 399 996 iam
425 956 607 996 obsoleta
633 970 682 996 ex
707 956 875 996 victoria
899 956 1049 1009 gaudia
1079 970 1169 995 esse
1195 970 1240 996 ac
1265 955 1356 1009 plus
1381 970 1509 1010 paene

169 1019 372 1073 parcendo
397 1018 513 1059 victis
539 1033 660 1070 quam
686 1017 884 1057 vincendo
914 1017 1127 1071 imperium
1159 1017 1408 1066 auxisse—‚
1446 1031 1510 1058 ee·-

171 1090 347 1121 terorum
389 1080 655 1120 miserabilior
696 1079 822 1118 oratio
864 1078 941 1117 fuit
984 1080 1412 1128 commemorantium,
1461 1094 1511 1119 ex

167 1143 328 1196 quantis
371 1141 515 1195 opibus
558 1155 638 1193 quo
679 1140 940 1180 reccidissent
984 1138 1384 1194 Carthaginiensium
1425 1156 1508 1181 res:

168 1204 266 1244 nihil
295 1206 347 1252 is,
385 1203 455 1256 qui
483 1203 604 1242 modo
629 1201 768 1242 orbem
799 1216 924 1255 prope
950 1208 1145 1241 terrarum
1177 1201 1423 1242 obtinuerint
1448 1218 1510 1242 ar-

168 1265 262 1313 mis,
301 1279 514 1318 superesse
539 1272 697 1318 praeter
723 1263 984 1317 Carthaginis
1011 1264 1182 1303 moenia.
1242 1264 1304 1304 his
1330 1264 1508 1304 inclusos

166 1341 249 1367 non
278 1332 401 1375 terra,
437 1340 518 1366 non
547 1325 648 1365 mari
678 1325 896 1377 quicquam
929 1325 991 1364 sui
1022 1325 1119 1365 iuris
1152 1339 1332 1374 cernere3
1369 1325 1511 1366 urbem

167 1403 329 1441 quoque
353 1389 485 1442 ipsam
510 1402 557 1428 ae
581 1394 747 1441 penates
773 1387 829 1427 ita
853 1387 1081 1436 habituros,
1109 1387 1142 1428 si
1167 1403 1249 1428 non
1272 1388 1313 1428 in
1339 1404 1386 1429 ea
1411 1404 1511 1442 quo-

167 1464 264 1503 que,
312 1464 393 1503 quo
428 1449 527 1489 nihil
561 1449 729 1489 ulterius
769 1449 842 1497 sit,
892 1449 1047 1489 saevire
1084 1450 1258 1503 populus
1297 1451 1508 1492 Romanus

168 1511 301 1552 vellet.
340 1526 431 1551 eum
457 1511 563 1551 flecti
583 1511 857 1551 misericordia
877 1518 1011 1565 patres
1032 1519 1255 1565 appareret,
1283 1520 1510 1554 senatorem

167 1588 294 1613 unum
330 1573 525 1613 infestum
563 1573 754 1627 perfidiae
793 1572 1195 1628 Carthaginiensium
1238 1575 1510 1616 succlamasse

166 1632 321 1683 ferunt,
354 1649 426 1689 per
450 1649 553 1687 quos
579 1635 676 1675 deos
702 1636 847 1675 foedus
874 1635 991 1675 icturi
1017 1643 1169 1686 essent,
1201 1651 1294 1677 cum
1320 1652 1408 1686 cos,
1440 1652 1511 1692 per

167 1711 268 1751 quos
294 1704 387 1736 ante
413 1696 537 1736 ictum
569 1703 693 1745 esset,
731 1696 990 1746 fefellissent3
1030 1702 1119 1752 ‘per
1149 1699 1346 1747 eosdem,'
1382 1700 1512 1752 inquit

168 1757 424 1806 Hasdrubal,
453 1758 662 1811 ‘quoniam
682 1765 765 1798 tam
785 1759 920 1798 infesti
943 1766 1036 1800 sunt
1056 1760 1222 1801 foedera
1240 1761 1510 1802 violantibus?

250 1818 524 1860 XXXXHL
574 1820 784 1860 Inclinatis
811 1820 992 1860 omnium
1019 1822 1070 1861 ad
1095 1837 1238 1876 pacem
1264 1823 1408 1864 animis
1432 1823 1507 1863 Cn.

167 1882 370 1923 Lentulus
397 1881 556 1931 consul,
594 1882 659 1923 eui
685 1882 826 1922 classis
852 1883 1061 1936 provincia
1086 1892 1187 1933 erat,
1226 1892 1389 1926 senatus
1416 1900 1511 1925 con-

168 1945 273 1985 sulto
297 1945 535 1985 intercessit.
596 1951 682 1985 tum
706 1944 778 1985 M'.
798 1944 957 1985 Acilius
984 1953 1023 1986 et
1049 1945 1101 1999 Q
1127 1946 1336 1987 Minucius
1362 1947 1510 1988 tribuni

166 2007 296 2061 plebis
333 2007 385 2047 ad
419 2007 616 2062 populum
646 2008 841 2057 tulerunt,
880 2009 1027 2049 vellent
1057 2009 1294 2051 iuberentne
1326 2017 1509 2051 senatum

167 2070 401 2118 decernere,
438 2077 483 2110 ut
519 2084 611 2110 cum
650 2070 1056 2126 Carthaginiensibus
1093 2087 1174 2127 pax
1210 2073 1340 2113 fieret:
1389 2087 1509 2125 quem

167 2146 256 2171 eam
280 2145 423 2185 pacem
449 2131 544 2172 dare
570 2146 771 2186 quemque
803 2148 852 2173 ex
884 2133 1029 2175 Africa
1054 2135 1274 2175 exercitum
1300 2135 1510 2188 deportare

166 2192 362 2234 iuberent.
423 2193 472 2233 de
507 2208 607 2247 pace
644 2195 702 2234 uti
735 2202 900 2249 rogatae
938 2203 1050 2236 erant
1086 2211 1226 2236 omnes
1263 2196 1390 2236 tribus
1427 2197 1510 2237 ius-

167 2261 322 2303 serunt,
360 2269 504 2309 pacem
529 2256 624 2296 dare
649 2256 696 2297 P.
726 2255 978 2311 Scipionem,
1016 2258 1190 2298 eundem
1215 2258 1415 2298 exercitus
1440 2258 1510 2298 de-

165 2323 337 2370 portare.
398 2332 449 2358 ex
472 2317 548 2358 hac
572 2319 781 2373 rogatione
808 2325 971 2359 senatus
998 2319 1192 2368 decrevit,
1224 2326 1268 2359 ut
1293 2319 1340 2359 P.
1371 2318 1509 2374 Scipio

167 2392 217 2418 ex
241 2378 382 2419 decem
405 2379 632 2434 legatorum
658 2380 856 2421 sententia
880 2395 1022 2434 pacem
1047 2394 1139 2420 cum
1165 2381 1315 2434 populo
1337 2380 1510 2422 Cartha-

166 2439 411 2493 giniensium
447 2441 595 2494 quibus
631 2441 791 2495 legibus
829 2442 865 2481 ei
901 2442 1104 2481 videretur
1133 2442 1297 2482 faceret.
1356 2443 1506 2497 gratias

167 2501 313 2542 deinde
348 2503 530 2555 patribus
569 2517 687 2557 egere
725 2502 1086 2557 Carthaginienses
1123 2510 1162 2543 et
1197 2504 1416 2558 petierunt,
1466 2512 1511 2545 ut

168 2562 245 2603 sibi
268 2563 310 2602 in
334 2563 476 2603 urbem
500 2564 664 2604 introire
689 2571 728 2604 et
753 2564 941 2617 conloqui
960 2578 1052 2604 cum
1072 2564 1228 2606 civibus
1255 2566 1338 2606 suis
1358 2567 1508 2616 liceret,

168 2624 236 2677 qui
272 2624 378 2678 capti
412 2625 454 2664 in
488 2624 651 2678 publica
681 2625 864 2665 custodia
894 2632 1048 2666 essent:
1086 2641 1174 2667 esse
1209 2627 1249 2667 in
1279 2627 1328 2668 iis
1364 2628 1509 2682 partim

168 2687 416 2740 propinquos
448 2687 681 2740 amicosque
713 2702 826 2737 suos,
864 2688 1020 2730 nobiles
1046 2689 1248 2740 homines,
1285 2691 1433 2745 partim
1457 2692 1509 2732 ad

1535 471 1574 500 15

1537 659 1575 687 16

1537 844 1573 872 17

1537 1031 1576 1060 18

1540 1280 1577 1307 19

1536 1528 1552 1556 ⁴2
1557 1527 1578 1556 O

1537 1651 1574 1679 21

1539 1837 1551 1864 1

1537 1960 1554 1988 2

1535 2207 1553 2236 3

1535 2333 1554 2361 4

1534 2457 1552 2486 5

1535 2643 1552 2672 6
