1815 3184
515 244 666 279 LIBER
690 244 860 289 XXIIII,
885 245 916 278 8.
937 244 966 278 9.
996 246 1045 288 [a.
1062 242 1195 287 (1215]
1458 232 1538 273 173

178 348 458 404 gubernacula
484 348 641 398 sedeat,
669 363 830 389 summa
855 362 951 389 cura
975 347 1273 402 providendum
1300 360 1347 387 36
1371 359 1538 400 praeca-

180 411 359 451 vendum
383 409 501 451 vobis
528 417 601 451 est.
660 410 703 451 in
734 410 889 451 minore
919 417 959 451 te
992 410 1168 464 experti,
1206 409 1256 449 T.
1285 407 1456 457 Otacili,
1494 421 1538 447 re

180 488 340 514 sumus:
367 472 466 513 haut
491 487 607 522 sane,
635 487 707 513 eur
732 472 784 513 ad
808 472 963 513 maiora
987 471 1061 512 tibi
1085 471 1275 520 fidamus,
1302 468 1538 511 documenti

179 536 400 588 quicquam
437 534 598 575 dedisti.
659 534 834 575 classem
864 533 943 574 1106
973 547 1099 582 311110,
1137 532 1204 573 6111
1234 539 1278 572 111
1308 530 1536 586 praefuisti,

179 596 302 636 trium
326 611 462 636 rerum
488 610 613 636 causa
636 595 889 650 paravimus,
922 602 967 635 ut
991 594 1160 636 Africae
1186 609 1298 635 oram
1323 592 1540 648 populare-

180 664 262 706 tur,
301 664 346 697 ut
382 664 467 698 tuta
502 656 619 698 nobis
652 657 797 697 Italiae
832 656 952 697 litora.
987 662 1143 705 essent,
1187 662 1279 696 ante
1315 654 1452 696 omnia
1488 667 1539 693 ne

182 719 514 773 supplementum
540 733 634 759 cum
660 718 862 773 stipendio
882 723 1195 770 commeatuque
1221 717 1272 758 ab
1289 715 1540 769 Carthagine

181 780 410 821 Hannibali
435 786 788 835 transportaretur.
838 786 971 821 create
997 779 1206 820 consulem
1227 778 1275 819 T.
1300 777 1537 826 Otacilium,

180 857 265 883 non
289 842 381 883 dico
407 842 441 883 si
467 842 603 883 omnia
628 842 748 890 haec,
777 847 839 882 set
864 842 899 882 si
924 841 1078 895 aliquid
1103 855 1244 881 eorum
1268 840 1327 880 rei
1350 838 1539 893 publicae

179 904 393 958 praestitit.
466 904 528 944 sin
564 910 701 943 autem
737 909 775 943 te
813 903 989 943 classem
1025 901 1233 943 obtinente
1270 901 1392 942 etiam
1429 900 1542 941 velut

179 972 325 1019 pacato
350 965 452 1005 mari
477 965 646 1017 quaevis
661 963 888 1004 Hannibali
909 969 996 1004 tuta
1021 970 1142 1016 atque
1161 963 1321 1017 integra
1346 961 1396 1002 ab
1418 962 1539 1001 domo

180 1033 396 1074 venerunt,
437 1026 471 1066 si
502 1040 572 1066 ora
596 1026 739 1066 Italiae
764 1024 953 1066 infestior
982 1024 1063 1064 1106
1087 1039 1194 1064 311110
1220 1038 1343 1077 quam
1369 1022 1539 1063 Africae

179 1087 274 1136 suit,
307 1088 405 1139 quid
430 1087 564 1127 dicere
588 1094 724 1140 potes,
757 1100 829 1126 cur
853 1094 891 1126 te
917 1085 1179 1139 potissimum
1205 1085 1353 1125 ducem
1378 1084 1540 1124 Hanni-

179 1148 262 1189 bali
286 1148 395 1188 hosti
419 1148 652 1202 opponant?
689 1148 724 1188 si
743 1147 887 1189 consul
907 1161 1034 1196 esses,
1061 1146 1301 1187 dictatorem
1321 1146 1541 1186 dicendum

180 1209 367 1263 exemplo
393 1209 595 1250 maiorum
620 1211 807 1250 nostrum
832 1223 1094 1250 censeremus
1113 1222 1189 1249 nec
1209 1214 1252 1248 tu
1271 1208 1313 1248 id
1338 1207 1543 1262 indignari

179 1286 342 1326 posses,
369 1270 547 1324 aliquem
572 1271 614 1311 in
639 1271 801 1311 civitate
820 1270 1010 1311 Romana
1034 1269 1245 1310 meliorem
1270 1269 1377 1310 bello
1400 1269 1541 1310 haberi

180 1348 304 1386 quam
335 1340 386 1373 te.
452 1332 585 1387 magis
616 1332 768 1372 nullius
799 1331 969 1372 interest
1006 1346 1130 1385 quam
1162 1339 1250 1380 tua,
1295 1331 1345 1372 T.
1374 1329 1540 1379 Otacili,

181 1409 265 1435 non
288 1394 443 1448 imponi
468 1393 695 1435 cervicibus
721 1394 801 1435 tuis
827 1408 950 1442 onus,
990 1393 1066 1434 sub
1092 1408 1172 1447 quo
1199 1393 1403 1434 concidas.
1465 1408 1541 1448 ego

182 1470 431 1510 magnopere
459 1454 568 1511 [oro]
598 1456 852 1509 suadeoque,
890 1456 1034 1497 eodem
1066 1455 1202 1497 animo
1234 1470 1335 1508 quo,
1374 1455 1408 1495 si
1434 1462 1544 1496 stan-

183 1517 291 1558 tibus
323 1517 440 1558 vobis
471 1518 513 1557 in
550 1517 680 1558 aciem
716 1518 881 1558 armatis
913 1524 1079 1572 repente
1111 1517 1319 1572 deligendi
1349 1517 1430 1558 duo
1468 1517 1544 1557 im-

182 1584 390 1633 peratores
412 1585 567 1627 essent,
595 1592 769 1631 quorum
788 1579 914 1619 ductu
933 1586 1055 1632 atque
1075 1579 1259 1633 auspicio
1279 1579 1541 1627 dimicaretis,

183 1640 304 1681 hodie
331 1654 494 1693 quoque
524 1639 712 1680 6011311163
745 1640 907 1689 6166113,
951 1640 1101 1693 quibus
1135 1647 1391 1682 sacramento
1423 1640 1542 1680 liberi

184 1702 308 1742 163111
328 1702 483 1750 dicant,
510 1701 562 1742 ad
580 1715 754 1754 quorum
774 1701 952 1742 edictum
973 1701 1236 1750 conveniant,
1265 1701 1341 1741 sub
1367 1716 1542 1753 quorum

185 1763 312 1804 tutela
336 1770 457 1816 atque
483 1777 580 1803 cura
604 1763 789 1803 militent.
838 1762 952 1803 lacus
968 1762 1278 1803 Trasumennus
1305 1769 1344 1803 et
1360 1762 1542 1812 Cannae,

184 1825 316 1865 tristia
350 1825 401 1865 ad
438 1824 760 1865 recordationem
793 1823 1003 1878 exempla,
1053 1830 1115 1864 set
1150 1824 1203 1864 ad
1237 1825 1542 1878 praecavendas

186 1885 362 1942 [clades]
386 1886 538 1927 similes
559 1886 690 1935 utilia,
718 1886 963 1927 documento
990 1893 1096 1926 sunt.
1133 1900 1294 1940 praeco,
1314 1885 1544 1927 Aniensem

184 1949 387 1989 iuniorum
413 1948 451 1988 in
481 1948 725 2002 suffragium
748 1947 924 1988 revoca'.

271 2010 415 2051 VIIII.
479 2009 588 2050 Cum
625 2010 674 2050 T.
709 2008 911 2051 Otacilius
948 2009 1138 2051 ferociter
1174 2024 1268 2051 eum
1305 2010 1543 2051 continuare

187 2071 444 2112 consulatum
468 2071 573 2112 16116
598 2071 890 2112 vociferaretur
919 2078 1040 2125 atque
1072 2071 1344 2126 obstreperet,
1381 2071 1543 2112 lictores

188 2133 241 2172 ad
265 2146 359 2172 eum
385 2133 579 2174 accedere
604 2133 747 2174 consul
771 2133 891 2173 iussit
916 2139 972 2182 et,
1011 2133 1107 2186 quia
1135 2133 1179 2173 in
1210 2132 1353 2174 urbem
1377 2147 1460 2173 non
1484 2133 1546 2172 in-

189 2194 288 2233 ierat
313 2194 497 2247 protinus
522 2194 564 2234 in
590 2209 782 2248 campum
812 2209 863 2234 ex
893 2194 1036 2235 itinere
1067 2194 1295 2249 profectus,
1333 2194 1546 2237 admonuit

190 2270 283 2295 cum
310 2254 520 2296 securibus
547 2255 625 2296 sibi
649 2256 783 2296 fasces
809 2255 1017 2309 praeferri.

274 2316 444 2356 Interim
467 2317 752 2371 praerogativa
783 2317 1027 2372 suffragium
1056 2318 1148 2367 init,
1187 2318 1393 2371 creatique
1424 2317 1466 2358 in
1497 2332 1545 2359 ea

191 2377 379 2419 consules
407 2377 459 2430 Q.
485 2377 641 2419 Fabius
667 2378 878 2419 Maximus
905 2386 1112 2432 quartum,
1139 2379 1201 2420 M.
1216 2379 1440 2420 Marcellus
1467 2386 1546 2420 ter-

190 2441 304 2480 tium.
364 2440 532 2480 eosdem
563 2440 752 2481 consules
785 2447 942 2481 ceterae
974 2441 1180 2481 centuriae
1212 2441 1298 2482 sine
1323 2441 1545 2482 variatione

1567 543 1606 571 14

1567 790 1607 818 15

1568 1038 1606 1066 16

1569 1161 1607 1189 17

1569 1405 1610 1436 18

1574 1652 1612 1681 19

1569 1775 1611 1805 20

191 2502 272 2542 ulla
297 2502 498 2542 dixerunt.
543 2508 582 2543 et
600 2509 762 2556 praetor
782 2517 886 2544 unus
905 2502 1084 2543 refectus
1101 2502 1153 2555 Q.
1167 2502 1340 2543 Fulvius
1354 2502 1542 2552 Flaccus,
1570 2519 1591 2547 4

190 2564 285 2604 11011
311 2564 378 2604 alii
403 2564 544 2613 creati,
583 2564 632 2604 T.
662 2564 866 2605 Otacilius
897 2564 1062 2613 iterum,
1102 2563 1154 2617 Q.
1182 2564 1337 2605 Fabius
1364 2565 1544 2606 consulis

188 2626 314 2675 filius,
342 2626 411 2679 qui
437 2633 523 2666 tum
549 2626 690 2667 aedilis
717 2626 867 2667 curulis
894 2633 997 2676 erat,
1023 2626 1071 2667 P.
1089 2626 1306 2668 Cornelius
1324 2627 1543 2669 Lentulus.

189 2688 362 2730 comitiis
399 2696 631 2742 praetorum
666 2688 859 2743 perfectis
896 2695 1063 2730 senatus
1106 2689 1337 2730 consultum
1373 2689 1540 2740 factum,
1570 2706 1588 2734 5
