1815 3184
238 686 276 715 13

239 871 277 899 14

307 253 388 294 164
660 260 812 293 LIBER
830 232 984 304 XXIII,
1009 261 1065 294 49.
1094 263 1142 303 [a.
1158 273 1192 295 u,
1208 272 1237 296 c.
1253 262 1335 306 539]

304 364 406 404 taria
442 363 577 417 signa,
617 368 773 416 septem
811 361 1068 416 elephantos,
1107 363 1288 417 quinque
1322 364 1365 404 in
1399 366 1553 419 proelio
1589 382 1656 408 oc-

304 427 418 474 cisis;
449 425 646 478 trinisque
672 439 720 465 eo
745 424 810 465 die
837 425 980 465 castris
1005 425 1124 479 potiti
1150 432 1256 466 sunt.

387 487 550 541 Iliturgi
591 486 804 527 obsidione
845 486 1015 528 liberato
1058 487 1111 527 ad
1145 487 1300 528 Intibili
1336 490 1658 543 oppugnandum

302 548 450 589 Punici
475 548 677 589 exercitus
703 548 878 588 traducti
904 548 1101 602 suppletis
1127 549 1254 603 copiis
1281 563 1331 590 ex
1355 550 1581 604 provincia,
1613 559 1658 592 ut

303 625 407 664 quae
428 611 606 651 maxime
626 611 809 651 omnium
828 610 924 652 belli
943 611 1074 660 avida,
1101 612 1223 652 modo
1241 612 1395 665 praeda
1413 619 1482 652 aut
1501 627 1656 654 merces

304 680 430 721 esset,
457 679 497 713 et
521 681 608 713 tum
632 673 843 714 iuventute
869 672 1115 713 abundante.
1163 673 1311 714 iterum
1337 674 1465 729 signis
1487 674 1657 716 conlatis

303 735 445 775 eadem
472 734 636 775 fortuna
661 735 872 788 utriusque
897 735 1023 789 partis
1043 735 1283 790 pugnatum.
1322 751 1446 790 supra
1464 737 1658 777 tredecim

302 797 414 837 milia
444 797 624 838 hostium
656 811 794 846 caesa,
839 812 963 851 supra
992 797 1073 836 duo
1112 804 1231 851 capta
1261 811 1355 838 cum
1393 798 1521 852 signis
1558 798 1659 838 duo-

303 859 380 900 bus
407 866 445 900 et
471 859 743 914 quadraginta
767 866 807 900 et
830 874 978 900 novem
1005 858 1246 913 elephantis.
1284 865 1371 900 tum
1395 874 1491 901 vero
1516 874 1657 900 omnes

303 936 429 975 prope
466 921 695 975 Hispaniae
731 921 872 975 populi
909 921 961 962 ad
991 920 1201 962 Romanos
1238 921 1476 962 defecerunt
1511 922 1659 963 multo-

303 997 382 1036 que
418 983 593 1024 maiores
630 998 679 1024 ea
714 990 868 1024 aestate
904 983 945 1023 in
970 983 1177 1037 Hispania
1206 998 1330 1037 quam
1366 983 1409 1024 in
1438 983 1559 1025 Italia
1592 998 1657 1025 res

303 1051 456 1099 gestae.

637 1240 923 1299 [PERIOCHA
954 1250 1093 1287 LIBRI
1123 1249 1317 1300 XXIIII]

375 1340 642 1385 [Hieronymus
664 1339 982 1386 Syracusanorum
1006 1352 1088 1385 rex,
1128 1341 1231 1375 cuius
1256 1344 1362 1384 pater
1381 1341 1496 1375 Hiero
1518 1340 1657 1375 amicus

305 1391 434 1435 populi
448 1391 606 1425 Romani
620 1390 759 1434 fuerat,
786 1392 833 1426 ad
849 1390 1177 1435 Carthaginienses
1197 1391 1334 1425 defecit
1353 1395 1391 1425 et
1403 1395 1556 1435 propter
1577 1403 1656 1426 cru-

307 1442 494 1475 delitatem
520 1442 807 1486 superbiamque
828 1453 850 1476 a
871 1442 946 1475 suis
972 1441 1190 1476 interfectus
1211 1445 1277 1475 est.
1338 1442 1396 1475 Ti.
1418 1440 1658 1485 Sempronius

306 1491 499 1526 Gracchus
535 1493 737 1536 proconsul
773 1503 951 1536 prospere
984 1493 1163 1526 adversus
1194 1492 1343 1525 Poenos
1375 1495 1413 1526 et
1436 1488 1658 1526 Hannoeoem

306 1543 435 1576 ducem
461 1543 508 1577 ad
531 1543 785 1577 Beneventum
810 1542 992 1586 pugnavit
1017 1553 1206 1576 servorum
1225 1542 1380 1576 maxime
1407 1553 1537 1586 opera,
1565 1553 1658 1587 quos

303 1593 442 1626 liberos
469 1603 551 1627 esse
577 1593 696 1626 iussit.
747 1592 925 1626 Claudius
952 1592 1152 1627 Marcellus
1180 1593 1310 1626 consul
1335 1592 1373 1626 in
1394 1591 1536 1635 Sicilia,
1564 1603 1658 1637 quae

301 1654 418 1687 prope
444 1646 524 1677 tota
549 1644 597 1677 ad
617 1644 766 1677 Poenos
793 1643 1002 1688 defecerat,
1031 1643 1236 1688 Syracusas
1264 1643 1422 1677 obsedit.
1481 1643 1657 1688 Philippo

302 1694 549 1728 Macedonum
563 1694 641 1739 regi
656 1695 794 1728 bellum
808 1694 985 1728 indictum
1000 1698 1068 1739 est,
1085 1694 1148 1739 qui
1162 1695 1209 1728 ad
1223 1693 1460 1739 Apolloniam
1474 1698 1656 1729 nocturno

301 1744 443 1788 proelio
466 1744 668 1789 obpressus
690 1745 918 1789 fugatusque
943 1745 981 1779 in
999 1745 1258 1780 Macedoniam
1280 1756 1362 1779 cum
1386 1756 1503 1790 prope
1528 1745 1658 1779 inermi

303 1794 465 1828 exercitu
490 1795 666 1839 profugit.
717 1796 764 1830 ad
790 1796 828 1829 id
854 1797 993 1830 bellum
1013 1797 1219 1841 gerendum
1241 1796 1288 1830 M.
1308 1796 1480 1831 Valerius
1506 1799 1658 1840 praetor

303 1845 447 1879 missus.
508 1845 683 1880 Celtiberi
709 1857 857 1891 quoque
882 1846 921 1880 in
944 1846 1143 1881 amicitiam
1174 1847 1314 1891 recepti
1347 1850 1441 1880 sunt.
1502 1857 1657 1891 quorum

303 1896 448 1930 auxiliis
485 1896 640 1931 adscitis
676 1900 766 1931 tunc
795 1898 951 1942 primum
981 1897 1275 1932 mercennarium
1305 1897 1459 1931 militem
1488 1896 1658 1930 Romana

304 1951 426 1981 castra
444 1947 666 1981 habuerunt.
715 1959 774 1982 res
788 1953 986 1992 praeterea
1002 1948 1040 1982 in
1054 1948 1238 1993 Hispania
1251 1960 1273 1983 a
1286 1949 1328 1982 P.
1344 1951 1381 1983 et
1396 1947 1460 1982 Cn.
1477 1946 1656 1992 Scipioni-

302 1998 373 2031 bus
393 1998 570 2031 adversus
585 1996 914 2043 Carthaginienses
934 2002 1061 2043 gestas
1081 1999 1259 2033 continet.
1307 2010 1329 2033 a
1349 1998 1484 2043 quibus
1505 1996 1656 2041 Syphax

302 2059 366 2082 rex
381 2048 576 2083 Numidiae
590 2049 627 2082 in
643 2049 841 2083 amicitiam
854 2051 1030 2093 adscitus,
1059 2050 1120 2094 qui
1135 2061 1157 2084 a
1171 2049 1381 2084 Masanissa
1395 2048 1657 2093 Massyliorum

303 2110 390 2142 rege
410 2110 477 2143 pro
493 2098 866 2144 Carthaginiensibus
879 2104 1072 2145 pugnante
1087 2100 1206 2134 victus
1225 2100 1262 2134 in
1276 2099 1496 2145 Hispaniam
1515 2099 1563 2133 ad
1580 2097 1656 2132 Sci-

302 2150 450 2194 pionem
477 2161 557 2184 cum
582 2161 720 2195 magna
744 2162 856 2184 manu
880 2151 1029 2185 transiit
1054 2155 1183 2186 contra
1209 2150 1353 2195 Gades,
1401 2149 1465 2185 ubi
1497 2153 1656 2194 angusto

303 2199 398 2234 freto
413 2200 541 2235 Africa
555 2205 591 2235 et
603 2201 787 2246 Hispania
802 2201 1049 2247 dirimuntur]
