1815 3184
436 238 589 272 LIBER
613 236 779 280 XXVII,
805 236 858 271 24.
877 236 931 271 25.
960 238 1008 279 [a.
1025 234 1159 279 0208]
1394 225 1476 267 353

130 348 389 396 sumpturum
427 340 566 381 edixit.
626 340 720 381 inde
761 346 901 394 portas
945 338 1151 380 custodire
1187 338 1290 379 iussi
1326 337 1479 378 tribuni

127 404 303 444 militum
327 403 608 458 praefectique
635 402 792 443 socium
812 408 852 442 et
871 400 1151 450 centuriones,
1177 416 1229 442 ne
1249 401 1339 454 quis
1359 409 1479 442 nocte

128 466 229 505 urbe
255 465 395 505 exiret.
455 464 498 504 id
523 464 692 519 segnius
717 463 1087 518 neglegentiusque
1112 463 1287 503 fact-um:
1322 470 1480 517 septem
1506 474 1526 503 4

127 527 333 582 principes
361 534 547 575 senatus,
573 525 814 580 priusquam
840 525 1050 565 custodiae
1075 524 1117 564 in
1141 524 1270 579 portis
1296 524 1481 565 locaren-

129 598 207 637 tur,
233 597 326 629 ante
351 596 514 629 noctem
540 602 634 628 cum
658 587 796 628 liberis
823 594 1056 628 evaserunt.
1104 594 1271 641 postero
1297 586 1362 627 die
1387 586 1478 627 luce
1505 599 1524 627 5

129 652 281 706 prima,
319 665 412 691 cum
444 658 610 692 senatus
641 650 683 690 in
714 650 848 690 forum
874 649 989 690 citari
1015 658 1184 703 coeptus
1211 656 1339 698 esset,
1373 649 1481 690 desi-

130 713 279 761 derati,
316 714 507 765 bonaque
539 727 680 752 eorum
711 711 938 752 venierunt.
988 726 1012 751 a
1043 711 1188 752 ceteris
1221 711 1479 752 senatoribus

130 782 296 815 centum
321 774 467 829 viginti
492 774 676 822 obsides,
702 773 820 813 liberi
844 773 1047 827 ipsorum,
1081 773 1237 827 accepti
1262 773 1480 826 traditique

132 836 181 877 C.
214 836 409 877 Terentio
445 836 624 876 Romam
660 834 902 875 deducendi.
975 834 1010 875 is
1053 835 1191 875 omnia
1226 835 1482 889 suspectiora
1507 845 1525 875 6

130 913 253 950 quam
279 906 371 938 ante
397 898 560 937 fuerant
583 896 626 936 in
652 904 797 937 senatu
828 896 936 936 fecit.
997 896 1135 948 itaque
1167 904 1376 949 tamquam
1405 897 1482 936 im-

129 960 309 1000 minente
344 959 524 999 Etrusco
566 958 743 998 tumultu
783 957 990 1011 legionem
1030 972 1174 1005 unam,
1218 957 1387 998 alteram
1430 973 1482 998 ex

129 1021 315 1069 urbanis,
342 1020 554 1060 Arretium
580 1020 728 1059 ducere
753 1019 891 1058 iussus
917 1019 1005 1072 ipse
1034 1018 1082 1059 C.
1103 1019 1344 1067 Terentius,
1371 1034 1482 1059 eam-

129 1098 207 1135 que
239 1083 390 1122 habere
422 1081 463 1121 in
493 1080 699 1135 praesidio
730 1079 862 1129 urbis3
896 1078 946 1120 C.
973 1080 1200 1120 Hostilium
1226 1094 1319 1120 cum
1345 1088 1481 1122 cetero
1509 1092 1524 1120 7

129 1143 311 1184 exercitu
336 1143 471 1196 placet
495 1149 624 1183 totam
647 1141 903 1196 provinciam
927 1156 1148 1196 peragrare
1174 1149 1215 1182 et
1239 1156 1404 1191 cavere,
1430 1158 1481 1183 ne

128 1219 209 1258 qua
234 1203 395 1245 occasio
421 1218 574 1244 novare
600 1203 859 1258 cupientibus
884 1218 951 1243 res
972 1203 1149 1244 daretur.
1189 1201 1239 1244 C.
1260 1204 1480 1245 Terentius
1507 1214 1526 1243 8

127 1275 172 1307 ut
208 1265 421 1306 Arretium
458 1280 553 1305 cum
587 1265 752 1320 legione
789 1265 919 1313 venit,
966 1266 1103 1306 claves
1140 1273 1353 1320 portarum
1389 1280 1483 1306 cum

128 1328 394 1383 magistratus
415 1327 693 1382 poposcisset,
719 1328 967 1383 negantibus
988 1328 1037 1369 iis
1060 1343 1311 1383 comparere,
1338 1329 1483 1370 fraude

129 1397 287 1431 amotas
301 1390 433 1444 magis
448 1399 561 1431 ratus
576 1405 699 1444 quam
713 1391 977 1446 neglegentia
990 1391 1262 1441 intercidisse,
1276 1391 1366 1446 ipse
1381 1391 1481 1432 alias

129 1451 257 1493 clavis
296 1452 486 1493 omnibus
523 1452 651 1507 portis
687 1452 901 1507 imposuit,
939 1452 1129 1506 cavitque
1161 1467 1253 1493 cum
1285 1468 1400 1503 cura,
1438 1461 1484 1494 ut

130 1514 267 1554 onmia
302 1514 344 1554 in
373 1521 577 1568 potestate
610 1529 684 1554 sua
715 1522 872 1563 essent3
910 1515 1138 1555 Hostilium
1168 1515 1364 1556 intentius
1396 1531 1484 1556 mo-
1509 1527 1526 1556 9

130 1576 236 1625 nuit,
262 1583 305 1616 ut
331 1576 373 1616 in
398 1591 446 1617 eo
473 1591 590 1630 spem
615 1592 698 1617 non
722 1584 907 1617 moturos
936 1576 1156 1629 quicquam
1180 1577 1382 1618 Etruscos
1408 1592 1483 1632 po-

130 1645 262 1686 neret,
291 1638 324 1678 si
349 1653 400 1678 ne
427 1638 525 1690 quid
549 1637 706 1678 moveri
730 1645 874 1692 posset
899 1638 1090 1678 cavisset.

215 1699 365 1741 XXV.
413 1699 481 1739 De
507 1699 743 1740 Tarentinis
768 1700 863 1740 inde
888 1715 1041 1754 magna
1066 1700 1326 1742 contentione
1351 1701 1394 1741 in
1420 1716 1483 1742 se-
1511 1714 1525 1742 1

131 1770 229 1802 natu
261 1769 398 1802 actum
429 1776 567 1802 coram
591 1761 742 1810 Fabio,
782 1762 1029 1802 defendente
1060 1762 1151 1816 ipso
1183 1777 1286 1815 quos
1318 1771 1484 1818 ceperat

131 1824 273 1872 armis,
302 1823 390 1863 aliis
416 1823 588 1864 infensis
615 1830 655 1864 ct
678 1823 886 1878 plerisque
913 1824 1184 1876 aequantibus
1210 1839 1280 1865 eos
1303 1823 1483 1878 Campa-

129 1900 277 1925 norum
300 1900 432 1925 noxae
464 1899 718 1939 poenaeque.
781 1892 947 1925 senatus
979 1885 1213 1926 consultum
1243 1885 1285 1925 in
1318 1893 1482 1926 senten-

131 1947 229 1987 tiam
253 1946 329 1987 M’.
356 1946 467 1986 Acili
498 1946 654 1987 factum
686 1953 766 1995 est,
804 1954 850 1986 ut
880 1947 1078 2001 oppidum
1107 1947 1313 2002 praesidio
1346 1955 1483 1989 custo-

132 2009 285 2048 diretur
315 2008 611 2061 Tarentinique
642 2023 785 2049 omnes
822 2008 930 2048 intra
964 2009 1128 2049 moenia
1164 2009 1481 2058 continerentur,

131 2085 197 2110 res
223 2070 383 2124 integra
406 2076 553 2125 postea
576 2070 809 2119 referretur,
842 2085 934 2110 cum
959 2070 1215 2123 tranquillior
1241 2077 1372 2111 status
1397 2071 1483 2111 Ita-

132 2131 210 2171 liae
247 2139 370 2172 esset.
431 2138 471 2171 et
507 2132 557 2172 de
587 2132 650 2172 M.
681 2131 806 2172 Livio
842 2132 1052 2186 praefecto
1090 2132 1194 2172 arcis
1233 2132 1482 2173 Tarentinae
1509 2146 1528 2174 3

132 2192 243 2233 haud
273 2192 430 2233 minore
461 2193 683 2233 certamine
710 2200 847 2233 actum
872 2200 952 2242 est,
985 2193 1074 2233 aliis
1102 2200 1269 2234 senatus
1296 2194 1483 2235 consulto

132 2254 369 2294 notantibus
396 2254 670 2308 praefectum,
697 2255 807 2308 quod
832 2255 919 2295 eius
941 2255 1129 2296 socordia
1142 2255 1370 2296 Tarentum
1389 2271 1484 2310 pro-

132 2316 263 2355 ditum
288 2315 397 2356 hosti
422 2323 551 2364 esset,
584 2316 673 2357 aliis
698 2317 882 2371 praemia
907 2317 1243 2366 decernentibus,
1276 2318 1387 2370 quod
1410 2333 1483 2373 per
1508 2332 1528 2361 4

132 2376 457 2430 quinquennium
483 2391 619 2418 arcem
644 2384 799 2419 tutatus
827 2386 938 2419 esset
961 2379 1223 2432 maximeque
1247 2379 1369 2420 unius
1396 2380 1483 2420 eius

132 2454 257 2494 opera
281 2447 493 2493 receptum
512 2440 740 2481 Tarentum
762 2440 886 2489 foret,
912 2441 1059 2481 mediis
1086 2441 1139 2481 ad
1164 2455 1375 2490 censores,
1400 2457 1483 2483 non
1508 2455 1528 2485 5

131 2501 185 2542 ad
205 2508 393 2541 senatum
412 2501 622 2542 notionem
643 2502 692 2542 de
708 2517 755 2543 eo
769 2503 973 2557 pertinere
989 2503 1232 2544 dicentibus.
1259 2503 1374 2544 cuius
1391 2519 1484 2544 sen-

132 2562 284 2603 tentiae
310 2569 350 2603 et
367 2563 524 2604 Fabius
551 2563 645 2612 fuit3
674 2564 822 2605 adiecit.
847 2572 985 2605 tamen
1010 2564 1130 2605 fateri
1156 2579 1219 2613 se,
1246 2580 1372 2619 opera
1384 2565 1483 2606 Livi

131 2624 360 2665 Tarentum
373 2632 597 2679 receptum,
618 2627 729 2678 quod
743 2627 862 2667 amici
877 2627 963 2667 eius
979 2627 1103 2681 vulgo
1118 2627 1159 2667 in
1176 2635 1320 2668 senatu
1334 2627 1483 2668 iactas-

133 2693 241 2726 sent:
267 2700 401 2739 neque
423 2687 531 2727 enim
551 2687 836 2743 recipiundum
856 2689 998 2739 fuisse,
1025 2688 1104 2729 nisi
1124 2689 1322 2730 amissum
1340 2689 1458 2731 foret.

200 2752 266 2779 Livi
279 2752 332 2779 vol.
351 2751 384 2779 ΙΙ.
1211 2754 1256 2788 23

1508 1900 1526 1929 10
