1815 3184
335 248 389 288 52
656 255 809 289 LIBER
834 254 947 298 XXI,
974 254 1028 289 61.
1047 255 1102 288 62.
1131 256 1179 298 [a.
1194 266 1229 289 u.
1244 265 1273 290 ο.
1287 254 1369 298 536]

335 357 528 412 Scipione
559 356 740 397 hibernis
771 357 931 398 hostico
957 357 1015 398 cis
1040 356 1245 398 Hiberum
1275 372 1417 398 rursus
1443 358 1550 398 cedit
1575 373 1685 414 agro.

334 419 476 473 Scipio
505 419 688 459 relictam
719 419 770 459 ab
802 426 968 460 auctore
1000 419 1242 460 defectionis
1268 419 1491 474 Ilergetum
1523 428 1686 473 gentem

332 496 426 521 cum
457 481 607 521 infesto
638 481 819 520 exercitu
850 481 1089 530 invasisset,
1122 481 1330 535 conpulsis
1362 481 1553 522 omnibus
1584 480 1688 522 Ata-

293 557 297 559 ·
331 558 506 596 nagrum
537 541 701 590 urbem,
728 556 834 595 quae
860 550 983 596 caput
1015 543 1102 583 cius
1128 543 1270 597 populi
1296 549 1399 591 erat,
1426 543 1686 583 circumsedit

288 614 303 641 7
330 603 516 656 intraque
543 604 629 644 dics
657 618 810 657 paucos
837 604 1023 658 pluribus
1050 608 1174 657 quam
1201 611 1294 645 ante
1319 604 1533 644 obsidibus
1558 604 1688 658 impe-

330 665 427 705 ratis
456 665 652 719 Ilergetes
678 666 853 718 pecunia
879 666 1000 706 etiam
1026 666 1219 706 multatos
1245 666 1287 705 in
1311 666 1375 706 ius
1402 666 1687 719 dicionemque

286 735 304 763 8
331 727 495 781 recepit.
539 727 633 767 inde
652 727 693 766 in
712 727 950 769 Ausetanos
971 742 1097 781 prope
1117 727 1334 776 Hiberum,
1357 727 1491 768 socios
1511 734 1550 768 et
1574 728 1687 782 ipsos

329 787 578 836 Poenorum,
605 789 800 842 procedit,
828 800 950 842 atque
977 789 1076 830 urbe
1102 804 1242 830 eorum
1269 789 1440 830 obsessa
1453 789 1687 830 Lacetanos

330 850 525 890 auxilium
557 850 739 891 finitimis
772 851 952 891 ferentes
983 858 1102 892 nocte
1133 851 1244 891 haud
1280 851 1422 905 procul
1458 851 1540 891 iam
1571 850 1685 899 urbe,

286 924 302 951 a
330 926 422 952 cum
448 912 597 952 intrare
626 912 794 961 vellent,
828 914 989 967 excepit
1019 913 1198 954 insidiis:
1237 928 1358 953 caesa
1389 913 1440 953 ad
1471 913 1686 953 duodecim

328 973 453 1022 milia,
481 974 593 1013 exuti
618 989 743 1028 prope
766 989 908 1015 omnes
929 975 1052 1015 armis
1073 976 1216 1015 domos
1236 975 1391 1028 passim
1410 974 1596 1028 palantes
1616 988 1689 1028 per

329 1050 451 1089 agros
478 1035 692 1089 diffugere.
753 1051 828 1076 nec
859 1035 1053 1077 obsessos
1086 1036 1165 1077 alia
1196 1037 1279 1076 ulla
1309 1051 1374 1077 res
1400 1051 1524 1089 quam
1548 1036 1688 1088 iniqua

266 1109 304 1137 10
330 1097 666 1151 oppugnantibus
719 1097 850 1137 hiems
906 1097 1127 1138 tutabatur.
1188 1098 1355 1153 triginta
1398 1098 1485 1138 dics
1526 1097 1686 1138 obsidio

329 1158 419 1205 fuit,
448 1172 519 1212 per
544 1173 646 1211 quos
668 1174 758 1199 raro
781 1173 975 1212 umquam
996 1160 1065 1199 nix
1087 1159 1220 1200 minus
1242 1167 1434 1212 quattuor
1458 1159 1584 1213 pedes
1606 1159 1688 1199 alta

329 1219 452 1259 iacuit
462 1236 471 1268 ;
504 1220 687 1272 adeoque
718 1220 879 1274 pluteos
905 1236 953 1261 ac
978 1221 1119 1261 vincas
1145 1221 1426 1261 Romanorum
1459 1228 1685 1275 operuerat,
1710 1245 1713 1247 ,

330 1288 372 1320 ut
405 1296 452 1321 ea
489 1281 574 1321 sola
610 1281 775 1335 ignibus
813 1282 1056 1335 aliquotiens
1095 1283 1289 1323 coniectis
1322 1283 1373 1323 ab
1405 1282 1523 1323 hoste
1561 1282 1683 1322 etiam

265 1358 301 1386 ll
333 1350 605 1383 tutamentum
641 1343 775 1383 fucrit.
841 1352 1069 1397 postremo,
1108 1359 1202 1384 cum
1233 1344 1459 1385 Amusicus
1496 1344 1685 1398 princeps

330 1419 470 1443 eorum
491 1404 541 1443 ad
558 1404 864 1445 Hasdrubalem
891 1406 1155 1459 profugisset,
1176 1406 1321 1459 viginti
1341 1405 1500 1464 argenti
1525 1405 1686 1445 talentis

329 1466 437 1519 pacti
464 1466 680 1506 deduntur.
742 1466 1018 1507 Tarraconem
1044 1467 1084 1507 in
1110 1467 1279 1507 hiberna
1304 1468 1479 1507 reditum
1505 1473 1579 1507 est.

288 1546 300 1573 1
414 1527 562 1567 LXII.
611 1527 770 1568 Romae
802 1535 873 1568 aut
903 1528 1009 1568 circa
1041 1528 1183 1569 urbem
1210 1529 1338 1569 multa
1363 1543 1410 1569 ea
1435 1529 1569 1569 hieme
1594 1542 1687 1582 pro-

329 1588 439 1642 digia
465 1588 574 1629 facta
599 1596 681 1637 aut,
704 1590 815 1642 quod
840 1590 1002 1630 evenire
1029 1590 1129 1631 solet
1156 1590 1277 1630 motis
1304 1590 1431 1631 semel
1456 1590 1497 1630 in
1522 1589 1685 1644 religio-

283 1669 300 1697 2
329 1666 422 1691 nem
448 1651 609 1700 animis,
632 1653 760 1693 multa
785 1653 971 1694 nuntiata
991 1660 1029 1694 et
1055 1660 1205 1693 temere
1226 1654 1377 1694 credita
1404 1660 1511 1702 sunt,
1532 1653 1574 1693 in
1594 1655 1685 1706 quis

327 1713 552 1767 ingenuum
574 1713 773 1754 infantem
795 1722 1034 1755 semestrem
1057 1715 1097 1755 in
1119 1715 1207 1755 foro
1227 1715 1414 1755 holitorio
1437 1714 1686 1768 triumphum
1711 1734 1713 1736 ·

284 1791 302 1819 3
329 1775 529 1815 clamasse
555 1784 594 1815 ct
624 1775 714 1816 foro
739 1776 879 1817 boario
911 1777 1058 1818 bovem
1084 1777 1126 1817 in
1152 1777 1312 1817 tertiam
1338 1777 1685 1832 contignationem

329 1851 403 1876 sua
424 1844 569 1890 sponte
589 1838 823 1878 escendisse
843 1846 966 1891 atque
992 1839 1085 1878 inde
1105 1838 1284 1878 tumultu
1308 1838 1582 1878 habitatorum
1608 1846 1687 1878 ter-

284 1916 299 1943 4
329 1898 451 1937 ritum
477 1913 567 1939 sese
587 1899 784 1940 deiecisse
805 1907 845 1940 ct
869 1901 1036 1940 navium
1063 1900 1241 1954 speciem
1261 1901 1311 1940 de
1332 1900 1444 1940 caelo
1465 1899 1686 1940 adfulsisse

328 1968 367 1999 et
392 1959 536 2000 aedem
564 1958 681 2014 Spei,
714 1955 819 2013 quae
846 1969 907 2002 est
938 1962 979 2001 in
1005 1962 1094 2002 foro
1120 1961 1328 2010 holitorio,
1360 1961 1532 2002 fulmine
1562 1961 1685 2002 ictam

328 2029 367 2062 et
397 2022 565 2062 Lanuvi
597 2023 760 2063 hastam
794 2038 838 2064 se
875 2024 1149 2064 commovisse
1186 2032 1224 2064 et
1262 2038 1430 2064 corvum
1465 2024 1507 2062 in
1543 2023 1686 2063 aedem

283 2096 301 2124 5
327 2083 498 2124 Iunonis
531 2084 745 2125 devolasse
777 2092 901 2138 atque
931 2085 975 2125 in
1004 2085 1094 2139 ipso
1125 2085 1354 2139 pulvinario
1386 2085 1622 2126 consedisse
1648 2092 1686 2124 et

328 2146 368 2185 in
401 2161 499 2200 agro
530 2145 793 2187 Amiternino
823 2147 962 2187 multis
999 2147 1099 2188 locis
1137 2147 1346 2187 hominum
1380 2147 1515 2201 specie
1545 2146 1686 2200 procul

328 2208 502 2248 candida
528 2215 640 2248 veste
665 2208 776 2249 visos
802 2223 877 2248 nec
904 2224 998 2249 cum
1023 2209 1105 2249 ullo
1131 2221 1376 2263 congressos
1403 2217 1442 2249 et
1466 2209 1507 2248 in
1532 2207 1687 2248 Piceno

326 2269 533 2323 lapidibus
559 2270 744 2323 pluvisse
770 2278 809 2310 et
836 2269 967 2311 Caere
994 2277 1123 2311 sortes
1150 2278 1391 2311 extenuatas
1418 2277 1457 2311 et
1482 2270 1524 2310 in
1550 2267 1685 2310 Gallia

284 2346 301 2373 6
327 2331 469 2385 lupum
500 2331 614 2386 vigili
650 2331 835 2386 gladium
874 2346 925 2372 ex
955 2332 1107 2386 vagina
1141 2339 1304 2386 raptum
1341 2331 1574 2373 abstulisse.
1634 2330 1686 2371 ob

328 2405 463 2434 cetera
493 2393 682 2447 prodigia
712 2393 839 2434 libros
866 2394 978 2434 adire
1004 2394 1225 2434 decemviri
1256 2394 1376 2443 iussi3
1414 2393 1525 2446 quod
1550 2398 1686 2433 autem

326 2455 531 2509 lapidibus
558 2455 760 2508 pluvisset
780 2455 822 2495 in
835 2454 1004 2503 Piceno,
1031 2455 1288 2495 novemdiale
1311 2469 1472 2495 sacrum
1493 2454 1684 2502 edictum,

327 2524 367 2556 et
391 2516 563 2557 subinde
590 2517 679 2557 aliis
705 2517 973 2571 procurandis
993 2531 1120 2571 prope
1141 2524 1225 2557 tota.
1245 2517 1388 2557 civitas
1410 2523 1577 2571 operata
1595 2515 1685 2556 fuit.

285 2592 300 2619 7
328 2578 408 2618 iam
434 2579 611 2632 primum
637 2579 819 2619 omnium
846 2578 943 2619 urbs
969 2578 1140 2619 lustrata
1159 2585 1221 2619 est
1245 2578 1485 2631 hostiaeque
1510 2578 1684 2618 maiores

283 2652 302 2680 8
328 2639 477 2691 quibus
515 2640 669 2680 editum
705 2647 767 2680 est
799 2640 876 2680 diis
913 2654 1058 2680 caesae
1089 2647 1129 2680 et
1159 2641 1313 2680 donum
1345 2655 1396 2680 ex
1427 2639 1514 2679 auri
1549 2638 1685 2693 pondo

328 2701 599 2755 quadraginta
614 2702 850 2742 Lanuvium
872 2702 923 2741 ad
944 2701 1113 2742 Iunonis
1139 2708 1344 2755 portatum
1370 2707 1432 2741 est
1457 2707 1495 2741 et
1520 2700 1684 2754 signum
