1815 3184
271 226 352 268 328
601 232 754 267 LIBER
778 233 946 277 XXVII,
970 233 1001 266 5.
1030 236 1077 276 [a.
1092 244 1126 267 u.
1142 234 1266 278 e.544]

269 352 361 378 eum
386 350 575 390 prospere
600 335 872 389 pervenisset,
911 342 1097 375 senatum
1123 336 1326 390 extemplo
1351 337 1510 387 habuit,
1546 341 1617 381 ubi

224 414 243 443 3
267 399 317 439 de
355 399 438 438 suis
474 397 596 437 rebus
632 396 759 451 gestis
797 397 1153 437 commemoravit:
1204 411 1296 437 eum
1328 413 1455 439 annos
1491 415 1616 454 prope

270 459 483 512 sexaginta
513 458 554 497 in
583 456 724 499 Sicilia
748 464 854 498 terra
883 457 1066 510 marique
1097 459 1259 512 magnis
1286 474 1407 513 saepe
1434 460 1617 501 cladibus

224 534 243 562 4
268 519 462 560 bellatum
489 526 615 568 esset,
654 533 697 559 se
730 533 819 559 eam
850 519 1099 573 provinciam
1132 519 1377 568 confecisse3
1414 522 1618 562 neminem

269 580 654 634 Carthaginiensem
684 580 726 620 in
753 579 894 621 Sicilia
924 595 1033 629 esse,
1070 581 1274 622 neminem
1301 580 1506 631 Siculum,
1549 584 1619 636 qui

266 642 398 696 fugati
429 648 540 682 metu
570 641 664 682 inde
695 641 889 690 afuerint,
921 657 1003 682 non
1034 656 1144 691 esse3
1181 643 1312 683 omnis
1337 644 1380 683 in
1407 643 1545 693 urbes,
1577 644 1619 683 in

222 718 241 747 5
267 718 388 757 agros
416 718 512 743 suos
537 703 728 743 reductos
748 718 882 752 arare3
909 703 1111 743 desertam
1129 704 1253 744 recoli
1273 711 1420 744 terram
1440 705 1618 753 tandem,

265 765 507 819 frugiferam
537 765 638 819 ipsis
670 764 912 814 cultoribus,
949 765 1183 818 populoque
1212 765 1400 806 Romano
1436 781 1537 819 pace
1573 781 1620 806 ae

223 842 240 871 0·
267 826 372 867 bello
398 826 643 867 fidissimum
669 841 854 867 annonae
881 826 1123 867 subsidium.
1184 827 1292 866 exim
1316 826 1495 867 Muttine
1522 833 1561 867 et
1586 828 1620 868 si

266 902 440 940 quorum
465 888 637 928 aliorum
662 888 806 928 merita
831 902 928 942 erga
959 887 1157 942 populum
1182 888 1415 928 Romanum
1442 895 1555 928 erant
1579 889 1620 928 in

266 957 452 989 senatum
488 950 753 998 introductis,
803 949 977 990 honores
1014 948 1203 990 omnibus
1241 949 1292 989 ad
1329 949 1620 990 exsolvendam

223 1025 239 1053 7
265 1011 388 1051 fidem
419 1027 443 1052 a
473 1011 640 1052 consule
676 1011 816 1052 habiti.
876 1010 1078 1051 Muttines
1116 1011 1238 1052 etiam
1275 1011 1376 1052 civis
1406 1012 1620 1052 Romanus

265 1073 398 1113 factus
429 1074 641 1128 rogatione
672 1073 723 1114 ab
755 1073 917 1114 tribuno
947 1073 1080 1127 plebis
1112 1087 1163 1114 ex
1193 1074 1432 1114 auctoritate
1456 1080 1618 1127 patrum

267 1135 318 1174 ad
343 1134 506 1188 plebem
533 1135 627 1176 lata.

221 1212 240 1238 ὅ
351 1196 465 1237 Dum
502 1197 604 1237 haec
635 1197 792 1237 Romae
829 1202 1050 1251 geruntur,
1104 1197 1164 1237 M.
1191 1197 1382 1238 Valerius
1419 1197 1620 1249 quinqua-

265 1258 379 1311 ginta
404 1258 577 1298 navibus
605 1273 698 1299 cum
723 1265 816 1298 ante
841 1259 974 1298 lucem
1000 1259 1051 1298 ad
1064 1257 1252 1298 Africam
1278 1258 1532 1306 accessisset,
1559 1258 1620 1297 in-

221 1334 238 1360 ¹.)
265 1320 428 1373 proviso
459 1320 500 1359 in
532 1335 675 1374 agrum
708 1319 948 1360 Uticensem
980 1320 1259 1360 escensionem
1291 1319 1406 1367 fecit,
1444 1333 1620 1371 eumque

264 1381 344 1421 late
371 1381 641 1434 depopulatus
666 1380 804 1420 multis
831 1380 1069 1421 mortalibus
1091 1395 1183 1420 cum
1210 1380 1288 1419 alia
1307 1380 1438 1420 omnis
1458 1380 1619 1433 generis

264 1442 417 1496 pracda
455 1442 583 1495 captis
621 1442 673 1481 ad
709 1456 834 1481 naves
872 1442 976 1481 redit
1012 1448 1051 1481 et
1083 1440 1182 1493 (ad)
1217 1439 1401 1481 Siciliam
1433 1440 1618 1488 tramisit,

265 1504 382 1543 tertio
419 1503 590 1543 decumo
627 1502 691 1541 die
728 1517 851 1554 quam
892 1501 1101 1555 profectus
1144 1502 1238 1541 inde
1274 1501 1522 1555 Lilybaeum
1559 1516 1621 1541 re-

202 1578 240 1606 10
265 1572 419 1604 vectus.
469 1578 519 1603 ex
545 1563 715 1616 captivis
741 1563 980 1615 quaestione
1005 1562 1144 1603 habita
1170 1563 1270 1603 haec
1291 1570 1499 1617 comperta
1524 1578 1620 1604 eon-

266 1625 424 1677 suliquc
448 1625 636 1665 Laevino
667 1625 803 1664 omnia
833 1625 972 1665 ordine
1002 1625 1245 1678 perscripta,
1283 1632 1327 1664 ut
1359 1625 1496 1673 sciret,
1539 1639 1620 1677 quo

200 1702 235 1729 11
264 1687 304 1726 in
343 1694 449 1727 statu
474 1687 642 1726 Africae
680 1701 744 1726 res
782 1693 937 1726 essent:
986 1687 1166 1739 quinque
1203 1686 1314 1726 milia
1349 1686 1620 1727 Numidarum

265 1762 358 1788 eum
383 1747 608 1788 Masinissa
635 1746 766 1788 Galae
796 1747 897 1796 filio,
935 1748 1130 1788 acerrimo
1162 1747 1328 1796 iuvene,
1370 1746 1620 1801 Carthagine

264 1824 373 1857 esse,
401 1816 439 1849 et
464 1809 564 1850 alios
591 1824 663 1863 per
688 1815 814 1850 totam
834 1808 1021 1849 Africam
1047 1809 1194 1849 milites
1220 1809 1407 1849 mercede
1433 1809 1618 1857 conduci,

200 1886 238 1915 12
265 1871 333 1923 qui
369 1871 410 1910 in
446 1870 695 1924 Hispaniam
732 1871 784 1911 ad
825 1870 1133 1911 Hasdrubalem
1169 1870 1457 1919 traicerentur,
1505 1877 1549 1909 ut
1584 1870 1619 1909 is

264 1947 387 1984 quam
412 1932 591 1972 maximo
617 1933 797 1973 exercitu
828 1933 959 1986 primo
990 1947 1153 1985 quoqne
1184 1940 1366 1986 tempore
1390 1931 1432 1971 in
1455 1931 1619 1971 Italiam

264 2000 544 2048 transgressus
574 1994 760 2048 iungeret
791 2009 833 2034 se
859 1993 1106 2042 Hannibali3
1144 1994 1185 2033 in
1211 2008 1259 2034 eo
1285 1993 1461 2047 positam
1492 1993 1620 2033 vieto-

200 2069 238 2099 13
263 2056 365 2096 riam
396 2056 559 2096 credere
587 2055 964 2110 Carthaginienses.
1031 2055 1206 2096 classem
1235 2062 1446 2109 praeterea
1477 2054 1621 2109 ingen-

264 2125 345 2157 tem
371 2118 559 2172 apparari
585 2118 636 2158 ad
664 2116 848 2159 Siciliam
873 2117 1154 2172 repetendam,
1187 2131 1358 2170 eamque
1385 2131 1428 2157 se
1455 2116 1620 2157 credere

265 2179 377 2220 brevi
404 2180 677 2220 traiecturam.

201 2256 239 2283 14
348 2241 467 2281 Haec
496 2241 664 2281 recitata
689 2256 713 2281 a
737 2241 904 2282 consule
935 2241 991 2282 ita
1022 2256 1187 2282 movere
1219 2248 1425 2289 senatum,
1463 2250 1507 2280 ut
1538 2254 1620 2280 non

265 2303 518 2356 expectanda
566 2303 730 2344 comitia
779 2303 936 2344 consuli
985 2310 1214 2352 censerent,
1265 2303 1338 2343 sed
1381 2302 1620 2342 dictatorem

266 2364 521 2404 comitiorum
552 2364 833 2405 habendorum
866 2379 989 2405 eausa
1021 2365 1118 2414 diei,
1157 2374 1195 2405 et
1227 2364 1431 2418 extemplo
1462 2363 1502 2402 in
1527 2377 1621 2416 pro-

204 2441 240 2467 15
266 2425 440 2466 vinciam
465 2426 732 2468 redeundum.
782 2426 850 2467 illa
876 2426 1118 2480 disceptatio
1138 2426 1320 2473 tenebat,
1347 2425 1457 2478 quod
1478 2423 1620 2464 consul

266 2488 306 2527 in
330 2486 470 2528 Sicilia
496 2503 538 2528 se
553 2488 613 2528 M.
629 2487 841 2528 Valerium
863 2488 1121 2537 Messallam,
1149 2488 1219 2541 qui
1245 2494 1331 2528 tum
1357 2487 1479 2527 classi
1504 2500 1621 2540 prae-

267 2554 392 2597 esset,
430 2549 669 2590 dietatorem
694 2550 897 2589 dicturum
924 2564 1014 2590 esse
1041 2549 1192 2598 aicbat,
1235 2556 1371 2603 patres
1398 2554 1512 2588 extra
1535 2547 1620 2586 Ro-

266 2624 430 2649 manum
457 2626 601 2664 agrum
620 2636 652 2639 —
673 2626 765 2650 eum
791 2617 926 2651 autem
946 2611 986 2650 in
1000 2611 1119 2651 Italia
1139 2610 1344 2651 terminari
1363 2634 1395 2638 —
1414 2607 1619 2661 negabant

205 2683 242 2712 ω
267 2669 504 2712 dictatorem
529 2672 609 2714 dici
634 2686 768 2726 posse,
823 2672 884 2715 M.
911 2672 1131 2713 Lueretius
1157 2672 1343 2713 tribunus
1367 2669 1500 2724 plebis
1525 2681 1617 2707 cum
