1815 3184
440 258 593 293 LIBER
618 257 729 300 XXI,
756 257 811 291 53.
830 257 884 290 54.
912 259 961 300 [a.
977 255 1016 291 e.
1029 255 1111 299 218]
1398 244 1454 285 45

187 363 398 404 Hannibal
418 378 529 411 eum,
556 361 653 415 quid
675 361 875 415 optimum
895 359 1000 400 foret
1020 359 1140 407 hosti,
1167 364 1361 407 cerneret,
1387 357 1457 396 vix

102 426 226 466 ullam
271 440 386 479 spem
427 423 605 464 habebat
642 430 793 463 temere
830 428 951 474 atque
987 420 1200 475 inprovide
1236 420 1456 473 quicquam

103 487 292 528 eonsules
336 493 517 527 acturos:
567 500 660 525 cum
703 484 868 524 alterius
911 483 1140 538 ingenium,
1183 482 1295 522 fama
1330 481 1455 536 prius,
1483 493 1502 522 8

102 549 249 589 deinde
281 564 324 589 re
357 547 586 602 cognitum,
624 546 824 600 percitum
855 559 903 585 ae
932 545 1050 585 ferox
1082 545 1202 585 sciret
1233 558 1324 584 esse
1349 543 1457 583 fero-

103 611 272 663 ciusque
298 610 453 654 factum
471 623 667 663 prospero
687 622 780 648 cum
800 606 1110 661 praedatoribus
1133 606 1217 647 suis
1238 604 1457 646 certamine

104 673 303 721 erederet,
341 672 486 712 adesse
518 670 722 725 gerendae
752 669 811 709 rei
842 669 1047 709 fortunam
1083 668 1194 708 haud
1230 666 1456 707 diffidebat.

105 735 220 776 cuius
246 750 296 774 ne
321 734 432 787 quod
456 732 796 787 praetermitteret
821 738 1002 785 tempus,
1037 730 1233 771 sollicitus
1259 729 1459 769 intentus-
1485 743 1502 772 9

104 811 182 850 que
215 802 318 844 erat,
356 795 453 835 dum
485 795 560 834 tiro
592 793 770 833 hostium
802 792 918 833 miles
951 800 1077 841 esset,
1116 792 1213 831 dum
1249 791 1459 831 meliorem

104 873 155 898 ex
180 857 353 897 ducibus
379 856 563 896 inutilem
590 854 739 894 vulnus
765 854 935 902 faceret,
970 854 1068 893 dum
1095 852 1310 894 Gallorum
1336 852 1460 892 animi
1487 867 1526 896 10

104 919 309 973 vigerent,
342 932 515 971 quorum
540 917 749 970 ingentem
775 915 1077 954 multitudinem
1105 913 1259 955 sciebat
1292 913 1459 967 segnius

106 988 356 1027 secuturam,
384 985 535 1032 quanto
560 978 723 1032 longius
750 976 800 1017 ab
828 977 951 1016 domo
976 975 1244 1016 traherentur.
1289 989 1382 1015 cum
1407 974 1459 1015 ob
1488 987 1525 1015 11

104 1042 203 1081 haec
235 1041 411 1094 taliaque
444 1047 624 1094 speraret
653 1039 894 1093 propincum
927 1044 1133 1077 certamen
1164 1044 1202 1076 et
1233 1036 1388 1085 facere,
1427 1037 1460 1076 si

103 1110 342 1150 cessaretur,
370 1108 535 1155 cuperet
555 1100 913 1155 speculatoresque
929 1097 1052 1147 Galli,
1073 1098 1125 1138 ad
1145 1113 1193 1138 ea
1213 1097 1462 1152 exploranda

102 1178 208 1217 quae
243 1163 365 1203 vellet
401 1163 570 1203 tutiores
608 1162 704 1215 quia
739 1162 781 1201 in
816 1161 1000 1213 utrisque
1037 1160 1181 1200 castris
1218 1159 1460 1207 militabant,

103 1232 267 1280 paratos
292 1239 457 1279 pugnae
483 1239 574 1265 esse
599 1224 810 1264 Romanos
836 1222 1108 1271 rettulissent,
1139 1221 1276 1262 locum
1301 1221 1460 1262 insidiis

104 1289 444 1341 circumspectare
468 1286 636 1327 Poenus
662 1286 807 1340 coepit.

187 1349 333 1390 Llffl.
384 1349 484 1389 Erat
509 1349 550 1389 in
577 1348 711 1389 medio
736 1348 848 1388 rivus
874 1347 1039 1402 peraltis
1066 1346 1270 1399 utrimque
1296 1345 1460 1386 clausus
1490 1359 1503 1387 1

103 1415 202 1469 ripis
229 1422 267 1455 et
293 1414 399 1454 circa
424 1413 581 1453 obsitus
608 1411 859 1466 palustribus
885 1410 1022 1451 herbis
1049 1416 1106 1459 et,
1133 1409 1282 1462 quibus
1308 1408 1462 1449 inculta

104 1476 232 1516 ferme
258 1475 497 1523 vestiuntur,
524 1474 711 1528 virgultis
732 1473 1021 1527 vepribusque.
1060 1486 1183 1525 quem
1208 1470 1278 1511 ubi
1304 1470 1461 1523 equites

106 1552 268 1591 quoque
295 1537 471 1591 tegendo
498 1536 596 1577 satis
622 1535 874 1575 latebrosum
898 1535 1034 1575 locum
1055 1534 1352 1574 circumvectus
1372 1532 1461 1586 ipse

106 1599 234 1640 oculis
254 1598 527 1653 perlustravit,
556 1597 640 1637 ‘hic
654 1597 728 1637 erit
741 1597 889 1646 locus,’
914 1596 1088 1651 Magoni
1108 1595 1223 1636 fratri
1243 1595 1299 1635 ait
1319 1598 1461 1647 ‘quem

107 1670 259 1702 teneas.
298 1660 431 1714 delige
450 1668 642 1700 centenos
662 1659 770 1700 viros
792 1674 842 1699 ex
868 1658 977 1699 omni
1002 1658 1138 1712 pedite
1164 1664 1285 1710 atque
1312 1656 1459 1709 equite,
1488 1669 1505 1698 2

108 1738 201 1763 cum
227 1721 376 1775 quibus
403 1722 455 1762 ad
479 1736 543 1762 me
569 1721 709 1775 vigilia
732 1721 864 1775 prima
882 1721 1043 1768 venias3
1068 1734 1176 1760 nunc
1198 1734 1369 1773 corpora
1394 1733 1463 1758 cu-

106 1799 195 1825 rare
221 1791 382 1839 tempus
409 1784 494 1824 est?
542 1784 597 1824 ita
627 1783 874 1837 praetorium
905 1782 1091 1822 missum.
1140 1796 1238 1822 mox
1269 1796 1361 1821 eum
1394 1780 1464 1820 de-
1490 1793 1507 1822 3

108 1845 224 1890 lectis
249 1845 380 1900 Mago
407 1845 558 1886 aderat.
610 1844 773 1885 ‘robora
798 1845 977 1885 virorum
1004 1843 1157 1892 cern0,'
1189 1842 1320 1895 inquit
1345 1841 1464 1882 Han-

106 1908 235 1957 niba13
275 1908 368 1948 ‘sed
393 1908 451 1948 uti
475 1921 645 1948 numero
673 1906 814 1955 etiam,
849 1921 932 1947 non
957 1906 1103 1946 animis
1129 1906 1252 1945 modo
1277 1904 1461 1951 valeatis,

108 1970 279 2024 singulis
327 1969 444 2010 vobis
488 1983 671 2009 novenos
715 1983 766 2009 ex
810 1969 953 2009 turmis
996 1967 1297 2021 manipulisque
1338 1966 1463 2006 vestri

109 2031 260 2071 similes
287 2031 436 2086 eligite.
478 2030 608 2085 Mago
634 2031 768 2071 locum
796 2029 1057 2077 monstrabit,
1084 2044 1206 2082 quem
1231 2027 1461 2068 insideatis:

108 2092 267 2132 hostem
294 2107 460 2133 caecum
487 2093 539 2133 ad
563 2093 636 2133 has
662 2092 758 2132 belli
785 2098 891 2132 artes
917 2090 1103 2131 habetis?
1145 2091 1201 2130 ita
1221 2089 1330 2129 mille
1351 2090 1465 2142 equi-
1488 2102 1509 2131 4

110 2155 217 2194 tibus
244 2154 471 2209 (Magoni),
504 2155 613 2195 mille
644 2153 850 2208 peditibus
883 2153 1063 2193 dimissis
1090 2151 1302 2193 Hannibal
1334 2152 1465 2205 prima

109 2216 199 2256 luce
219 2215 418 2256 Numidas
439 2216 596 2269 equites
618 2222 897 2269 transgressos
913 2213 1105 2254 Trebiam
1125 2213 1278 2253 flumen
1297 2212 1465 2265 obequi-

110 2285 194 2317 tare
220 2277 331 2317 iubet
350 2277 530 2318 hostium
550 2277 697 2331 portis,
723 2276 1021 2328 iaculandoque
1042 2276 1083 2316 in
1104 2276 1298 2316 stationes
1320 2274 1463 2315 elicere

111 2339 161 2379 ad
187 2353 368 2393 pugnam
392 2339 571 2387 hostem,
597 2338 744 2378 iniecto
764 2337 911 2377 deinde
931 2337 1150 2377 certamine
1171 2337 1353 2377 cedendo
1373 2350 1465 2376 sen-

111 2401 187 2441 sim
214 2400 313 2440 citra
337 2400 488 2440 flumen
507 2399 753 2454 pertrahere.
791 2399 891 2439 haec
913 2399 1104 2439 mandata
1122 2397 1331 2439 Numidis:
1357 2405 1464 2438 cete·
1490 2410 1508 2439 5

110 2462 164 2502 ris
191 2461 363 2502 ducibus
388 2462 570 2516 peditum
599 2461 862 2514 equitumque
888 2468 1170 2514 praeceptum,
1196 2466 1240 2500 ut
1264 2460 1464 2514 prandere

111 2538 252 2564 omnes
272 2523 477 2572 iuberent,
504 2530 682 2564 armatos
702 2523 848 2563 deinde
868 2522 1130 2576 instratisque
1157 2522 1272 2576 equis
1299 2522 1463 2577 signum

110 2593 337 2639 expectare.

197 2645 466 2700 Sempronius
492 2647 544 2687 ad
569 2646 788 2687 tumultum
807 2645 1077 2686 Numidarum
1096 2645 1273 2700 primum
1299 2660 1462 2686 omnem
1489 2659 1506 2689 6

112 2708 350 2762 equitatum,
377 2709 494 2750 ferox
514 2723 561 2750 ea
573 2714 687 2763 parte
701 2708 861 2758 virium,
888 2707 1034 2749 deinde
1055 2722 1127 2749 sex
1142 2708 1253 2749 milia
1266 2708 1462 2762 peditum,
