1815 3184
232 437 269 467 19

248 869 265 897 10

247 1116 265 1145 (μῦ

222 2473 262 2501 10

224 2657 259 2685 11

296 252 377 294 258
606 257 760 291 LIBER
784 257 911 300 xxv,
938 257 1067 291 3138.
1096 258 1191 299 [a.u.
1208 257 1332 301 e.542]

295 361 476 403 drubalis
508 359 735 414 expugnari
765 365 899 400 castra
929 373 1070 412 quam,
1114 359 1148 399 si
1180 373 1223 399 se
1253 373 1394 400 rursus
1426 366 1506 400 tres
1538 375 1650 402 exer-

296 425 400 465 citus
432 437 480 463 ae
515 428 596 461 tres
635 422 761 462 duces
792 421 1040 469 iunxissent,
1079 435 1154 461 sua
1184 420 1367 461 defendi:
1411 421 1532 461 simul
1567 429 1649 471 aut,

295 486 329 526 si
366 483 636 526 successisset
672 482 847 537 coeptis,
898 488 1128 523 erecturum
1165 496 1209 522 se
1246 482 1430 523 adflictas
1467 497 1531 523 res
1569 491 1650 532 aut,

294 547 328 588 si
352 546 496 600 pulsus
523 551 649 594 esset,
687 551 825 585 tamen
854 543 959 584 ultro
990 543 1203 585 inferendo
1235 559 1348 584 arma
1373 550 1651 599 contemptum

294 609 356 649 sui
381 609 655 662 dempturum.

376 669 647 711 XXXVIII.
706 669 768 710 Ne
795 676 932 710 tamen
959 669 1094 710 subita
1119 684 1183 711 res
1210 676 1249 711 et
1273 676 1497 710 nocturnus
1524 676 1652 711 terror

293 733 414 773 etiam
450 747 533 773 non
575 746 674 772 suae
717 731 905 772 fortunae
949 731 1164 771 consilium
1208 731 1489 786 perturbaret,
1539 731 1651 772 adlo-

292 795 475 847 quendos
513 793 872 846 adhortandosque
910 792 989 834 sibi
1025 793 1173 834 milites
1210 800 1323 833 ratus
1361 792 1548 833 contione
1580 794 1651 833 ad-

291 863 436 897 vocata
472 856 527 896 ita
565 855 774 896 disseruit:
815 854 899 894 ‘vel
935 869 1024 895 mea
1063 869 1160 909 erga
1195 855 1458 908 imperatores
1490 861 1650 895 nostros

292 918 407 958 vivos
439 924 704 970 mortuosque
740 917 870 970 pietas
909 916 973 956 vel
1004 931 1199 970 praesens
1237 916 1419 957 omnium
1450 923 1649 966 nostrum,

290 980 465 1029 milites,
513 979 678 1020 fortuna
714 979 837 1019 fidem
875 979 1004 1019 cuivis
1047 979 1181 1019 facere
1223 985 1382 1033 potest,
1432 978 1532 1019 mihi
1573 979 1651 1020 hoc

290 1042 525 1095 imperium,
562 1048 606 1081 ut
643 1041 823 1095 amplum
860 1040 1010 1081 iudicio
1047 1047 1202 1089 vestro,
1239 1041 1295 1081 ita
1332 1055 1375 1081 re
1406 1040 1496 1094 ipsa
1525 1055 1650 1095 grave

291 1117 338 1143 ac
371 1103 588 1143 sollicitum
620 1117 724 1143 esse.
786 1117 867 1155 quo
900 1103 1007 1143 enim
1039 1108 1240 1156 tempore,
1278 1102 1356 1142 nisi
1382 1109 1514 1142 metus
1539 1116 1650 1142 mae-

290 1179 423 1205 rorem
460 1164 815 1218 obstupefaceret,
865 1164 934 1204 rix
970 1164 1026 1204 ita
1063 1179 1232 1217 compos
1275 1164 1355 1204 mei
1399 1178 1557 1212 essem,
1606 1169 1650 1203 ut

291 1226 427 1279 aliqua
474 1225 626 1266 solacia
675 1225 857 1266 invenire
912 1240 1036 1279 aegro
1085 1225 1220 1265 animo
1274 1240 1465 1278 possem,
1527 1239 1651 1279 cogor

291 1294 469 1328 vestram
500 1287 682 1327 omnium
713 1287 863 1335 vicem,
901 1287 1012 1339 quod
1043 1287 1331 1327 difficillimum
1362 1287 1402 1326 in
1434 1286 1548 1326 luctu
1574 1295 1647 1335 est,

290 1364 396 1390 unus
423 1349 647 1389 consulere.
709 1355 747 1389 et
778 1364 828 1390 ne
860 1356 946 1388 tum
972 1349 1156 1401 quidem,
1194 1348 1284 1397 ubi,
1322 1363 1500 1401 quonam
1527 1349 1648 1390 modo

289 1411 364 1452 has
400 1411 591 1463 reliquias
628 1410 802 1450 duorum
834 1410 1057 1450 exercitum
1088 1410 1243 1463 patriae
1282 1424 1524 1450 conservare
1554 1425 1650 1464 pos-

290 1487 395 1521 sem,
434 1471 697 1526 cogitandum
723 1478 803 1519 est,
843 1480 1024 1511 avertere
1050 1471 1232 1510 animum
1265 1470 1315 1510 ab
1348 1471 1514 1511 assiduo
1539 1486 1650 1512 mae-

288 1549 377 1574 rore
402 1533 514 1573 libet.
562 1540 726 1586 praesto
753 1539 814 1572 est
840 1532 948 1572 enim
974 1532 1121 1572 acerba
1146 1532 1342 1572 memoria
1367 1539 1406 1572 et
1434 1530 1648 1586 Scipiones

288 1609 353 1635 me
391 1594 512 1635 ambo
550 1594 638 1634 dics
675 1601 899 1646 noctesque
943 1593 1049 1634 curis
1093 1594 1374 1646 insomnisque
1417 1594 1574 1648 agitant
1610 1601 1649 1635 et

289 1656 467 1696 excitant
505 1670 627 1709 saepe
665 1670 836 1704 somno,
885 1670 967 1696 neu
1004 1670 1072 1705 se,
1122 1670 1202 1696 neu
1239 1656 1412 1696 invictos
1448 1670 1521 1710 per
1557 1663 1648 1697 octo

288 1732 416 1758 annos
453 1718 493 1757 in
532 1717 594 1757 his
633 1718 749 1758 terris
787 1717 936 1758 milites
975 1732 1090 1766 suos,
1141 1718 1438 1759 commilitones
1474 1725 1647 1767 vestros,

287 1794 367 1820 neu
402 1794 488 1820 rem
524 1779 731 1833 publicam
769 1779 901 1833 patiar
935 1779 1125 1829 inultam,
1164 1786 1203 1820 et
1239 1795 1355 1820 suam
1391 1780 1647 1834 disciplinam

289 1856 443 1894 suaque
480 1841 666 1881 instituta
709 1842 825 1894 sequi
867 1840 1007 1882 iubent
1050 1849 1112 1890 et,
1161 1848 1204 1881 ut
1242 1842 1422 1895 imperiis
1460 1842 1647 1882 vivorum

287 1918 407 1943 nemo
433 1902 712 1943 oboedientior
737 1918 801 1943 me
827 1918 909 1944 uno
934 1903 1076 1951 fuerit,
1115 1903 1171 1944 ita
1200 1911 1292 1957 post
1318 1910 1490 1944 mortem
1516 1919 1645 1952 suam,

287 1965 398 2017 quod
422 1965 462 2004 in
489 1979 650 2017 quaque
676 1979 718 2005 re
744 1965 925 2005 facturos
957 1965 1046 2005 illos
1079 1965 1208 2006 fuisse
1240 1965 1417 2005 maxime
1443 1979 1644 2013 censeam,

286 2028 328 2067 id
364 2027 564 2081 optimum
601 2027 764 2067 ducere.
838 2042 912 2068 vos
949 2042 1112 2080 quoque
1149 2027 1297 2075 velim,
1346 2027 1514 2075 milites,
1564 2041 1646 2067 non

285 2088 474 2129 lamentis
534 2089 795 2142 lacrimisque
856 2096 1065 2142 tamquam
1130 2090 1330 2130 extinctos
1389 2089 1584 2143 prosequi
1613 2113 1645 2117 —

286 2151 429 2191 vivunt
476 2151 700 2206 vigentque
748 2151 861 2192 fama
906 2166 1041 2192 rerum
1089 2158 1300 2206 gestarum
1324 2176 1375 2200 —,
1426 2152 1498 2192 sed
1546 2166 1646 2204 quo-

288 2213 570 2266 tienscumque
608 2220 792 2254 occurret
828 2214 1026 2254 memoria
1061 2214 1242 2263 illorum,
1280 2213 1392 2254 velut
1429 2214 1463 2254 si
1500 2213 1647 2254 adhor-

287 2275 408 2315 tantis
447 2275 693 2329 signumque
731 2276 864 2316 dantis
896 2276 1068 2317 videatis
1106 2290 1194 2324 eos,
1243 2276 1299 2316 ita
1341 2275 1495 2329 proelia
1530 2275 1643 2316 inire.

286 2351 361 2377 neo
382 2336 460 2376 alia
484 2336 669 2390 profecto
695 2337 852 2391 species
879 2337 1070 2378 hesterno
1091 2338 1155 2378 die
1175 2337 1312 2378 oblata
1331 2337 1459 2377 oculis
1480 2337 1647 2377 animis-

286 2412 366 2451 que
403 2398 548 2439 vestris
588 2399 852 2439 memorabile
889 2399 990 2439 illud
1027 2399 1152 2440 edidit
1187 2399 1406 2453 proelium,
1456 2413 1537 2451 quo
1574 2399 1645 2439 do-

288 2471 523 2500 cumentum
560 2460 731 2501 dedistis
768 2460 975 2509 hostibus,
1025 2476 1107 2501 non
1144 2476 1237 2501 cum
1277 2459 1644 2514 Scipionibus-ex-

287 2521 457 2561 tinctum
489 2536 578 2562 esse
604 2537 753 2562 nomen
778 2522 1012 2563 Romanum
1039 2529 1095 2571 et,
1129 2522 1244 2562 cuius
1270 2522 1410 2576 populi
1435 2521 1497 2562 vis
1523 2528 1643 2573 atque

288 2583 414 2623 virtus
452 2598 532 2623 non
569 2583 714 2624 obruta
747 2584 796 2624 sit
825 2583 1034 2624 Cannensi
1065 2584 1198 2633 clade,
1237 2598 1288 2624 ex
1319 2583 1429 2624 omni
1458 2582 1642 2636 profecto

289 2644 454 2685 saevitia
498 2644 684 2686 fortunae
728 2660 979 2687 emersuram
1022 2660 1125 2687 esse.
1197 2660 1306 2686 nunc
1348 2645 1442 2698 quia
1484 2650 1641 2684 tantum
