1815 3184
486 233 640 268 LIBER
664 233 791 277 xxv,
817 233 870 266 35.
891 233 944 266 36.
973 235 1021 275 [a.
1040 232 1174 275 0212]
1449 221 1533 263 255

176 343 396 391 coeperunt
421 351 468 378 ac
494 337 615 378 tutari
640 351 808 391 agmen3
851 342 1048 388 quantum
1079 341 1248 390 possent
1279 341 1416 376 tamen
1446 340 1534 375 tuto

176 405 218 438 ut
267 399 388 439 simul
435 406 667 453 pugnarent
709 398 1057 453 procederentque
1099 396 1240 452 Scipio
1282 395 1532 446 hortabatur,

175 459 414 513 priusquam
439 461 640 514 pedestris
667 460 808 514 copiae
834 460 1168 512 adsequerentur.

259 521 482 562 XXXVI.
558 521 752 562 Ceterum
788 535 897 561 nunc
933 521 1112 575 agendo,
1149 535 1258 561 nunc
1296 520 1535 561 sustinendo

113 578 121 584 ⁰
176 598 325 637 agmen
344 598 436 623 cum
457 584 709 636 aliquamdiu
734 584 846 624 haud
876 583 1049 623 multum
1079 583 1365 637 procederetur
1391 588 1430 623 et
1454 596 1536 622 nox

175 646 257 685 iam
281 646 470 695 instaret,
507 653 674 686 revocat
704 646 858 700 proelio
891 659 987 686 suos
1015 643 1156 699 Scipio
1188 651 1227 685 et
1258 645 1462 686 conlectos
1493 644 1535 683 in

176 708 378 747 tumulum
415 708 622 761 quendam
658 723 740 748 non
771 708 938 761 quidem
970 708 1068 748 satis
1105 714 1258 756 tutum,
1296 706 1536 761 praesertim

176 770 330 824 agmini
354 770 561 824 perculso,
602 771 674 810 sed
699 770 909 810 editiorem
944 776 1079 810 tamen
1111 783 1233 822 quam
1265 776 1399 810 cetera
1430 769 1538 809 circa

176 838 289 871 erant
327 832 528 873 subducit.
602 832 659 873 ibi
694 832 825 886 primo
861 831 1164 885 impedimentis
1202 838 1241 871 et
1278 831 1460 884 equitatu
1495 830 1537 870 in

176 893 356 934 medium
392 895 566 948 receptis
604 893 843 934 circumdati
878 894 1035 947 pedites
1072 893 1183 933 haud
1215 893 1433 933 difficulter
1462 893 1539 933 im-

175 964 294 1010 petus
341 956 639 996 incursantium
680 956 953 996 Numidarum
1002 955 1214 1004 arcebant3
1263 956 1375 1004 dein,
1425 963 1538 1009 post-

176 1033 299 1071 quam
340 1024 424 1058 toto
467 1018 631 1071 agmine
680 1018 751 1058 tris
800 1017 1069 1070 imperatores
1112 1031 1205 1057 cum
1247 1016 1376 1057 tribus
1419 1016 1538 1057 iustis

177 1079 423 1120 exercitibus
450 1079 635 1127 aderant,
675 1078 901 1133 apparebat
930 1093 1076 1132 parum
1108 1078 1230 1118 armis
1263 1078 1315 1118 ad
1340 1078 1537 1118 tuendum

173 1141 310 1181 locum
361 1141 447 1181 sine
495 1141 748 1181 munimento
797 1140 994 1181 valituros
1037 1154 1147 1189 esse,
1197 1140 1537 1193 circumspectare

174 1209 294 1256 atque
331 1202 486 1257 agitare
525 1203 609 1243 dux
646 1203 804 1257 coepit,
855 1202 890 1243 si
928 1216 1010 1255 quo
1047 1202 1170 1242 modo
1206 1207 1347 1256 posset
1383 1201 1536 1241 vallum

175 1264 494 1305 circuminicere.
567 1264 640 1304 sed
676 1271 761 1305 erat
798 1264 900 1305 adeo
937 1264 1072 1304 nudus
1110 1263 1292 1304 tumulus
1329 1269 1369 1304 et
1405 1263 1539 1317 asperi

175 1326 268 1375 soli,
317 1332 362 1366 ut
398 1341 474 1367 nec
509 1326 687 1381 virgulta
724 1327 831 1367 vallo
869 1326 1076 1367 caedendo
1113 1340 1188 1366 nec
1225 1332 1333 1366 terra
1369 1325 1539 1380 caespiti

175 1388 362 1429 faciendo
399 1395 470 1429 aut
506 1388 717 1429 ducendae
750 1389 888 1430 fossae
925 1388 1044 1429 aliive
1087 1387 1158 1428 ulli
1195 1388 1307 1442 operi
1349 1394 1445 1442 apta
1479 1387 1540 1427 in-

176 1451 304 1491 veniri
338 1458 503 1505 posset,
552 1465 628 1492 nec
663 1458 809 1492 natura
851 1451 1071 1505 quicquam
1116 1451 1215 1491 satis
1258 1451 1432 1491 arduum
1469 1456 1538 1490 aut

177 1513 384 1554 abscisum
416 1520 518 1562 erat,
557 1514 668 1566 quod
697 1513 805 1554 hosti
838 1514 994 1554 aditum
1024 1527 1295 1554 ascensumve
1327 1512 1536 1552 difficilem

177 1574 408 1630 praeberet,
447 1575 583 1616 omnia
619 1575 787 1630 fastigio
825 1575 907 1616 leni
944 1574 1141 1616 subvexa.
1214 1581 1257 1614 ut
1294 1581 1431 1614 tamen
1467 1574 1539 1614 ali-

177 1652 301 1690 quam
331 1637 553 1692 imaginem
585 1637 682 1677 valli
714 1637 940 1686 obicerent,
979 1636 1148 1677 clitellas
1179 1636 1371 1690 inligatas
1408 1636 1541 1676 oneri-

178 1699 255 1740 bus
282 1699 393 1739 velut
419 1705 620 1740 struentes
653 1699 705 1739 ad
736 1699 992 1740 altitudinem
1024 1698 1185 1739 solitam
1217 1697 1538 1746 circumdabant,

178 1761 342 1802 cumulo
379 1762 631 1802 sarcinarum
668 1762 799 1802 omnis
837 1761 1000 1816 generis
1037 1760 1215 1809 obiecto,
1258 1759 1330 1800 ubi
1366 1760 1418 1800 ad
1453 1774 1540 1800 mo-

177 1823 358 1863 liendum
396 1823 568 1864 clitellae
605 1823 830 1864 defuerant.
896 1822 1044 1863 Punici
1081 1822 1283 1863 exercitus
1320 1828 1538 1875 postquam

178 1885 398 1935 advenere,
435 1886 478 1925 in
514 1885 717 1925 tumulum
754 1885 920 1939 quidem
949 1884 1144 1939 perfacile
1174 1898 1324 1939 agmen
1355 1897 1538 1932 erexere3

177 1947 414 1988 munitionis
440 1947 567 1988 facies
599 1963 706 1988 nova
736 1948 866 2002 primo
899 1961 969 1988 eos
996 1946 1108 1988 velut
1133 1946 1329 1987 miraculo
1361 1946 1539 1999 quodam

179 2009 325 2058 tenuit,
353 2024 446 2050 cum
473 2010 598 2050 duces
625 2010 805 2063 undique
833 2009 1170 2058 vociferarentur,
1197 2008 1296 2062 quid
1322 2015 1475 2049 starent
1501 2014 1540 2048 et

180 2084 261 2110 non
290 2070 513 2112 ludibrium
544 2072 646 2112 illud
676 2072 745 2112 vix
775 2072 941 2112 feminis
973 2071 1164 2125 puerisve
1200 2071 1407 2111 morandis
1441 2070 1539 2111 satis

179 2132 361 2172 validum
421 2134 693 2175 distraherent
751 2133 1084 2188 diriperentque?
1155 2139 1320 2186 captum
1378 2132 1540 2173 hostem

180 2193 307 2233 teneri
343 2194 536 2236 latentem
572 2203 666 2249 post
703 2196 897 2237 sarcinas.
967 2195 1069 2235 haec
1105 2194 1370 2248 contemptim
1414 2194 1539 2235 duces

180 2255 456 2309 increpabant.
518 2264 698 2298 ceterum
734 2272 867 2310 neque
905 2256 1106 2297 transilire
1143 2270 1218 2296 nec
1254 2256 1387 2296 moliri
1417 2270 1541 2296 onera

181 2316 340 2357 obiecta
387 2332 462 2358 nec
511 2319 680 2359 caedere
723 2319 893 2373 stipatas
936 2318 1105 2359 clitellas
1147 2318 1330 2372 ipsisque
1373 2317 1539 2358 obrutas

181 2379 349 2419 sarcinis
387 2379 507 2420 facile
550 2388 647 2421 erat.
731 2381 899 2422 tardatis
942 2380 1013 2420 diu
1054 2394 1148 2420 cum
1190 2379 1344 2420 amoliti
1381 2379 1540 2420 obiecta

181 2455 304 2481 onera
335 2442 500 2483 armatis
533 2443 743 2483 dedissent
775 2443 882 2483 viam
913 2441 1183 2496 pluribusque
1213 2441 1323 2481 idem
1354 2441 1539 2495 partibus

180 2502 311 2551 fieret,
350 2510 469 2557 capta
505 2503 587 2544 iam
623 2504 804 2558 undique
841 2511 975 2545 castra
1011 2510 1142 2553 crant,
1185 2503 1307 2558 pauci
1342 2518 1366 2544 a
1401 2502 1540 2543 multis
1590 2518 1596 2527 ⁶

179 2564 438 2618 perculsique
486 2581 510 2606 a
556 2566 778 2607 victoribus
826 2566 982 2620 passim
1031 2565 1318 2606 caedebantur.
1390 2579 1541 2619 magna

180 2640 274 2680 pars
300 2634 436 2667 tamen
469 2627 642 2668 militum
674 2643 767 2669 cum
798 2628 840 2668 in
870 2627 1122 2682 propinquas
1153 2627 1375 2682 refugisset
1400 2627 1538 2675 silvam,

1568 2206 1607 2235 10

1567 2392 1604 2420 11
