1815 3184
488 230 641 264 LIBER
665 230 870 275 xxvim,
895 230 926 263 3.
945 230 978 263 4.
1007 232 1055 273 [a.
1072 230 1110 264 e.
1126 230 1207 273 205]
1441 221 1524 262 445

173 334 296 375 modo
321 334 525 374 incuriose
550 332 768 388 agentibus
795 347 946 387 magna
970 332 1107 373 clades
1138 332 1281 382 inlata3
1313 333 1524 386 nuntiique

172 396 320 449 trepidi
352 395 647 449 Carthaginem
677 402 828 435 terrore
858 394 1014 448 ingenti
1050 393 1310 448 conplevere,
1349 394 1524 434 classem

172 457 404 498 Romanam
438 456 756 510 Scipionemque
786 456 1073 509 imperatorem
1098 480 1131 484 —
1156 461 1195 495 et
1230 455 1342 495 fama
1377 455 1523 504 fuerat,

172 519 253 559 iam
279 519 321 558 in
343 518 525 559 Siciliam
546 525 894 572 transgressum—
908 517 1137 557 advenisse.
1186 531 1261 557 nec
1279 523 1378 570 quot
1397 532 1523 557 naves
1550 531 1567 560 9

172 581 372 620 vidissent
397 594 472 619 nec
497 585 650 632 quanta
674 594 820 619 manus
846 592 966 632 agros
987 578 1262 631 popularetur,
1291 578 1388 619 satis
1408 579 1524 633 gnari

172 642 309 682 omnia
332 642 374 681 in
400 641 530 681 maius
556 648 667 680 metu
693 647 868 694 augente
899 639 1166 693 accipiebant.
1226 640 1363 692 itaque
1393 640 1524 694 primo

173 710 301 743 terror
330 717 558 757 pavorque,
597 702 690 742 dein
721 701 924 742 maestitia
956 701 1113 741 animos
1144 701 1329 741 incessit:
1367 708 1524 741 tantum
1553 715 1593 744 10

172 764 378 804 fortunam
404 771 603 812 mutasse,
631 770 675 803 ut
700 764 770 816 qui
794 763 916 803 modo
942 762 1021 816 ipsi
1046 763 1269 803 exercitum
1296 770 1389 803 ante
1415 778 1526 804 moe-

171 826 238 866 nia
276 826 464 866 Romana
499 825 742 866 habuissent
777 825 952 865 victores
991 825 1209 877 stratisque
1246 831 1304 865 tot
1344 825 1523 865 hostium

171 888 416 928 exercitibus
450 887 580 928 omnis
605 887 749 926 Italiae
780 886 954 940 populos
987 892 1056 925 aut
1085 886 1126 925 vi
1156 892 1226 926 aut
1250 886 1458 926 voluntate
1484 886 1525 925 in

170 949 419 989 deditionem
445 949 718 1001 accepissent,
746 948 773 988 ii
799 961 916 987 verso
942 946 1077 987 Marte
1102 946 1271 987 Africae
1296 947 1525 1001 populatio·
1553 963 1589 991 11

169 1025 243 1051 nes
275 1017 314 1050 et
345 1010 600 1050 obsidionem
628 1008 891 1062 Carthaginis
923 1008 1050 1047 visuri
1081 1008 1233 1056 forent,
1264 1023 1524 1060 nequaquam

168 1072 257 1125 pari
282 1072 334 1111 ad
358 1071 551 1124 patienda
576 1084 624 1109 ea
648 1070 792 1110 robore
819 1084 866 1109 ac
890 1069 1068 1109 Romani
1093 1069 1280 1109 fuissent.
1335 1070 1414 1110 illis
1440 1070 1525 1109 Ro·
1553 1086 1590 1114 12

168 1148 331 1173 manain
351 1132 532 1186 plebem,
560 1132 638 1172 illis
658 1133 829 1172 Latium
854 1133 1108 1172 iuventutem
1133 1133 1373 1186 praebuisse
1398 1134 1526 1174 maio-

168 1209 255 1234 rem
293 1208 454 1247 semper
489 1193 889 1246 frequentioremque
920 1208 993 1247 pro
1025 1200 1084 1233 tot
1115 1194 1246 1234 caesis
1278 1194 1524 1235 exercitibus

170 1255 517 1305 subolescentem3
556 1270 674 1296 suam
703 1255 867 1309 plebem
897 1255 1088 1296 inbellem
1115 1255 1157 1295 in
1182 1255 1301 1304 urbe,
1333 1255 1524 1295 inbellem
1554 1269 1592 1297 13

167 1317 208 1357 in
240 1317 349 1372 agris
381 1331 491 1366 esse3
528 1317 716 1357 mercede
748 1317 882 1370 parari
907 1317 1058 1357 auxilia
1083 1332 1133 1357 ex
1158 1316 1294 1366 Afris,
1327 1324 1448 1372 gente
1474 1318 1526 1358 ad

168 1394 331 1419 omnem
358 1394 497 1419 auran]
526 1379 613 1433 spei
643 1378 785 1419 mobili
816 1386 937 1432 atque
968 1379 1106 1419 infida.
1166 1380 1247 1419 iam
1278 1394 1419 1434 regem
1446 1378 1526 1433 Sy·
1552 1392 1592 1420 14

167 1441 341 1495 phacem
372 1447 466 1494 post
496 1441 759 1493 conloquium
785 1455 878 1481 cum
906 1439 1098 1495 Scipione
1124 1441 1362 1490 alienatum,
1394 1441 1526 1482 Masi-

168 1503 323 1543 nissam
366 1509 506 1555 aperta
547 1502 777 1542 defectione
819 1502 1133 1543 infestissimum
1181 1503 1353 1544 hostem.
1425 1503 1525 1542 nihil
1553 1517 1592 1545 15

169 1578 345 1616 usquam
371 1563 476 1616 spei,
503 1563 604 1604 nihil
629 1563 770 1603 auxilii
795 1578 897 1603 esse.
958 1578 1034 1604 nec
1058 1563 1285 1619 Magonem
1312 1579 1362 1604 cx
1389 1562 1525 1605 Gallia

168 1640 332 1666 movere
370 1625 568 1665 tumultus
606 1625 826 1677 quicquam
857 1640 932 1665 nec
963 1626 1210 1679 coniungere
1242 1640 1332 1666 sese
1363 1625 1525 1666 Hanni-

168 1687 268 1736 bali,
319 1693 360 1727 et
395 1686 676 1728 Hannibalem
717 1687 853 1740 ipsum
895 1687 977 1728 iam
1014 1693 1053 1727 et
1090 1687 1200 1728 fama
1236 1702 1448 1731 senescere
1485 1694 1525 1727 et

168 1749 339 1789 viribus.

252 1810 356 1850 1111.
416 1810 467 1850 In
501 1810 603 1851 haec
640 1809 828 1851 deflenda
863 1811 1077 1865 prolapsos
1114 1811 1165 1852 ab
1197 1811 1351 1852 recenti
1381 1812 1523 1851 nuntio
1551 1825 1566 1852 1

168 1873 326 1914 animos
358 1888 500 1913 rursus
533 1879 661 1913 terror
691 1873 848 1913 instans
879 1873 1087 1913 revocavit
1118 1873 1170 1913 ad
1195 1873 1522 1921 consultandum,

168 1950 347 1988 quonam
378 1935 501 1975 modo
533 1934 697 1975 obviam
727 1933 1012 1988 praesentibus
1044 1934 1235 1988 periculis
1266 1935 1403 1975 iretur.
1465 1934 1524 1974 di-
1550 1948 1568 1977 2

167 1997 296 2038 lectus
323 1997 471 2051 raptim
496 1997 538 2036 in
569 1996 668 2036 urbe
700 1996 891 2051 agrisque
921 1996 1064 2037 haberi
1093 1997 1244 2050 placet,
1282 1997 1442 2037 mittere
1473 1997 1525 2037 ad

170 2059 438 2099 conducenda
462 2058 662 2099 Afrorum
695 2058 863 2106 auxilia,
897 2058 1055 2098 munire
1079 2057 1242 2106 urbem,
1274 2058 1526 2098 frumentum

170 2120 418 2168 convehere,
450 2120 548 2169 tela,
582 2135 694 2160 arma
718 2134 879 2173 parare,
912 2119 1111 2160 instruere
1136 2134 1263 2160 naves
1289 2135 1336 2160 ac
1365 2120 1524 2160 mittere

171 2182 222 2221 ad
259 2182 500 2236 Hipponem
543 2183 741 2222 adversus
778 2182 1010 2222 Romanam
1047 2182 1234 2222 classem.
1306 2182 1387 2222 iam
1422 2182 1524 2223 haec
1551 2195 1568 2223 3

170 2243 386 2297 agentibus
412 2244 579 2284 nuntius
606 2244 771 2284 tandem
795 2244 907 2284 venit
931 2244 1141 2292 Laelium,
1169 2258 1251 2284 non
1273 2241 1523 2297 Scipionem,

170 2305 411 2358 copiasque,
461 2312 637 2358 quantae
680 2306 732 2346 ad
773 2306 1026 2346 incursiones
1065 2321 1256 2360 agrorum
1295 2306 1393 2345 satis
1431 2306 1523 2355 sint,

170 2373 443 2407 transvectas:
483 2382 667 2408 summae
698 2367 794 2408 belli
824 2367 974 2408 molem
1005 2367 1139 2408 adhuc
1169 2368 1209 2407 in
1243 2366 1384 2408 Sicilia
1420 2382 1523 2408 esse.

168 2428 225 2467 ita
250 2428 512 2481 respiratum,
539 2429 725 2482 mittique
751 2429 803 2469 ad
830 2428 1064 2484 Syphacem
1089 2429 1314 2483 legationes
1341 2429 1524 2482 aliosque
1550 2443 1570 2470 4

170 2489 333 2544 regulos
360 2489 583 2533 firmandae
609 2491 814 2531 societatis
841 2505 967 2532 causa
991 2498 1170 2545 coeptae.
1214 2492 1266 2531 ad
1285 2491 1524 2545 Philippum

170 2565 332 2603 quoque
365 2551 497 2600 missi,
536 2552 607 2605 qui
637 2553 813 2593 ducenta
843 2553 1002 2607 argenti
1037 2553 1189 2593 talenta
1224 2553 1521 2606 pollicerentur,

169 2619 213 2651 ut
237 2612 279 2651 in
306 2611 489 2653 Siciliam
515 2622 584 2654 aut
608 2615 650 2654 in
674 2614 837 2654 Italiam
867 2614 1066 2655 traiceret.
1127 2615 1243 2655 missi
1274 2621 1313 2655 et
1343 2615 1395 2656 ad
1426 2630 1522 2655 suos
1549 2629 1567 2657 5

168 2673 433 2727 imperatores
459 2676 501 2716 in
524 2675 705 2725 Italiam,
734 2683 776 2716 ut
801 2676 912 2716 omni
937 2682 1088 2717 terrore
1115 2675 1351 2730 Scipionem
1376 2677 1523 2718 retine-
