1815 3184
450 234 603 269 LIBER
628 235 755 279 Xxu,
782 235 835 269 38.
856 234 911 269 39.
941 236 988 277 [a.
1004 233 1041 267 0.
1056 233 1138 276 216]
1421 225 1471 264 91

122 346 162 379 et
191 353 272 392 quo
302 338 344 379 id
375 339 628 379 constantius
660 344 959 393 perseveraret,
1000 336 1051 389 Q.
1077 335 1234 377 Fabius
1265 336 1476 377 Maximus

121 401 180 441 sic
206 415 299 441 011111
324 401 650 454 proficiscentem
675 399 891 440 adlocutus
917 399 1063 439 fertur:

205 461 499 503 XXXVIIII.
551 461 617 503 ‘Si
643 469 712 502 aut
737 462 971 517 conlegam,
1003 462 1045 501 id
1071 461 1180 514 quod
1205 461 1388 511 mallem,
1421 462 1479 502 tui
1508 475 1520 503 1

121 523 314 573 similem,
341 525 393 564 L.
414 524 586 573 Aemili,
619 523 791 564 haberes
818 531 888 564 aut
914 530 957 563 tu
983 523 1165 579 collegae
1191 524 1249 563 tui
1281 538 1394 564 esses
1427 523 1480 564 si-

120 585 246 634 milis,
285 600 590 639 supervacanea
622 592 731 626 esset
762 585 890 626 oratio
922 600 1032 634 mea3
1069 594 1165 625 n'am
1196 591 1235 625 et
1266 585 1347 626 duo
1384 585 1480 626 boni
1506 599 1523 627 2

120 646 308 687 consules
335 648 457 687 etiam
482 663 548 688 me
572 648 777 688 indicente
803 648 939 688 onmia
964 662 986 688 e
1010 662 1053 687 re
1084 647 1250 701 publica
1274 646 1477 702 fide[que]

119 714 256 748 vestra
281 708 470 749 faceretis
497 716 535 750 et
561 710 655 749 mali
681 724 757 750 nec
782 724 874 749 mea
898 708 1023 749 verba
1049 708 1216 758 auribus
1237 709 1384 749 vestris
1404 723 1481 749 nec

120 771 289 811 consilia
320 771 466 812 animis
499 771 749 825 acciperetis.
798 786 908 811 nunc
934 778 973 811 et
998 771 1211 825 conlegam
1237 777 1353 811 tuum
1378 778 1417 811 et
1442 778 1480 811 te
1507 784 1525 813 3

120 832 241 872 talem
269 832 401 872 virum
426 833 598 873 intuenti
624 833 723 872 mihi
749 840 883 873 tecum
915 833 1047 873 omnis
1080 833 1208 873 oratio
1241 843 1321 881 est,
1359 847 1481 886 quem

120 893 240 934 video
267 894 516 947 nequiquam
541 903 581 934 et
608 894 738 933 virum
764 893 919 934 bonum
945 900 985 934 et
1009 894 1140 933 civem
1161 894 1267 943 fore,
1296 894 1330 934 si
1355 894 1482 934 altera

118 962 233 1009 parte
265 956 427 996 claudet
457 951 521 996 res
553 955 736 1009 publica,
774 956 892 995 malis
926 956 1106 996 consiliis
1137 956 1246 996 idem
1279 971 1326 996 ac
1362 956 1481 997 bonis

119 1017 217 1058 iuris
250 1024 289 1058 et
313 1018 529 1071 potestatis
556 1018 641 1057 erit.
698 1032 808 1057 erras
835 1018 961 1065 enim,
989 1018 1041 1057 L.
1068 1017 1217 1066 Paule,
1251 1018 1283 1057 si
1310 1017 1382 1058 tibi
1407 1018 1482 1057 mi-
1508 1031 1527 1058 4

118 1093 195 1118 nus
235 1079 467 1119 certaminis
505 1093 598 1119 cum
638 1077 686 1119 C.
722 1077 915 1118 Terentio
953 1093 1075 1131 quam
1115 1093 1208 1118 cum
1244 1078 1480 1119 Hannibale

118 1140 303 1180 futurum
330 1155 492 1189 eenses3
524 1140 664 1181 nescio
690 1155 742 1180 an
766 1139 953 1181 infestior
977 1140 1043 1181 hic
1069 1141 1330 1181 adversarius
1357 1156 1481 1194 quam

117 1201 184 1242 ille
210 1201 338 1242 hostis
364 1208 545 1252 maneat,
579 1208 618 1242 et
649 1216 743 1242 cum
775 1202 844 1243 illo
876 1202 917 1242 111
948 1202 1033 1243 acie
1065 1208 1242 1251 tantum,
1281 1217 1373 1242 cum
1405 1202 1482 1243 1100

119 1263 309 1304 omnibus
341 1264 442 1304 locis
475 1279 522 1304 ac
553 1264 807 1318 temporibus
841 1264 896 1304 sis
929 1271 1175 1313 certaturus,
1213 1271 1252 1304 et
1283 1264 1481 1304 adversus
1509 1278 1527 1306 5

118 1324 397 1366 Hannibalem
427 1326 695 1380 legionesque
727 1326 814 1367 eius
846 1326 927 1367 tuis
959 1326 1165 1379 equitibus
1197 1341 1244 1366 ac
1275 1326 1481 1380 peditibus

117 1388 386 1442 pugnandum
419 1387 493 1428 tibi
526 1388 595 1437 sit,
622 1388 755 1429 Varro
787 1388 871 1428 dux
903 1388 984 1428 tuis
1016 1388 1214 1428 militibus
1247 1394 1286 1428 te
1323 1388 1375 1428 sit
1411 1403 1483 1442 op-

118 1456 388 1503 pugnaturus.
449 1450 597 1491 ominis
641 1450 764 1491 etiam
801 1450 873 1491 tibi
911 1465 1037 1491 causa
1073 1450 1181 1491 absit
1218 1449 1267 1490 C.
1305 1449 1483 1490 Flamini
1509 1464 1526 1492 6

118 1511 327 1551 memoria.
384 1518 520 1552 tamen
545 1512 612 1552 ille
638 1512 782 1552 consul
808 1512 972 1552 demum
1000 1519 1039 1552 et
1064 1512 1105 1552 in
1128 1512 1339 1566 provincia
1365 1520 1403 1552 et
1429 1513 1481 1553 ad

118 1572 342 1613 exercitum
374 1574 507 1628 coepit
537 1574 691 1623 furere,
730 1574 795 1614 hic
825 1574 1254 1628 pi·iusquam·pete1·et
1290 1574 1481 1615 consula—
1529 1589 1531 1592 ·

118 1641 223 1682 tum,
256 1634 404 1675 deinde
434 1636 475 1675 in
506 1637 684 1690 petendo
717 1636 950 1685 consulatu,
990 1650 1098 1676 nunc
1129 1650 1292 1689 quoque
1324 1636 1480 1684 consul,

116 1695 358 1748 priusquam
384 1704 519 1738 castra
543 1698 680 1738 videat
706 1705 774 1738 aut
799 1698 980 1747 hostem,
1006 1698 1170 1738 insanit.
1221 1704 1261 1738 et
1279 1697 1375 1750 quia
1394 1704 1483 1738 tan·
1510 1711 1526 1739 7

117 1764 178 1797 tas
209 1758 290 1798 iam
322 1774 430 1799 nunc
461 1761 661 1813 procellas
693 1760 848 1814 proelia
880 1767 1001 1813 atque
1027 1761 1136 1801 acies
1162 1760 1352 1801 iactando
1378 1760 1483 1800 inter

116 1824 278 1873 togatos
300 1820 396 1869 ciet,
423 1822 523 1874 quid
542 1822 647 1862 inter
672 1829 871 1862 armatam
896 1823 1152 1862 iuventutem
1179 1837 1323 1862 censes
1350 1822 1482 1863 factu-

115 1896 205 1921 rum
232 1888 272 1922 et
290 1881 359 1923 ubi
381 1883 585 1937 extemplo
606 1898 671 1924 res
692 1884 817 1925 verba
839 1884 1047 1937 sequitur?
1078 1884 1190 1937 atqui
1211 1885 1245 1925 si
1264 1884 1343 1933 hic,
1370 1884 1481 1937 quod
1507 1899 1526 1926 s

115 1942 322 1984 facturum
349 1959 392 1985 se
419 1945 649 1995 denuntiat,
678 1946 884 2000 extemplo
904 1946 1168 2001 pugnaverit,
1196 1953 1266 1986 aut
1292 1961 1369 2000 ego
1394 1961 1480 1986 rem

116 2004 350 2054 militarem,
377 2005 474 2047 belli
499 2007 575 2047 1100
600 2023 751 2062 genus,
778 2008 939 2049 hostem
965 2009 1074 2048 hunc
1100 2008 1245 2062 ignoro
1271 2015 1341 2048 aut
1365 2008 1482 2048 nobi-

115 2066 191 2106 lior
215 2067 319 2107 alius
341 2067 599 2110 Trasumeno
625 2069 740 2110 locus
767 2070 915 2111 nostris
942 2070 1128 2110 cladibus
1155 2070 1242 2110 erit.
1292 2084 1367 2109 nec
1392 2069 1481 2123 glo—
1507 2082 1524 2111 9

117 2128 247 2167 riandi
283 2135 445 2182 tempus
484 2131 682 2171 adversus
720 2146 848 2171 unum
881 2137 961 2179 est,
1000 2138 1038 2171 et
1072 2146 1149 2185 ego
1181 2131 1480 2171 contemnendo

115 2189 251 2242 potius
278 2204 402 2242 quam
435 2192 665 2245 adpetendo
697 2192 870 2246 gloriam
902 2192 1070 2232 modum
1103 2193 1370 2241 excesserim;
1409 2193 1482 2232 sed

116 2251 173 2290 ita
204 2266 268 2291 res
297 2267 339 2291 se
366 2252 508 2293 habet:
543 2269 624 2294 una
649 2255 751 2294 ratio
778 2254 874 2295 belli
899 2255 1069 2309 gerendi
1095 2255 1294 2295 adversus
1320 2254 1482 2295 Hanni-

116 2312 252 2356 balem
280 2319 359 2362 est,
387 2328 469 2366 qua
494 2329 572 2369 ego
598 2316 729 2369 gessi,
756 2330 831 2356 nec
858 2322 1028 2356 eventus
1056 2316 1176 2356 modo
1202 2316 1279 2356 hoc
1305 2316 1425 2357 docet
1448 2341 1481 2345 —
1508 2330 1548 2359 10

117 2374 333 2414 stultorum
359 2375 436 2415 iste
462 2376 660 2431 magister
685 2385 747 2417 est
770 2402 821 2427 —‚
855 2378 928 2418 sed
954 2378 1097 2418 eadem
1123 2378 1244 2426 ratio,
1271 2393 1376 2431 quae
1402 2378 1480 2418 fuit

116 2436 355 2489 futuraque,
389 2437 520 2478 donec
545 2453 610 2479 res
637 2439 804 2479 eaedem
838 2439 1080 2488 manebunt,
1118 2440 1371 2481 inmutabilis
1404 2448 1477 2481 est.

115 2498 156 2537 in
182 2498 301 2539 Italia
327 2499 480 2540 bellum
506 2501 709 2555 gerimus,
748 2502 789 2541 in
823 2503 920 2542 sede
952 2516 999 2542 ac
1031 2501 1118 2542 solo
1149 2509 1308 2551 nostro,
1343 2503 1480 2543 omnia
1508 2516 1544 2545 11

115 2560 221 2600 circa
246 2560 368 2614 plena>
393 2562 544 2602 civium
570 2577 618 2603 ao
644 2563 847 2604 sociorum
875 2571 986 2612 sunt,
1021 2564 1163 2612 armis,
1196 2565 1313 2613 viris,
1348 2565 1476 2618 equis,

114 2622 413 2663 commeatibus
441 2623 582 2664 iuvant
607 2624 889 2679 iuvabuntque
910 2650 942 2654 —-
962 2626 1003 2665 id
1029 2625 1109 2666 iam
1135 2626 1231 2666 fidei
1257 2627 1478 2667 documen·
1505 2640 1543 2670 12

113 2690 199 2723 tum
226 2683 267 2724 in
293 2685 476 2726 adversis
504 2686 626 2728 rebus
652 2688 801 2728 nostris
833 2688 1033 2729 dederunt
1057 2713 1108 2738 —,
1141 2688 1348 2737 meliores,
1382 2703 1479 2743 pru-
