<?xml version="1.0" encoding="UTF-8"?>
<!DOCTYPE html PUBLIC "-//W3C//DTD XHTML 1.0 Transitional//EN"
    "http://www.w3.org/TR/xhtml1/DTD/xhtml1-transitional.dtd">
<html xmlns="http://www.w3.org/1999/xhtml" xml:lang="en" lang="en">
 <head>
  <title>
</title>
<meta http-equiv="Content-Type" content="text/html;charset=utf-8" />
  <meta name='ocr-system' content='tesseract 3.04.00' />
  <meta name='ocr-capabilities' content='ocr_page ocr_carea ocr_par ocr_line ocrx_word'/>
</head>
<body>
  <div class='ocr_page' id='page_1' title='image "./aburbeconditalib02livyuoft_0111.png"; bbox 0 0 1815 3184; ppageno 0'>
   <div class='ocr_carea' id='block_1_1' title="bbox 489 209 1490 265">
    <p class='ocr_par' dir='ltr' id='par_1_1' title="bbox 489 209 1490 265">
     <span class='ocr_line' id='line_1_1' title="bbox 489 209 1490 265; baseline -0.007 -9"><span class='ocrx_word' id='word_1_1' title='bbox 489 222 642 256; x_wconf 73' lang='lat' dir='ltr'>LIBER</span> <span class='ocrx_word' id='word_1_2' title='bbox 668 221 780 265; x_wconf 79' lang='lat' dir='ltr'>XXI,</span> <span class='ocrx_word' id='word_1_3' title='bbox 802 222 912 255; x_wconf 78' lang='grc'><strong>7-9.</strong></span> <span class='ocrx_word' id='word_1_4' title='bbox 940 223 989 264; x_wconf 80' lang='lat' dir='ltr'>[a.</span> <span class='ocrx_word' id='word_1_5' title='bbox 1005 218 1043 254; x_wconf 77' lang='lat' dir='ltr'>c,</span> <span class='ocrx_word' id='word_1_6' title='bbox 1057 220 1140 263; x_wconf 76' lang='lat'><em>218]</em></span> <span class='ocrx_word' id='word_1_7' title='bbox 1468 209 1490 249; x_wconf 85' lang='lat'><strong>7</strong></span> 
     </span>
    </p>
   </div>
   <div class='ocr_carea' id='block_1_2' title="bbox 136 321 1501 2733">
    <p class='ocr_par' dir='ltr' id='par_1_2' title="bbox 139 321 1494 430">
     <span class='ocr_line' id='line_1_2' title="bbox 140 321 1494 381; baseline -0.005 -14"><span class='ocrx_word' id='word_1_8' title='bbox 140 326 239 381; x_wconf 87' lang='lat' dir='ltr'>fuga</span> <span class='ocrx_word' id='word_1_9' title='bbox 264 341 311 367; x_wconf 91' lang='lat' dir='ltr'>ac</span> <span class='ocrx_word' id='word_1_10' title='bbox 337 326 552 380; x_wconf 75' lang='lat' dir='ltr'>trepidatio</span> <span class='ocrx_word' id='word_1_11' title='bbox 571 325 661 374; x_wconf 89' lang='lat' dir='ltr'>fuit,</span> <span class='ocrx_word' id='word_1_12' title='bbox 688 332 731 365; x_wconf 87' lang='lat' dir='ltr'>ut</span> <span class='ocrx_word' id='word_1_13' title='bbox 750 339 832 365; x_wconf 91' lang='lat' dir='ltr'>non</span> <span class='ocrx_word' id='word_1_14' title='bbox 851 323 1024 364; x_wconf 86' lang='lat' dir='ltr'>multum</span> <span class='ocrx_word' id='word_1_15' title='bbox 1045 322 1220 371; x_wconf 86' lang='lat' dir='ltr'>abesset,</span> <span class='ocrx_word' id='word_1_16' title='bbox 1248 321 1346 375; x_wconf 87' lang='lat' dir='ltr'>quin</span> <span class='ocrx_word' id='word_1_17' title='bbox 1371 335 1494 375; x_wconf 85' lang='lat' dir='ltr'>opera</span> 
     </span>
     <span class='ocr_line' id='line_1_3' title="bbox 139 389 674 430; baseline -0.004 0"><span class='ocrx_word' id='word_1_18' title='bbox 139 403 186 430; x_wconf 90' lang='lat' dir='ltr'>ac</span> <span class='ocrx_word' id='word_1_19' title='bbox 211 389 354 429; x_wconf 78' lang='lat' dir='ltr'>vineae</span> <span class='ocrx_word' id='word_1_20' title='bbox 380 390 674 429; x_wconf 75' lang='lat' dir='ltr'>desererentur.</span> 
     </span>
    </p>

    <p class='ocr_par' dir='ltr' id='par_1_3' title="bbox 136 440 1501 2667">
     <span class='ocr_line' id='line_1_4' title="bbox 223 440 1492 503; baseline -0.006 -12"><span class='ocrx_word' id='word_1_21' title='bbox 223 450 345 491; x_wconf 82' lang='lat' dir='ltr'>VIII.</span> <span class='ocrx_word' id='word_1_22' title='bbox 397 449 574 491; x_wconf 82' lang='lat' dir='ltr'>Obsidio</span> <span class='ocrx_word' id='word_1_23' title='bbox 606 450 752 490; x_wconf 89' lang='lat' dir='ltr'>deinde</span> <span class='ocrx_word' id='word_1_24' title='bbox 788 464 860 503; x_wconf 86' lang='lat' dir='ltr'>per</span> <span class='ocrx_word' id='word_1_25' title='bbox 890 440 1043 502; x_wconf 87' lang='lat' dir='ltr'>paucos</span> <span class='ocrx_word' id='word_1_26' title='bbox 1075 447 1162 487; x_wconf 88' lang='lat' dir='ltr'>dies</span> <span class='ocrx_word' id='word_1_27' title='bbox 1200 446 1333 501; x_wconf 85' lang='lat' dir='ltr'>magis</span> <span class='ocrx_word' id='word_1_28' title='bbox 1369 459 1492 498; x_wconf 87' lang='lat' dir='ltr'>quam</span> 
     </span>
     <span class='ocr_line' id='line_1_5' title="bbox 139 507 1495 567; baseline -0.004 -15"><span class='ocrx_word' id='word_1_29' title='bbox 139 513 390 567; x_wconf 76' lang='lat' dir='ltr'>oppugnatio</span> <span class='ocrx_word' id='word_1_30' title='bbox 422 512 515 561; x_wconf 87' lang='lat' dir='ltr'>fuit,</span> <span class='ocrx_word' id='word_1_31' title='bbox 554 512 652 552; x_wconf 90' lang='lat' dir='ltr'>dum</span> <span class='ocrx_word' id='word_1_32' title='bbox 683 511 831 551; x_wconf 80' lang='lat' dir='ltr'>vulnus</span> <span class='ocrx_word' id='word_1_33' title='bbox 864 510 979 551; x_wconf 91' lang='lat' dir='ltr'>ducis</span> <span class='ocrx_word' id='word_1_34' title='bbox 1007 517 1227 550; x_wconf 82' lang='lat' dir='ltr'>curaretur.</span> <span class='ocrx_word' id='word_1_35' title='bbox 1281 522 1355 562; x_wconf 85' lang='lat' dir='ltr'>per</span> <span class='ocrx_word' id='word_1_36' title='bbox 1384 507 1495 560; x_wconf 86' lang='lat' dir='ltr'>quod</span> 
     </span>
     <span class='ocr_line' id='line_1_6' title="bbox 139 571 1495 628; baseline -0.004 -14"><span class='ocrx_word' id='word_1_37' title='bbox 139 582 299 628; x_wconf 88' lang='lat' dir='ltr'>tempus</span> <span class='ocrx_word' id='word_1_38' title='bbox 325 580 368 613; x_wconf 89' lang='lat' dir='ltr'>ut</span> <span class='ocrx_word' id='word_1_39' title='bbox 395 574 511 626; x_wconf 90' lang='lat' dir='ltr'>quies</span> <span class='ocrx_word' id='word_1_40' title='bbox 538 573 806 613; x_wconf 74' lang='lat' dir='ltr'>certaminum</span> <span class='ocrx_word' id='word_1_41' title='bbox 825 580 922 621; x_wconf 86' lang='lat' dir='ltr'>erat,</span> <span class='ocrx_word' id='word_1_42' title='bbox 949 572 1005 612; x_wconf 88' lang='lat' dir='ltr'>ita</span> <span class='ocrx_word' id='word_1_43' title='bbox 1030 571 1081 612; x_wconf 93' lang='lat' dir='ltr'>ab</span> <span class='ocrx_word' id='word_1_44' title='bbox 1101 577 1298 625; x_wconf 84' lang='lat' dir='ltr'>apparatu</span> <span class='ocrx_word' id='word_1_45' title='bbox 1325 585 1495 624; x_wconf 87' lang='lat' dir='ltr'>operum</span> 
     </span>
     <span class='ocr_line' id='line_1_7' title="bbox 139 632 1496 686; baseline -0.003 -11"><span class='ocrx_word' id='word_1_46' title='bbox 139 650 186 676; x_wconf 92' lang='lat' dir='ltr'>ac</span> <span class='ocrx_word' id='word_1_47' title='bbox 218 636 489 675; x_wconf 83' lang='lat' dir='ltr'>munitionum</span> <span class='ocrx_word' id='word_1_48' title='bbox 520 635 620 675; x_wconf 87' lang='lat' dir='ltr'>nihil</span> <span class='ocrx_word' id='word_1_49' title='bbox 652 641 870 675; x_wconf 88' lang='lat' dir='ltr'>cessatum.</span> <span class='ocrx_word' id='word_1_50' title='bbox 922 634 1058 686; x_wconf 89' lang='lat' dir='ltr'>itaque</span> <span class='ocrx_word' id='word_1_51' title='bbox 1090 633 1223 673; x_wconf 89' lang='lat' dir='ltr'>acrius</span> <span class='ocrx_word' id='word_1_52' title='bbox 1255 633 1305 672; x_wconf 90' lang='lat' dir='ltr'>dc</span> <span class='ocrx_word' id='word_1_53' title='bbox 1336 632 1496 686; x_wconf 82' lang='lat' dir='ltr'>integro</span> 
     </span>
     <span class='ocr_line' id='line_1_8' title="bbox 139 693 1495 751; baseline -0.004 -13"><span class='ocrx_word' id='word_1_54' title='bbox 139 704 321 738; x_wconf 87' lang='lat' dir='ltr'>coortum</span> <span class='ocrx_word' id='word_1_55' title='bbox 348 704 409 737; x_wconf 86' lang='lat' dir='ltr'>est</span> <span class='ocrx_word' id='word_1_56' title='bbox 428 697 579 737; x_wconf 89' lang='lat' dir='ltr'>bellum</span> <span class='ocrx_word' id='word_1_57' title='bbox 600 696 867 751; x_wconf 82' lang='lat' dir='ltr'>pluribusque</span> <span class='ocrx_word' id='word_1_58' title='bbox 887 695 1086 750; x_wconf 84' lang='lat' dir='ltr'>partibus,</span> <span class='ocrx_word' id='word_1_59' title='bbox 1112 695 1182 735; x_wconf 84' lang='lat' dir='ltr'>vix</span> <span class='ocrx_word' id='word_1_60' title='bbox 1201 693 1495 748; x_wconf 81' lang='lat' dir='ltr'>accipientibus</span> 
     </span>
     <span class='ocr_line' id='line_1_9' title="bbox 139 755 1496 812; baseline -0.003 -14"><span class='ocrx_word' id='word_1_61' title='bbox 139 759 387 811; x_wconf 86' lang='lat' dir='ltr'>quibusdam</span> <span class='ocrx_word' id='word_1_62' title='bbox 419 773 542 812; x_wconf 89' lang='lat' dir='ltr'>opera</span> <span class='ocrx_word' id='word_1_63' title='bbox 571 758 691 807; x_wconf 89' lang='lat' dir='ltr'>locis,</span> <span class='ocrx_word' id='word_1_64' title='bbox 728 758 873 798; x_wconf 63' lang='lat' dir='ltr'>vineae</span> <span class='ocrx_word' id='word_1_65' title='bbox 905 764 1073 810; x_wconf 88' lang='lat' dir='ltr'>coeptae</span> <span class='ocrx_word' id='word_1_66' title='bbox 1105 757 1172 811; x_wconf 86' lang='lat' dir='ltr'>agi</span> <span class='ocrx_word' id='word_1_67' title='bbox 1204 755 1496 807; x_wconf 78' lang='lat' dir='ltr'>admoverique</span> 
     </span>
     <span class='ocr_line' id='line_1_10' title="bbox 138 817 1497 861; baseline -0.004 0"><span class='ocrx_word' id='word_1_68' title='bbox 138 821 255 861; x_wconf 85' lang='lat' dir='ltr'>aries.</span> <span class='ocrx_word' id='word_1_69' title='bbox 300 820 536 861; x_wconf 84' lang='lat' dir='ltr'>abundabat</span> <span class='ocrx_word' id='word_1_70' title='bbox 560 820 818 859; x_wconf 87' lang='lat' dir='ltr'>multitudine</span> <span class='ocrx_word' id='word_1_71' title='bbox 838 819 1049 858; x_wconf 89' lang='lat' dir='ltr'>hominum</span> <span class='ocrx_word' id='word_1_72' title='bbox 1069 817 1236 858; x_wconf 85' lang='lat' dir='ltr'>Poenus</span> <span class='ocrx_word' id='word_1_73' title='bbox 1258 841 1311 845; x_wconf 79' lang='lat'><strong>—</strong></span> <span class='ocrx_word' id='word_1_74' title='bbox 1331 817 1383 857; x_wconf 90' lang='lat' dir='ltr'>ad</span> <span class='ocrx_word' id='word_1_75' title='bbox 1403 831 1497 857; x_wconf 88' lang='lat' dir='ltr'>een-</span> 
     </span>
     <span class='ocr_line' id='line_1_11' title="bbox 138 879 1495 936; baseline -0.003 -14"><span class='ocrx_word' id='word_1_76' title='bbox 138 890 222 922; x_wconf 85' lang='lat' dir='ltr'>tum</span> <span class='ocrx_word' id='word_1_77' title='bbox 244 882 541 936; x_wconf 77' lang='lat' dir='ltr'>quinquaginta</span> <span class='ocrx_word' id='word_1_78' title='bbox 559 882 670 921; x_wconf 89' lang='lat' dir='ltr'>milia</span> <span class='ocrx_word' id='word_1_79' title='bbox 690 880 885 920; x_wconf 86' lang='lat' dir='ltr'>habuisse</span> <span class='ocrx_word' id='word_1_80' title='bbox 905 880 946 919; x_wconf 92' lang='lat' dir='ltr'>in</span> <span class='ocrx_word' id='word_1_81' title='bbox 968 879 1091 919; x_wconf 91' lang='lat' dir='ltr'>armis</span> <span class='ocrx_word' id='word_1_82' title='bbox 1112 879 1210 919; x_wconf 87' lang='lat' dir='ltr'>satis</span> <span class='ocrx_word' id='word_1_83' title='bbox 1232 879 1409 919; x_wconf 90' lang='lat' dir='ltr'>creditur</span> <span class='ocrx_word' id='word_1_84' title='bbox 1429 903 1495 926; x_wconf 86' lang='lat'>—-,</span> 
     </span>
     <span class='ocr_line' id='line_1_12' title="bbox 138 941 1496 998; baseline -0.003 -14"><span class='ocrx_word' id='word_1_85' title='bbox 138 944 331 998; x_wconf 88' lang='lat' dir='ltr'>oppidani</span> <span class='ocrx_word' id='word_1_86' title='bbox 351 945 402 984; x_wconf 91' lang='lat' dir='ltr'>ad</span> <span class='ocrx_word' id='word_1_87' title='bbox 423 944 559 984; x_wconf 88' lang='lat' dir='ltr'>omnia</span> <span class='ocrx_word' id='word_1_88' title='bbox 580 943 731 983; x_wconf 88' lang='lat' dir='ltr'>tuenda</span> <span class='ocrx_word' id='word_1_89' title='bbox 751 949 872 994; x_wconf 91' lang='lat' dir='ltr'>atque</span> <span class='ocrx_word' id='word_1_90' title='bbox 887 941 1078 982; x_wconf 84' lang='lat' dir='ltr'>obeunda</span> <span class='ocrx_word' id='word_1_91' title='bbox 1096 941 1361 981; x_wconf 81' lang='lat' dir='ltr'>multifariam</span> <span class='ocrx_word' id='word_1_92' title='bbox 1381 941 1496 981; x_wconf 88' lang='lat' dir='ltr'>disti-</span> 
     </span>
     <span class='ocr_line' id='line_1_13' title="bbox 137 1003 1494 1059; baseline -0.002 -14"><span class='ocrx_word' id='word_1_93' title='bbox 137 1006 222 1045; x_wconf 87' lang='lat' dir='ltr'>neri</span> <span class='ocrx_word' id='word_1_94' title='bbox 244 1004 415 1059; x_wconf 87' lang='lat' dir='ltr'>[coepti]</span> <span class='ocrx_word' id='word_1_95' title='bbox 438 1005 592 1059; x_wconf 86' lang='lat' dir='ltr'>coeptis</span> <span class='ocrx_word' id='word_1_96' title='bbox 614 1020 695 1045; x_wconf 92' lang='lat' dir='ltr'>non</span> <span class='ocrx_word' id='word_1_97' title='bbox 716 1003 988 1045; x_wconf 83' lang='lat' dir='ltr'>sufficiebant.</span> <span class='ocrx_word' id='word_1_98' title='bbox 1032 1004 1169 1056; x_wconf 90' lang='lat' dir='ltr'>itaque</span> <span class='ocrx_word' id='word_1_99' title='bbox 1190 1003 1271 1043; x_wconf 88' lang='lat' dir='ltr'>iam</span> <span class='ocrx_word' id='word_1_100' title='bbox 1292 1003 1494 1043; x_wconf 88' lang='lat' dir='ltr'>ferieban-</span> 
     </span>
     <span class='ocr_line' id='line_1_14' title="bbox 138 1065 1496 1119; baseline -0.002 -12"><span class='ocrx_word' id='word_1_101' title='bbox 138 1074 201 1107; x_wconf 90' lang='lat' dir='ltr'>tur</span> <span class='ocrx_word' id='word_1_102' title='bbox 225 1067 418 1107; x_wconf 88' lang='lat' dir='ltr'>arietibus</span> <span class='ocrx_word' id='word_1_103' title='bbox 445 1067 549 1107; x_wconf 90' lang='lat' dir='ltr'>muri</span> <span class='ocrx_word' id='word_1_104' title='bbox 575 1073 877 1119; x_wconf 81' lang='lat' dir='ltr'>quassataeque</span> <span class='ocrx_word' id='word_1_105' title='bbox 903 1065 1055 1105; x_wconf 89' lang='lat' dir='ltr'>multae</span> <span class='ocrx_word' id='word_1_106' title='bbox 1080 1074 1217 1118; x_wconf 86' lang='lat' dir='ltr'>partes</span> <span class='ocrx_word' id='word_1_107' title='bbox 1244 1071 1371 1105; x_wconf 88' lang='lat' dir='ltr'>erant.</span> <span class='ocrx_word' id='word_1_108' title='bbox 1414 1080 1496 1105; x_wconf 88' lang='lat' dir='ltr'>una</span> 
     </span>
     <span class='ocr_line' id='line_1_15' title="bbox 137 1127 1496 1181; baseline -0.002 -12"><span class='ocrx_word' id='word_1_109' title='bbox 137 1128 437 1169; x_wconf 89' lang='lat' dir='ltr'>continentibus</span> <span class='ocrx_word' id='word_1_110' title='bbox 463 1129 590 1168; x_wconf 86' lang='lat' dir='ltr'>ruinis</span> <span class='ocrx_word' id='word_1_111' title='bbox 617 1128 843 1168; x_wconf 74' lang='lat' dir='ltr'>nudaverat</span> <span class='ocrx_word' id='word_1_112' title='bbox 868 1127 1029 1167; x_wconf 90' lang='lat' dir='ltr'>urbem:</span> <span class='ocrx_word' id='word_1_113' title='bbox 1058 1127 1129 1167; x_wconf 91' lang='lat' dir='ltr'>tris</span> <span class='ocrx_word' id='word_1_114' title='bbox 1156 1127 1349 1181; x_wconf 85' lang='lat' dir='ltr'>deinceps</span> <span class='ocrx_word' id='word_1_115' title='bbox 1376 1127 1496 1167; x_wconf 89' lang='lat' dir='ltr'>turris</span> 
     </span>
     <span class='ocr_line' id='line_1_16' title="bbox 137 1188 1498 1244; baseline -0.001 -14"><span class='ocrx_word' id='word_1_116' title='bbox 137 1198 416 1244; x_wconf 90' lang='lat' dir='ltr'>quantumque</span> <span class='ocrx_word' id='word_1_117' title='bbox 441 1191 544 1230; x_wconf 89' lang='lat' dir='ltr'>inter</span> <span class='ocrx_word' id='word_1_118' title='bbox 570 1205 638 1230; x_wconf 81' lang='lat' dir='ltr'>eas</span> <span class='ocrx_word' id='word_1_119' title='bbox 666 1190 771 1230; x_wconf 89' lang='lat' dir='ltr'>muri</span> <span class='ocrx_word' id='word_1_120' title='bbox 797 1196 882 1229; x_wconf 85' lang='lat' dir='ltr'>erat</span> <span class='ocrx_word' id='word_1_121' title='bbox 907 1203 1000 1229; x_wconf 89' lang='lat' dir='ltr'>eum</span> <span class='ocrx_word' id='word_1_122' title='bbox 1035 1188 1197 1243; x_wconf 85' lang='lat' dir='ltr'>fragore</span> <span class='ocrx_word' id='word_1_123' title='bbox 1223 1189 1379 1242; x_wconf 76' lang='lat' dir='ltr'>ingenti</span> <span class='ocrx_word' id='word_1_124' title='bbox 1405 1203 1498 1243; x_wconf 91' lang='lat' dir='ltr'>pro-</span> 
     </span>
     <span class='ocr_line' id='line_1_17' title="bbox 137 1251 1495 1307; baseline -0.001 -14"><span class='ocrx_word' id='word_1_125' title='bbox 137 1254 332 1293; x_wconf 89' lang='lat' dir='ltr'>ciderunt.</span> <span class='ocrx_word' id='word_1_126' title='bbox 377 1260 541 1307; x_wconf 86' lang='lat' dir='ltr'>captum</span> <span class='ocrx_word' id='word_1_127' title='bbox 558 1253 754 1307; x_wconf 92' lang='lat' dir='ltr'>oppidum</span> <span class='ocrx_word' id='word_1_128' title='bbox 775 1267 823 1293; x_wconf 90' lang='lat' dir='ltr'>ea</span> <span class='ocrx_word' id='word_1_129' title='bbox 842 1252 961 1292; x_wconf 87' lang='lat' dir='ltr'>ruina</span> <span class='ocrx_word' id='word_1_130' title='bbox 981 1252 1237 1292; x_wconf 88' lang='lat' dir='ltr'>crediderant</span> <span class='ocrx_word' id='word_1_131' title='bbox 1251 1251 1394 1299; x_wconf 88' lang='lat' dir='ltr'>Poeni,</span> <span class='ocrx_word' id='word_1_132' title='bbox 1416 1266 1495 1304; x_wconf 91' lang='lat' dir='ltr'>qua</span> 
     </span>
     <span class='ocr_line' id='line_1_18' title="bbox 138 1314 1495 1370; baseline -0.002 -14"><span class='ocrx_word' id='word_1_133' title='bbox 138 1316 247 1356; x_wconf 86' lang='lat' dir='ltr'>velut</span> <span class='ocrx_word' id='word_1_134' title='bbox 279 1316 312 1355; x_wconf 83' lang='lat' dir='ltr'>si</span> <span class='ocrx_word' id='word_1_135' title='bbox 337 1316 487 1370; x_wconf 86' lang='lat' dir='ltr'>pariter</span> <span class='ocrx_word' id='word_1_136' title='bbox 512 1323 706 1368; x_wconf 89' lang='lat' dir='ltr'>utrosque</span> <span class='ocrx_word' id='word_1_137' title='bbox 738 1330 880 1355; x_wconf 87' lang='lat' dir='ltr'>murus</span> <span class='ocrx_word' id='word_1_138' title='bbox 913 1314 1100 1362; x_wconf 72' lang='lat' dir='ltr'>texisset,</span> <span class='ocrx_word' id='word_1_139' title='bbox 1134 1314 1189 1354; x_wconf 88' lang='lat' dir='ltr'>ita</span> <span class='ocrx_word' id='word_1_140' title='bbox 1220 1314 1424 1367; x_wconf 88' lang='lat' dir='ltr'>utrimque</span> <span class='ocrx_word' id='word_1_141' title='bbox 1455 1314 1495 1354; x_wconf 91' lang='lat' dir='ltr'>in</span> 
     </span>
     <span class='ocr_line' id='line_1_19' title="bbox 136 1375 1498 1431; baseline -0.001 -14"><span class='ocrx_word' id='word_1_142' title='bbox 136 1392 318 1431; x_wconf 89' lang='lat' dir='ltr'>pugnam</span> <span class='ocrx_word' id='word_1_143' title='bbox 344 1392 586 1430; x_wconf 88' lang='lat' dir='ltr'>procursum</span> <span class='ocrx_word' id='word_1_144' title='bbox 612 1389 687 1417; x_wconf 89' lang='lat' dir='ltr'>est.</span> <span class='ocrx_word' id='word_1_145' title='bbox 735 1377 836 1417; x_wconf 89' lang='lat' dir='ltr'>nihil</span> <span class='ocrx_word' id='word_1_146' title='bbox 862 1375 1150 1416; x_wconf 86' lang='lat' dir='ltr'>tumultuariae</span> <span class='ocrx_word' id='word_1_147' title='bbox 1177 1391 1340 1430; x_wconf 80' lang='lat' dir='ltr'>pugnae</span> <span class='ocrx_word' id='word_1_148' title='bbox 1367 1376 1498 1416; x_wconf 88' lang='lat' dir='ltr'>simile</span> 
     </span>
     <span class='ocr_line' id='line_1_20' title="bbox 137 1438 1496 1494; baseline -0.001 -15"><span class='ocrx_word' id='word_1_149' title='bbox 137 1446 240 1487; x_wconf 90' lang='lat' dir='ltr'>erat,</span> <span class='ocrx_word' id='word_1_150' title='bbox 278 1439 419 1491; x_wconf 87' lang='lat' dir='ltr'>quales</span> <span class='ocrx_word' id='word_1_151' title='bbox 451 1439 493 1479; x_wconf 92' lang='lat' dir='ltr'>in</span> <span class='ocrx_word' id='word_1_152' title='bbox 525 1438 901 1494; x_wconf 76' lang='lat' dir='ltr'>oppugnationibus</span> <span class='ocrx_word' id='word_1_153' title='bbox 933 1438 1097 1479; x_wconf 87' lang='lat' dir='ltr'>urbium</span> <span class='ocrx_word' id='word_1_154' title='bbox 1129 1453 1202 1492; x_wconf 90' lang='lat' dir='ltr'>per</span> <span class='ocrx_word' id='word_1_155' title='bbox 1237 1438 1496 1478; x_wconf 85' lang='lat' dir='ltr'>occasionem</span> 
     </span>
     <span class='ocr_line' id='line_1_21' title="bbox 137 1500 1500 1554; baseline -0.001 -14"><span class='ocrx_word' id='word_1_156' title='bbox 137 1501 261 1554; x_wconf 88' lang='lat' dir='ltr'>partis</span> <span class='ocrx_word' id='word_1_157' title='bbox 287 1501 452 1541; x_wconf 88' lang='lat' dir='ltr'>alterius</span> <span class='ocrx_word' id='word_1_158' title='bbox 479 1502 629 1542; x_wconf 86' lang='lat' dir='ltr'>conciri</span> <span class='ocrx_word' id='word_1_159' title='bbox 655 1502 797 1550; x_wconf 88' lang='lat' dir='ltr'>solent,</span> <span class='ocrx_word' id='word_1_160' title='bbox 826 1501 897 1541; x_wconf 88' lang='lat' dir='ltr'>sed</span> <span class='ocrx_word' id='word_1_161' title='bbox 923 1501 1055 1541; x_wconf 90' lang='lat' dir='ltr'>iustae</span> <span class='ocrx_word' id='word_1_162' title='bbox 1081 1500 1189 1540; x_wconf 89' lang='lat' dir='ltr'>acics</span> <span class='ocrx_word' id='word_1_163' title='bbox 1215 1500 1327 1540; x_wconf 83' lang='lat' dir='ltr'>velut</span> <span class='ocrx_word' id='word_1_164' title='bbox 1345 1500 1500 1554; x_wconf 89' lang='lat' dir='ltr'>patenti</span> 
     </span>
     <span class='ocr_line' id='line_1_22' title="bbox 138 1562 1500 1616; baseline 0 -14"><span class='ocrx_word' id='word_1_165' title='bbox 138 1577 282 1616; x_wconf 87' lang='lat' dir='ltr'>campo</span> <span class='ocrx_word' id='word_1_166' title='bbox 307 1563 411 1603; x_wconf 89' lang='lat' dir='ltr'>inter</span> <span class='ocrx_word' id='word_1_167' title='bbox 440 1563 578 1604; x_wconf 89' lang='lat' dir='ltr'>ruinas</span> <span class='ocrx_word' id='word_1_168' title='bbox 611 1564 716 1604; x_wconf 90' lang='lat' dir='ltr'>muri</span> <span class='ocrx_word' id='word_1_169' title='bbox 748 1570 936 1616; x_wconf 87' lang='lat' dir='ltr'>tectaque</span> <span class='ocrx_word' id='word_1_170' title='bbox 967 1562 1081 1603; x_wconf 89' lang='lat' dir='ltr'>urbis</span> <span class='ocrx_word' id='word_1_171' title='bbox 1113 1563 1274 1603; x_wconf 88' lang='lat' dir='ltr'>modico</span> <span class='ocrx_word' id='word_1_172' title='bbox 1306 1562 1500 1603; x_wconf 85' lang='lat' dir='ltr'>distantia</span> 
     </span>
     <span class='ocr_line' id='line_1_23' title="bbox 138 1624 1498 1679; baseline 0 -15"><span class='ocrx_word' id='word_1_173' title='bbox 138 1624 350 1665; x_wconf 77' lang='lat' dir='ltr'>intervallo</span> <span class='ocrx_word' id='word_1_174' title='bbox 376 1626 653 1666; x_wconf 81' lang='lat' dir='ltr'>constiterant.</span> <span class='ocrx_word' id='word_1_175' title='bbox 703 1626 798 1665; x_wconf 88' lang='lat' dir='ltr'>hinc</span> <span class='ocrx_word' id='word_1_176' title='bbox 824 1640 931 1679; x_wconf 84' lang='lat' dir='ltr'>spes,</span> <span class='ocrx_word' id='word_1_177' title='bbox 961 1625 1056 1665; x_wconf 88' lang='lat' dir='ltr'>hinc</span> <span class='ocrx_word' id='word_1_178' title='bbox 1081 1624 1314 1679; x_wconf 88' lang='lat' dir='ltr'>desperatio</span> <span class='ocrx_word' id='word_1_179' title='bbox 1340 1625 1498 1665; x_wconf 89' lang='lat' dir='ltr'>animos</span> 
     </span>
     <span class='ocr_line' id='line_1_24' title="bbox 137 1686 1497 1741; baseline 0 -15"><span class='ocrx_word' id='word_1_180' title='bbox 137 1687 284 1735; x_wconf 86' lang='lat' dir='ltr'>inritat,</span> <span class='ocrx_word' id='word_1_181' title='bbox 311 1686 453 1727; x_wconf 90' lang='lat' dir='ltr'>Poeno</span> <span class='ocrx_word' id='word_1_182' title='bbox 479 1688 637 1741; x_wconf 87' lang='lat' dir='ltr'>cepisse</span> <span class='ocrx_word' id='word_1_183' title='bbox 663 1687 742 1728; x_wconf 89' lang='lat' dir='ltr'>iam</span> <span class='ocrx_word' id='word_1_184' title='bbox 771 1703 813 1728; x_wconf 89' lang='lat' dir='ltr'>se</span> <span class='ocrx_word' id='word_1_185' title='bbox 840 1687 996 1735; x_wconf 89' lang='lat' dir='ltr'>urbem,</span> <span class='ocrx_word' id='word_1_186' title='bbox 1025 1687 1057 1727; x_wconf 78' lang='lat' dir='ltr'>si</span> <span class='ocrx_word' id='word_1_187' title='bbox 1084 1687 1252 1741; x_wconf 90' lang='lat' dir='ltr'>paulum</span> <span class='ocrx_word' id='word_1_188' title='bbox 1279 1687 1497 1734; x_wconf 89' lang='lat' dir='ltr'>adnitatur,</span> 
     </span>
     <span class='ocr_line' id='line_1_25' title="bbox 138 1748 1499 1804; baseline -0.001 -14"><span class='ocrx_word' id='word_1_189' title='bbox 138 1749 345 1796; x_wconf 87' lang='lat' dir='ltr'>credente,</span> <span class='ocrx_word' id='word_1_190' title='bbox 381 1748 622 1804; x_wconf 76' lang='lat' dir='ltr'>Saguntinis</span> <span class='ocrx_word' id='word_1_191' title='bbox 649 1765 722 1804; x_wconf 89' lang='lat' dir='ltr'>pro</span> <span class='ocrx_word' id='word_1_192' title='bbox 747 1750 901 1790; x_wconf 88' lang='lat' dir='ltr'>nudata</span> <span class='ocrx_word' id='word_1_193' title='bbox 926 1749 1143 1790; x_wconf 90' lang='lat' dir='ltr'>moenibus</span> <span class='ocrx_word' id='word_1_194' title='bbox 1169 1749 1301 1803; x_wconf 86' lang='lat' dir='ltr'>patria</span> <span class='ocrx_word' id='word_1_195' title='bbox 1328 1764 1499 1803; x_wconf 88' lang='lat' dir='ltr'>corpora</span> 
     </span>
     <span class='ocr_line' id='line_1_26' title="bbox 138 1810 1501 1866; baseline -0.001 -15"><span class='ocrx_word' id='word_1_196' title='bbox 138 1810 440 1864; x_wconf 90' lang='lat' dir='ltr'>opponentibus</span> <span class='ocrx_word' id='word_1_197' title='bbox 467 1827 542 1852; x_wconf 89' lang='lat' dir='ltr'>nec</span> <span class='ocrx_word' id='word_1_198' title='bbox 573 1812 656 1852; x_wconf 90' lang='lat' dir='ltr'>ullo</span> <span class='ocrx_word' id='word_1_199' title='bbox 681 1812 829 1866; x_wconf 90' lang='lat' dir='ltr'>pedem</span> <span class='ocrx_word' id='word_1_200' title='bbox 861 1811 1082 1860; x_wconf 88' lang='lat' dir='ltr'>referente,</span> <span class='ocrx_word' id='word_1_201' title='bbox 1116 1826 1166 1852; x_wconf 89' lang='lat' dir='ltr'>ne</span> <span class='ocrx_word' id='word_1_202' title='bbox 1192 1811 1233 1851; x_wconf 89' lang='lat' dir='ltr'>in</span> <span class='ocrx_word' id='word_1_203' title='bbox 1264 1811 1451 1851; x_wconf 86' lang='lat' dir='ltr'>relictum</span> <span class='ocrx_word' id='word_1_204' title='bbox 1477 1826 1501 1851; x_wconf 90' lang='lat' dir='ltr'>a</span> 
     </span>
     <span class='ocr_line' id='line_1_27' title="bbox 138 1872 1500 1927; baseline 0 -15"><span class='ocrx_word' id='word_1_205' title='bbox 138 1888 181 1913; x_wconf 86' lang='lat' dir='ltr'>se</span> <span class='ocrx_word' id='word_1_206' title='bbox 206 1872 341 1912; x_wconf 84' lang='lat' dir='ltr'>locum</span> <span class='ocrx_word' id='word_1_207' title='bbox 367 1873 527 1913; x_wconf 87' lang='lat' dir='ltr'>hostem</span> <span class='ocrx_word' id='word_1_208' title='bbox 553 1874 787 1914; x_wconf 86' lang='lat' dir='ltr'>inmitteret.</span> <span class='ocrx_word' id='word_1_209' title='bbox 835 1874 972 1927; x_wconf 88' lang='lat' dir='ltr'>itaque</span> <span class='ocrx_word' id='word_1_210' title='bbox 999 1888 1081 1926; x_wconf 92' lang='lat' dir='ltr'>quo</span> <span class='ocrx_word' id='word_1_211' title='bbox 1113 1873 1247 1914; x_wconf 88' lang='lat' dir='ltr'>acrius</span> <span class='ocrx_word' id='word_1_212' title='bbox 1274 1879 1314 1913; x_wconf 89' lang='lat' dir='ltr'>et</span> <span class='ocrx_word' id='word_1_213' title='bbox 1340 1873 1500 1913; x_wconf 88' lang='lat' dir='ltr'>eonfer-</span> 
     </span>
     <span class='ocr_line' id='line_1_28' title="bbox 138 1934 1500 1990; baseline 0 -17"><span class='ocrx_word' id='word_1_214' title='bbox 138 1934 209 1974; x_wconf 89' lang='lat' dir='ltr'>tim</span> <span class='ocrx_word' id='word_1_215' title='bbox 241 1934 373 1988; x_wconf 87' lang='lat' dir='ltr'>magis</span> <span class='ocrx_word' id='word_1_216' title='bbox 406 1935 611 1988; x_wconf 85' lang='lat' dir='ltr'>utrimque</span> <span class='ocrx_word' id='word_1_217' title='bbox 642 1935 902 1990; x_wconf 76' lang='lat' dir='ltr'>pugnabant,</span> <span class='ocrx_word' id='word_1_218' title='bbox 941 1950 990 1976; x_wconf 90' lang='lat' dir='ltr'>eo</span> <span class='ocrx_word' id='word_1_219' title='bbox 1016 1935 1153 1989; x_wconf 89' lang='lat' dir='ltr'>plures</span> <span class='ocrx_word' id='word_1_220' title='bbox 1180 1934 1500 1975; x_wconf 88' lang='lat' dir='ltr'>vulnerabantur</span> 
     </span>
     <span class='ocr_line' id='line_1_29' title="bbox 138 1996 1500 2052; baseline 0 -17"><span class='ocrx_word' id='word_1_221' title='bbox 138 1996 249 2036; x_wconf 84' lang='lat' dir='ltr'>nullo</span> <span class='ocrx_word' id='word_1_222' title='bbox 274 1996 378 2037; x_wconf 90' lang='lat' dir='ltr'>inter</span> <span class='ocrx_word' id='word_1_223' title='bbox 403 2013 516 2038; x_wconf 88' lang='lat' dir='ltr'>arma</span> <span class='ocrx_word' id='word_1_224' title='bbox 541 2013 793 2052; x_wconf 87' lang='lat' dir='ltr'>corporaque</span> <span class='ocrx_word' id='word_1_225' title='bbox 819 2013 925 2038; x_wconf 73' lang='lat' dir='ltr'>vano</span> <span class='ocrx_word' id='word_1_226' title='bbox 955 1997 1223 2038; x_wconf 86' lang='lat' dir='ltr'>intercidente</span> <span class='ocrx_word' id='word_1_227' title='bbox 1256 1997 1349 2037; x_wconf 90' lang='lat' dir='ltr'>telo.</span> <span class='ocrx_word' id='word_1_228' title='bbox 1399 1996 1500 2050; x_wconf 91' lang='lat' dir='ltr'>pha-</span> 
     </span>
     <span class='ocr_line' id='line_1_30' title="bbox 139 2057 1501 2113; baseline 0.001 -17"><span class='ocrx_word' id='word_1_229' title='bbox 139 2057 262 2097; x_wconf 90' lang='lat' dir='ltr'>larica</span> <span class='ocrx_word' id='word_1_230' title='bbox 287 2065 372 2098; x_wconf 84' lang='lat' dir='ltr'>erat</span> <span class='ocrx_word' id='word_1_231' title='bbox 393 2058 648 2113; x_wconf 77' lang='lat' dir='ltr'>Saguntinis,</span> <span class='ocrx_word' id='word_1_232' title='bbox 675 2060 830 2100; x_wconf 84' lang='lat' dir='ltr'>missile</span> <span class='ocrx_word' id='word_1_233' title='bbox 857 2059 982 2100; x_wconf 88' lang='lat' dir='ltr'>telum</span> <span class='ocrx_word' id='word_1_234' title='bbox 1008 2059 1145 2099; x_wconf 86' lang='lat' dir='ltr'>hastili</span> <span class='ocrx_word' id='word_1_235' title='bbox 1170 2058 1346 2113; x_wconf 90' lang='lat' dir='ltr'>abiegno</span> <span class='ocrx_word' id='word_1_236' title='bbox 1372 2065 1412 2098; x_wconf 84' lang='lat' dir='ltr'>et</span> <span class='ocrx_word' id='word_1_237' title='bbox 1436 2072 1501 2097; x_wconf 89' lang='lat' dir='ltr'>ce-</span> 
     </span>
     <span class='ocr_line' id='line_1_31' title="bbox 140 2119 1499 2174; baseline 0.001 -16"><span class='ocrx_word' id='word_1_238' title='bbox 140 2126 225 2159; x_wconf 86' lang='lat' dir='ltr'>tera</span> <span class='ocrx_word' id='word_1_239' title='bbox 243 2120 358 2159; x_wconf 88' lang='lat' dir='ltr'>tereti</span> <span class='ocrx_word' id='word_1_240' title='bbox 377 2128 660 2174; x_wconf 85' lang='lat' dir='ltr'>praeterquam</span> <span class='ocrx_word' id='word_1_241' title='bbox 682 2122 733 2161; x_wconf 94' lang='lat' dir='ltr'>ad</span> <span class='ocrx_word' id='word_1_242' title='bbox 753 2129 994 2169; x_wconf 77' lang='lat' dir='ltr'>extremum,</span> <span class='ocrx_word' id='word_1_243' title='bbox 1022 2121 1128 2161; x_wconf 89' lang='lat' dir='ltr'>unde</span> <span class='ocrx_word' id='word_1_244' title='bbox 1148 2120 1301 2160; x_wconf 86' lang='lat' dir='ltr'>ferrum</span> <span class='ocrx_word' id='word_1_245' title='bbox 1322 2119 1499 2160; x_wconf 86' lang='lat' dir='ltr'>extabat.</span> 
     </span>
     <span class='ocr_line' id='line_1_32' title="bbox 140 2180 1500 2236; baseline 0.001 -17"><span class='ocrx_word' id='word_1_246' title='bbox 140 2180 198 2227; x_wconf 90' lang='lat' dir='ltr'>id,</span> <span class='ocrx_word' id='word_1_247' title='bbox 233 2181 337 2220; x_wconf 80' lang='lat' dir='ltr'>sicut</span> <span class='ocrx_word' id='word_1_248' title='bbox 361 2181 402 2221; x_wconf 92' lang='lat' dir='ltr'>in</span> <span class='ocrx_word' id='word_1_249' title='bbox 427 2183 529 2235; x_wconf 93' lang='lat' dir='ltr'>pilo,</span> <span class='ocrx_word' id='word_1_250' title='bbox 561 2184 807 2235; x_wconf 88' lang='lat' dir='ltr'>quadratum</span> <span class='ocrx_word' id='word_1_251' title='bbox 833 2190 982 2236; x_wconf 86' lang='lat' dir='ltr'>stuppa</span> <span class='ocrx_word' id='word_1_252' title='bbox 1013 2181 1353 2236; x_wconf 83' lang='lat' dir='ltr'>circumligabant</span> <span class='ocrx_word' id='word_1_253' title='bbox 1384 2181 1500 2221; x_wconf 89' lang='lat' dir='ltr'>linie-</span> 
     </span>
     <span class='ocr_line' id='line_1_33' title="bbox 141 2241 1497 2298; baseline 0.001 -17"><span class='ocrx_word' id='word_1_254' title='bbox 141 2241 319 2294; x_wconf 89' lang='lat' dir='ltr'>bantque</span> <span class='ocrx_word' id='word_1_255' title='bbox 344 2243 446 2296; x_wconf 88' lang='lat' dir='ltr'>pice.</span> <span class='ocrx_word' id='word_1_256' title='bbox 497 2244 649 2284; x_wconf 86' lang='lat' dir='ltr'>ferrum</span> <span class='ocrx_word' id='word_1_257' title='bbox 675 2251 811 2285; x_wconf 84' lang='lat' dir='ltr'>autem</span> <span class='ocrx_word' id='word_1_258' title='bbox 838 2251 919 2284; x_wconf 88' lang='lat' dir='ltr'>tres</span> <span class='ocrx_word' id='word_1_259' title='bbox 950 2244 1121 2298; x_wconf 89' lang='lat' dir='ltr'>longum</span> <span class='ocrx_word' id='word_1_260' title='bbox 1147 2243 1326 2284; x_wconf 83' lang='lat' dir='ltr'>habebat</span> <span class='ocrx_word' id='word_1_261' title='bbox 1358 2243 1497 2297; x_wconf 85' lang='lat' dir='ltr'>pedes,</span> 
     </span>
     <span class='ocr_line' id='line_1_34' title="bbox 141 2305 1498 2360; baseline 0.002 -18"><span class='ocrx_word' id='word_1_262' title='bbox 141 2312 184 2343; x_wconf 84' lang='lat' dir='ltr'>ut</span> <span class='ocrx_word' id='word_1_263' title='bbox 212 2318 305 2344; x_wconf 86' lang='lat' dir='ltr'>eum</span> <span class='ocrx_word' id='word_1_264' title='bbox 337 2305 459 2345; x_wconf 89' lang='lat' dir='ltr'>armis</span> <span class='ocrx_word' id='word_1_265' title='bbox 491 2306 730 2360; x_wconf 88' lang='lat' dir='ltr'>transfigere</span> <span class='ocrx_word' id='word_1_266' title='bbox 762 2321 908 2360; x_wconf 92' lang='lat' dir='ltr'>eorpus</span> <span class='ocrx_word' id='word_1_267' title='bbox 934 2313 1088 2360; x_wconf 88' lang='lat' dir='ltr'>posset.</span> <span class='ocrx_word' id='word_1_268' title='bbox 1139 2306 1212 2346; x_wconf 87' lang='lat' dir='ltr'>sed</span> <span class='ocrx_word' id='word_1_269' title='bbox 1236 2306 1278 2346; x_wconf 92' lang='lat' dir='ltr'>id</span> <span class='ocrx_word' id='word_1_270' title='bbox 1309 2305 1498 2352; x_wconf 77' lang='lat' dir='ltr'>maxime,</span> 
     </span>
     <span class='ocr_line' id='line_1_35' title="bbox 142 2365 1501 2421; baseline 0.002 -17"><span class='ocrx_word' id='word_1_271' title='bbox 142 2365 262 2405; x_wconf 86' lang='lat' dir='ltr'>etiam</span> <span class='ocrx_word' id='word_1_272' title='bbox 290 2366 323 2406; x_wconf 89' lang='lat' dir='ltr'>si</span> <span class='ocrx_word' id='word_1_273' title='bbox 349 2366 549 2407; x_wconf 85' lang='lat' dir='ltr'>haesisset</span> <span class='ocrx_word' id='word_1_274' title='bbox 575 2368 616 2407; x_wconf 93' lang='lat' dir='ltr'>in</span> <span class='ocrx_word' id='word_1_275' title='bbox 642 2375 757 2408; x_wconf 89' lang='lat' dir='ltr'>scuto</span> <span class='ocrx_word' id='word_1_276' title='bbox 782 2382 857 2408; x_wconf 90' lang='lat' dir='ltr'>nec</span> <span class='ocrx_word' id='word_1_277' title='bbox 883 2374 1140 2421; x_wconf 89' lang='lat' dir='ltr'>penetrasset</span> <span class='ocrx_word' id='word_1_278' title='bbox 1166 2368 1206 2407; x_wconf 92' lang='lat' dir='ltr'>in</span> <span class='ocrx_word' id='word_1_279' title='bbox 1233 2382 1401 2421; x_wconf 89' lang='lat' dir='ltr'>corpus,</span> <span class='ocrx_word' id='word_1_280' title='bbox 1430 2382 1501 2421; x_wconf 88' lang='lat' dir='ltr'>pa-</span> 
     </span>
     <span class='ocr_line' id='line_1_36' title="bbox 142 2428 1501 2482; baseline 0.002 -16"><span class='ocrx_word' id='word_1_281' title='bbox 142 2443 281 2467; x_wconf 77' lang='lat' dir='ltr'>vorem</span> <span class='ocrx_word' id='word_1_282' title='bbox 307 2428 499 2477; x_wconf 82' lang='lat' dir='ltr'>faciebat,</span> <span class='ocrx_word' id='word_1_283' title='bbox 533 2430 663 2482; x_wconf 89' lang='lat' dir='ltr'>quod,</span> <span class='ocrx_word' id='word_1_284' title='bbox 695 2444 789 2470; x_wconf 88' lang='lat' dir='ltr'>cum</span> <span class='ocrx_word' id='word_1_285' title='bbox 814 2429 994 2469; x_wconf 88' lang='lat' dir='ltr'>medium</span> <span class='ocrx_word' id='word_1_286' title='bbox 1021 2444 1242 2470; x_wconf 90' lang='lat' dir='ltr'>accensum</span> <span class='ocrx_word' id='word_1_287' title='bbox 1273 2430 1501 2470; x_wconf 86' lang='lat' dir='ltr'>mitteretur</span> 
     </span>
     <span class='ocr_line' id='line_1_37' title="bbox 142 2492 1498 2546; baseline 0.002 -17"><span class='ocrx_word' id='word_1_288' title='bbox 142 2498 465 2543; x_wconf 85' lang='lat' dir='ltr'>conceptumque</span> <span class='ocrx_word' id='word_1_289' title='bbox 503 2492 591 2545; x_wconf 90' lang='lat' dir='ltr'>ipso</span> <span class='ocrx_word' id='word_1_290' title='bbox 629 2498 744 2531; x_wconf 86' lang='lat' dir='ltr'>motu</span> <span class='ocrx_word' id='word_1_291' title='bbox 778 2492 906 2532; x_wconf 89' lang='lat' dir='ltr'>multo</span> <span class='ocrx_word' id='word_1_292' title='bbox 948 2492 1144 2532; x_wconf 82' lang='lat' dir='ltr'>maiorem</span> <span class='ocrx_word' id='word_1_293' title='bbox 1187 2492 1325 2546; x_wconf 84' lang='lat' dir='ltr'>ignem</span> <span class='ocrx_word' id='word_1_294' title='bbox 1362 2492 1498 2540; x_wconf 87' lang='lat' dir='ltr'>ferret,</span> 
     </span>
     <span class='ocr_line' id='line_1_38' title="bbox 142 2552 1499 2608; baseline 0.003 -18"><span class='ocrx_word' id='word_1_295' title='bbox 142 2567 254 2591; x_wconf 86' lang='lat' dir='ltr'>arma</span> <span class='ocrx_word' id='word_1_296' title='bbox 290 2552 419 2592; x_wconf 87' lang='lat' dir='ltr'>omitti</span> <span class='ocrx_word' id='word_1_297' title='bbox 456 2553 630 2608; x_wconf 83' lang='lat' dir='ltr'>cogebat</span> <span class='ocrx_word' id='word_1_298' title='bbox 666 2553 904 2606; x_wconf 88' lang='lat' dir='ltr'>nudumque</span> <span class='ocrx_word' id='word_1_299' title='bbox 941 2553 1110 2594; x_wconf 89' lang='lat' dir='ltr'>militem</span> <span class='ocrx_word' id='word_1_300' title='bbox 1148 2554 1200 2594; x_wconf 88' lang='lat' dir='ltr'>ad</span> <span class='ocrx_word' id='word_1_301' title='bbox 1236 2554 1499 2608; x_wconf 81' lang='lat' dir='ltr'>insequentes</span> 
     </span>
     <span class='ocr_line' id='line_1_39' title="bbox 141 2613 507 2667; baseline 0.005 -14"><span class='ocrx_word' id='word_1_302' title='bbox 141 2613 245 2653; x_wconf 69' lang='lat' dir='ltr'>ictus</span> <span class='ocrx_word' id='word_1_303' title='bbox 271 2614 507 2667; x_wconf 82' lang='lat' dir='ltr'>praebebat.</span> 
     </span>
    </p>

    <p class='ocr_par' dir='ltr' id='par_1_4' title="bbox 227 2675 1499 2733">
     <span class='ocr_line' id='line_1_40' title="bbox 227 2675 1499 2733; baseline 0.002 -17"><span class='ocrx_word' id='word_1_304' title='bbox 227 2675 371 2717; x_wconf 80' lang='lat' dir='ltr'>VIIII.</span> <span class='ocrx_word' id='word_1_305' title='bbox 423 2677 531 2718; x_wconf 79' lang='lat' dir='ltr'>Cum</span> <span class='ocrx_word' id='word_1_306' title='bbox 556 2678 626 2717; x_wconf 89' lang='lat' dir='ltr'>diu</span> <span class='ocrx_word' id='word_1_307' title='bbox 651 2692 801 2732; x_wconf 88' lang='lat' dir='ltr'>anceps</span> <span class='ocrx_word' id='word_1_308' title='bbox 834 2678 979 2719; x_wconf 86' lang='lat' dir='ltr'>suisset</span> <span class='ocrx_word' id='word_1_309' title='bbox 1012 2684 1235 2727; x_wconf 88' lang='lat' dir='ltr'>certamen,</span> <span class='ocrx_word' id='word_1_310' title='bbox 1268 2684 1308 2718; x_wconf 85' lang='lat' dir='ltr'>et</span> <span class='ocrx_word' id='word_1_311' title='bbox 1335 2677 1499 2733; x_wconf 83' lang='lat' dir='ltr'>Sagun-</span> 
     </span>
    </p>
   </div>
   <div class='ocr_carea' id='block_1_3' title="bbox 1521 645 1539 674">
    <p class='ocr_par' dir='ltr' id='par_1_5' title="bbox 1521 645 1539 674">
     <span class='ocr_line' id='line_1_41' title="bbox 1521 645 1539 674; textangle 90"><span class='ocrx_word' id='word_1_312' title='bbox 1521 645 1539 674; x_wconf 59' lang='lat'>10</span> 
     </span>
    </p>
   </div>
   <div class='ocr_carea' id='block_1_4' title="bbox 1525 1636 1543 1666">
    <p class='ocr_par' dir='ltr' id='par_1_6' title="bbox 1525 1636 1543 1666">
     <span class='ocr_line' id='line_1_42' title="bbox 1525 1636 1543 1666; baseline 0 0"><span class='ocrx_word' id='word_1_313' title='bbox 1525 1636 1543 1666; x_wconf 83' lang='lat'><em>8</em></span> 
     </span>
    </p>
   </div>
   <div class='ocr_carea' id='block_1_5' title="bbox 1527 1887 1544 1915">
    <p class='ocr_par' dir='ltr' id='par_1_7' title="bbox 1527 1887 1544 1915">
     <span class='ocr_line' id='line_1_43' title="bbox 1527 1887 1544 1915; baseline 0 0"><span class='ocrx_word' id='word_1_314' title='bbox 1527 1887 1544 1915; x_wconf 83' lang='lat'><strong>9</strong></span> 
     </span>
    </p>
   </div>
   <div class='ocr_carea' id='block_1_6' title="bbox 1529 2009 1568 2037">
    <p class='ocr_par' dir='ltr' id='par_1_8' title="bbox 1529 2009 1568 2037">
     <span class='ocr_line' id='line_1_44' title="bbox 1529 2009 1568 2037; baseline 0 0"><span class='ocrx_word' id='word_1_315' title='bbox 1529 2009 1568 2037; x_wconf 87' lang='lat'>10</span> 
     </span>
    </p>
   </div>
   <div class='ocr_carea' id='block_1_7' title="bbox 1528 2257 1565 2285">
    <p class='ocr_par' dir='ltr' id='par_1_9' title="bbox 1528 2257 1565 2285">
     <span class='ocr_line' id='line_1_45' title="bbox 1528 2257 1565 2285; baseline 0.027 -1"><span class='ocrx_word' id='word_1_316' title='bbox 1528 2257 1565 2285; x_wconf 92' lang='grc'>11</span> 
     </span>
    </p>
   </div>
   <div class='ocr_carea' id='block_1_8' title="bbox 1529 2442 1566 2471">
    <p class='ocr_par' dir='ltr' id='par_1_10' title="bbox 1529 2442 1566 2471">
     <span class='ocr_line' id='line_1_46' title="bbox 1529 2442 1566 2471; baseline -0.027 0"><span class='ocrx_word' id='word_1_317' title='bbox 1529 2442 1566 2471; x_wconf 80' lang='grc'>12</span> 
     </span>
    </p>
   </div>
   <div class='ocr_carea' id='block_1_9' title="bbox 1531 2692 1538 2719">
    <p class='ocr_par' dir='ltr' id='par_1_11' title="bbox 1531 2692 1538 2719">
     <span class='ocr_line' id='line_1_47' title="bbox 1531 2692 1538 2719; baseline 0 0"><span class='ocrx_word' id='word_1_318' title='bbox 1531 2692 1538 2719; x_wconf 92' lang='grc' dir='ltr'>Ι</span> 
     </span>
    </p>
   </div>
  </div>
 </body>
</html>
