1815 3184
471 231 625 265 LIBER
649 230 761 274 xm,
787 231 842 264 44.
860 230 914 264 45.
942 232 990 274 [a.
1006 229 1045 265 0.
1059 229 1141 274 218]
1429 222 1482 262 37

135 342 246 377 1111110
273 334 468 376 audacius
495 334 723 388 fortiusque
748 333 968 389 pugnaturi
998 348 1122 386 quam
1152 332 1300 382 hostis,
1333 339 1486 387 quanto

134 398 262 438 maior
288 411 400 451 spes,
429 396 557 437 maior
582 402 644 436 est
668 396 827 436 animus
853 394 1063 435 inferentis
1089 395 1171 435 vim
1197 410 1320 448 quam
1347 410 1486 436 areen-

133 461 197 505 tis.
248 459 432 500 accendit
463 466 672 512 praeterea
702 465 741 498 et
774 457 954 497 stimulat
984 457 1141 498 animos
1167 457 1293 506 dolor,
1326 457 1484 506 iniuria,
1514 468 1532 495 1

133 521 367 576 indignitas.
418 520 470 560 ad
501 519 746 574 supplicium
778 519 1105 573 depoposcerunt
1136 533 1201 560 me
1233 520 1378 559 ducem
1405 519 1486 573 pri-

133 598 265 632 mum,
304 583 450 622 deinde
482 597 554 622 vos
587 596 748 630 omnes,
786 582 855 634 qui
889 580 1122 635 Saguntum
1154 581 1484 635 oppugnassetis,

133 645 292 685 deditos
318 644 471 685 ultimis
498 642 743 684 cruciatibus
770 642 968 683 adfecturi
988 642 1164 683 fuerunt.
1203 643 1485 684 crudelissima
1511 657 1530 685 5

132 722 179 747 110
206 706 501 760 superbissima
525 720 628 760 gens
655 721 729 745 sua
748 705 885 745 omnia
905 705 1048 757 suique
1070 704 1223 745 arbitrii
1242 704 1352 745 facit.
1392 720 1485 745 cum

132 768 281 821 quibus
309 759 480 816 bellum,
507 782 600 808 cum
627 766 776 820 quibus
803 781 943 820 pacem
971 766 1214 815 habeamus,
1248 781 1291 807 se-
1318 767 1486 807 modum

132 830 325 884 inponere
351 843 494 869 aecum
521 835 672 868 censet.
710 827 1006 868 circumscribit
1030 828 1281 881 includitque
1307 843 1381 869 nos
1408 836 1487 868 ter—

132 891 253 931 minis
273 890 471 931 montium
491 889 808 942 fluminumque,
836 903 937 941 quos
957 903 1039 929 non
1059 889 1326 937 excedamus,
1352 904 1485 942 neque

132 967 200 993 005
227 966 329 1005 quos
356 951 496 991 statuit
521 951 716 991 terminos
749 950 953 990 observat.
1006 954 1088 990 “ne
1121 951 1328 991 transieris
1354 950 1487 992 Hibe·
1513 965 1530 994 6

130 1013 239 1054 1111111
277 1027 327 1053 110
359 1012 458 1065 quid
488 1012 545 1052 rei
578 1011 650 1052 tibi
681 1012 733 1052 sit
765 1025 858 1051 cum
886 1010 1147 1065 Saguntinis!
1184 1011 1255 1063 (ad
1283 1012 1486 1052 Hiberum

130 1081 192 1115 est
230 1073 482 1128 Saguntum)
524 1088 730 1125 nusquam
767 1079 805 1113 te
842 1073 1017 1127 vestigio
1055 1072 1280 1113 11101’01·15Σ”
1339 1088 1484 1127 parum
1513 1089 1529 1116 7

130 1143 192 1177 est
227 1136 337 1189 quod
373 1135 610 1175 veterrimas
643 1134 874 1188 provincias
908 1149 1020 1174 mcas
1055 1133 1238 1175 Siciliam
1270 1149 1316 1175 ac
1346 1134 1486 1176 Sardi-

127 1198 238 1238 niam
264 1197 437 1237 adimis?
469 1196 590 1237 etiam
616 1195 870 1250 Hispanias?
906 1203 945 1236 et
969 1195 1063 1236 inde
1090 1210 1272 1236 cessero:
1304 1196 1345 1236 in
1370 1196 1486 1236 Afri-

130 1274 219 1299 cam
245 1258 521 1299 transcendes,
565 1257 829 1299 transcendes
856 1263 991 1297 autem
1019 1257 1134 1297 dico?
1165 1257 1267 1298 duos
1294 1258 1484 1298 consules

128 1321 249 1361 huius
293 1320 407 1369 anni,
450 1335 577 1359 unum
615 1319 656 1360 in
693 1319 899 1367 Africam,
943 1319 1116 1359 alterum
1159 1319 1199 1358 in
1237 1319 1484 1373 Hispaniam

128 1383 339 1423 miserunt.
387 1378 488 1422 nihil
519 1396 693 1435 usquam
727 1381 844 1422 nobis
876 1381 1062 1421 relictum
1095 1388 1155 1422 est
1182 1382 1260 1422 nisi
1285 1382 1396 1435 quod
1422 1398 1485 1422 ar-

128 1444 205 1484 mis
231 1444 545 1484 vindicaremus.
595 1443 673 1483 illis
700 1443 851 1484 timidis
879 1450 917 1483 et
950 1443 1110 1497 ignavis
1142 1457 1232 1484 esse
1263 1443 1376 1492 licet,
1415 1444 1484 1497 qui
1511 1457 1530 1486 8

128 1513 358 1559 respectum
384 1505 552 1554 habent,
585 1505 695 1558 quod
722 1521 797 1546 sua
822 1512 944 1554 terra,
980 1520 1079 1546 suus
1105 1520 1204 1560 ager
1228 1520 1301 1560 per
1326 1513 1413 1546 tuta
1438 1521 1486 1546 ae

128 1574 272 1621 pacata
296 1567 440 1607 itinera
465 1567 670 1622 fugientes
696 1567 915 1621 accipient:
942 1567 1060 1608 vobis
1086 1582 1256 1608 necesse
1283 1575 1345 1608 est
1370 1568 1485 1608 forti-

130 1629 206 1669 bus
232 1629 328 1669 viris
355 1643 445 1669 esse
471 1637 511 1668 et
535 1628 724 1669 omnibus
750 1629 855 1669 inter
879 1629 1090 1669 victoriam
1117 1636 1342 1670 mortemve
1374 1636 1484 1669 certa

128 1690 410 1744 desperatione
436 1690 619 1744 abruptis
645 1697 715 1730 aut
741 1690 902 1730 vincere
934 1697 1022 1739 aut,
1063 1690 1097 1730 si
1128 1690 1293 1731 fortuna
1324 1691 1484 1732 dubita-

127 1753 203 1801 bit,
238 1753 280 1792 in
304 1753 458 1807 proelio
484 1752 619 1806 potius
646 1767 770 1805 quam
795 1752 837 1792 in
862 1752 964 1807 fuga
988 1759 1161 1793 mortem
1187 1760 1392 1807 oppetere.
1449 1753 1484 1793 si
1510 1765 1527 1795 9
1580 1796 1581 1799 ,

127 1813 203 1855 1100
230 1813 351 1866 (bene
376 1814 522 1867 fixum)
556 1814 744 1855 omnibus
776 1814 1026 1854 destinatum
1058 1814 1099 1854 in
1130 1815 1266 1855 animo
1292 1822 1372 1864 est,
1410 1815 1485 1855 ite—

128 1891 216 1915 rum
242 1876 394 1925 dicam,
426 1876 600 1916 vicistis:
633 1876 790 1916 nullum
813 1876 1122 1916 incitamentum
1153 1877 1206 1916 ad
1236 1876 1484 1917 vincendum

127 1936 281 1977 homini
306 1936 357 1978 ab
382 1937 444 1977 dis
472 1937 754 1977 inmortalibus
781 1937 914 1977 acrius
941 1937 1082 1978 datum
1109 1938 1196 1978 est?

210 1998 457 2039 XXXXV.
496 1999 576 2039 His
596 1998 948 2039 adhortationibus
970 2014 1064 2039 cum
1091 1999 1295 2052 utrimque
1321 1999 1373 2039 ad
1399 2013 1484 2038 ccr-
1514 2014 1526 2042 1

129 2068 265 2099 tamen
295 2061 457 2101 accensi
487 2061 660 2100 militum
687 2061 812 2101 animi
838 2068 995 2110 essent,
1021 2061 1200 2102 Romani
1225 2067 1348 2115 ponte
1375 2061 1486 2102 Tici-

129 2136 227 2160 num
263 2121 437 2176 iungunt
473 2123 713 2175 tutandique
748 2123 884 2177 pontis
917 2137 1045 2163 01111511·
1073 2123 1285 2163 0115101111111
1317 2123 1485 2177 insuper

130 2182 346 2236 inponunt,
384 2183 549 2224 Poenus
581 2183 768 2224 hostibus
802 2199 923 2238 opere
955 2185 1164 2238 occupatis
1197 2184 1483 2225 Maharbalem
1509 2199 1528 2228 ‘2

130 2259 223 2283 cum
251 2244 314 2284 ala
333 2244 621 2294 Numidarum,
649 2245 852 2298 equitibus
878 2246 1133 2301 quingentis,
1161 2246 1213 2286 ad
1232 2246 1485 2300 depopulan-

130 2305 203 2345 dos
239 2306 441 2346 sociorum
477 2307 618 2360 populi
649 2307 826 2347 Romani
863 2322 984 2361 agros
1022 2307 1162 2356 mittit,
1203 2306 1334 2348 Gallis
1371 2309 1482 2362 parci
1510 2321 1528 2351 3

131 2382 254 2419 quam
282 2367 458 2408 maxime
482 2367 594 2408 iubet
619 2368 930 2422 principumque
957 2369 1113 2409 animos
1140 2370 1191 2409 ad
1212 2369 1483 2410 defectionem

131 2428 349 2468 sollicitari.
405 2436 527 2482 ponte
564 2430 744 2483 perfecto
781 2430 989 2471 traductus
1026 2430 1240 2471 Romanus
1279 2432 1481 2472 exercitus

129 2490 169 2529 in
196 2505 339 2544 agrum
365 2490 601 2531 Insubrium
632 2491 812 2545 quinque
842 2491 954 2532 milia
984 2507 1153 2546 passum
1185 2508 1209 2533 a
1233 2492 1480 2534 Victumulis

133 2552 329 2591 consedit.

212 2613 276 2654 Ibi
296 2614 507 2655 Hannibal
532 2621 664 2655 castra
683 2614 878 2664 habebat,
906 2622 1176 2669 revocatoque
1195 2631 1367 2670 propere
1387 2616 1481 2657 Ma-
1507 2632 1523 2660 4

131 2675 296 2716 harbale
327 2684 448 2729 atque
480 2676 702 2730 equitibus,
741 2692 833 2717 cum
866 2677 1016 2718 instare
1048 2686 1251 2719 certamen
1284 2687 1477 2728 cerneret,
