1815 3184
516 252 668 286 LIBER
691 253 859 297 xxnn,
885 253 937 286 29.
967 255 1014 296 [a.
1030 251 1164 295 0214]
1441 243 1521 283 193

167 371 272 410 quae
307 355 458 410 legatio
494 361 798 410 peropportuna
833 356 921 396 visa
957 356 1009 396 ad
1045 355 1345 396 multitudinem
1381 355 1522 396 incon-

167 419 293 458 ditam
330 432 377 458 ac
413 417 708 458 tumultuosam
745 418 1046 458 exonerandam
1082 417 1289 470 ducesque
1326 417 1413 457 eius
1450 416 1522 457 ab-

166 479 378 533 legandos.
461 478 738 533 Hippocrates
786 485 949 533 praetor
996 479 1144 519 ducere
1193 493 1240 518 eo
1283 478 1519 533 transfugas

165 541 349 596 iussus31
384 540 513 580 secuti
554 540 671 580 multi
712 555 763 580 ex
803 540 1090 581 mercennariis
1134 540 1295 580 auxiliis
1332 546 1523 593 quattuor

167 602 278 642 milia
309 608 557 642 armatorum
589 602 823 642 effecerunt.
884 609 924 642 et
953 601 1205 642 mittentibus
1237 608 1276 642 et
1306 602 1443 642 missis
1474 616 1522 641 ea

166 663 273 704 laeta
298 664 502 718 expeditio
527 663 622 704 fuit:
659 679 755 703 nam
782 670 819 704 et
845 663 943 712 illis,
971 663 1081 716 quod
1099 663 1180 703 iam
1199 663 1269 703 diu
1289 662 1519 716 cupiebant,

166 726 346 765 novandi
381 740 446 766 res
482 725 643 765 occasio
679 725 774 765 data
809 731 887 774 est,
926 731 965 765 et
999 725 1042 765 hi
1079 725 1279 765 sentinam
1315 725 1521 777 quandam

166 786 279 826 urbis
315 787 392 827 rati
427 786 670 827 exhaustam
712 786 980 827 laetabantur.
1063 793 1242 827 ceterum
1283 786 1522 827 levaverunt

165 849 288 889 modo
324 849 366 889 in
402 849 633 903 praesentia
668 849 779 889 velut
815 863 963 902 corpus
1001 863 1188 903 aegrum,
1237 863 1318 901 quo
1353 863 1451 888 mox
1479 849 1522 888 in

165 911 397 965 graviorem
422 910 609 951 morbum
634 910 844 950 recideret.
905 910 1180 963 Hippocrates
1213 911 1321 950 enim
1351 910 1523 950 finitima

164 972 399 1026 provinciae
424 972 636 1012 Romanae
667 971 799 1025 primo
831 971 991 1011 furtivis
1025 971 1335 1012 excursionibus
1360 978 1522 1012 vastare

166 1034 317 1087 coepit3
355 1033 519 1081 deinde,
558 1047 652 1072 cum
677 1033 730 1072 ad
760 1032 933 1072 tuendos
967 1031 1171 1072 sociorum
1202 1047 1322 1087 agros
1348 1033 1521 1072 missum

165 1094 216 1135 ab
247 1094 387 1148 Appio
418 1094 667 1148 praesidium
699 1099 825 1142 esset,
870 1092 1059 1134 omnibus
1092 1093 1220 1147 copiis
1251 1094 1450 1147 impetum
1480 1094 1522 1133 in

165 1157 398 1210 oppositam
419 1155 637 1196 stationem
657 1169 751 1195 cum
771 1154 896 1195 caede
914 1154 1137 1195 multorum
1155 1154 1264 1195 fecit.
1303 1169 1407 1207 quae
1428 1169 1521 1195 cum

164 1223 303 1257 essent
344 1217 528 1257 nuntiata
568 1216 786 1265 Marcello,
841 1216 999 1271 legatos
1042 1216 1247 1270 extemplo
1291 1216 1521 1270 Syracusas

163 1278 292 1327 misit,
329 1278 401 1331 qui
424 1278 538 1332 pacis
564 1278 687 1318 fidem
711 1284 873 1332 ruptam
905 1292 995 1318 esse
1021 1278 1203 1318 dicerent
1232 1292 1307 1318 nec
1332 1278 1429 1318 belli
1453 1278 1522 1318 de-

163 1341 344 1380 futuram
381 1354 577 1393 umquam
615 1355 800 1389 causam,
844 1340 922 1380 nisi
952 1338 1229 1394 Hippocrates
1267 1346 1389 1392 atque
1421 1338 1522 1393 Epi-

164 1401 289 1455 cydes
314 1415 395 1441 non
421 1401 472 1442 ab
500 1400 718 1455 Syracusis
746 1402 887 1451 modo,
921 1408 982 1442 set
1007 1408 1091 1442 tota
1115 1401 1257 1455 procul
1285 1399 1426 1442 Sicilia
1451 1400 1522 1441 ab-

164 1463 408 1517 legarentur.
445 1463 674 1517 Epicydes,
701 1478 752 1503 ne
774 1470 844 1504 aut
861 1478 955 1504 reus
975 1463 1154 1504 criminis
1181 1462 1363 1504 absentis
1384 1463 1520 1503 fratris

164 1538 359 1578 praesens
386 1531 495 1565 esset
519 1532 589 1565 aut
613 1525 775 1565 deesset
798 1539 872 1579 pro
897 1531 1011 1579 parte
1039 1539 1113 1565 sua
1132 1525 1374 1565 concitando
1399 1524 1519 1573 bello,

164 1585 371 1640 profectus
409 1591 448 1626 et
482 1585 571 1640 ipse
606 1586 649 1626 in
677 1587 924 1635 Leontinos,
963 1587 1059 1639 quia
1090 1587 1188 1627 satis
1220 1601 1289 1627 eos
1322 1586 1519 1627 adversus

164 1647 361 1701 populum
376 1648 608 1688 Romanum
633 1648 856 1689 concitatos
883 1648 1087 1697 cernebat,
1114 1655 1296 1688 avertere
1321 1648 1444 1688 etiam
1469 1647 1520 1687 ab

167 1708 384 1763 Syracusis
411 1709 560 1763 coepit:
598 1725 693 1750 nam
722 1710 780 1750 ita
810 1724 879 1750 eos
910 1723 1054 1763 pacem
1078 1709 1287 1763 pepigisse
1319 1723 1412 1749 cum
1436 1709 1521 1749 Ro-

165 1771 310 1820 manis,
337 1778 392 1819 ut,
420 1771 667 1824 quicumque
692 1771 833 1824 populi
853 1770 928 1810 sub
948 1769 1115 1824 regibus
1141 1770 1329 1819 fuissent,
1356 1776 1396 1810 et
1421 1784 1519 1810 suae

165 1833 336 1873 dicionis
375 1839 530 1882 essent3
578 1848 653 1873 nec
689 1833 770 1873 iam
805 1831 992 1872 libertate
1028 1839 1240 1872 contentos
1277 1846 1392 1881 esse,
1441 1831 1521 1872 nisi

165 1895 286 1934 etiam
322 1902 495 1948 regnent
530 1909 577 1935 ac
613 1894 883 1935 dominentur.
943 1894 1259 1934 renuntiandum
1299 1894 1425 1948 igitur
1460 1894 1518 1934 eis

164 1970 273 2003 esse,
299 1956 529 1996 Leontinos
555 1970 719 2009 quoque
745 1970 922 2008 aequum
948 1969 1113 1996 censere
1137 1955 1286 1996 liberos
1313 1970 1423 2004 esse,
1455 1955 1519 1995 vel

164 2017 275 2070 quod
305 2017 347 2057 in
379 2017 465 2058 solo
495 2017 608 2058 urbis
641 2032 737 2058 suae
769 2024 966 2071 tyrannus
998 2017 1188 2058 ceciderit
1223 2017 1288 2057 vel
1323 2017 1434 2070 quod
1463 2016 1520 2057 ibi

164 2079 342 2132 primum
367 2079 666 2120 conclamatum
697 2079 749 2119 ad
773 2079 1003 2119 libertatem
1032 2078 1266 2131 relictisque
1296 2079 1419 2133 regiis
1446 2079 1520 2118 du-

165 2139 280 2180 cibus
310 2139 537 2193 Syracusas
564 2155 807 2181 concursum
836 2139 940 2194 [sit]
1001 2140 1138 2192 itaque
1164 2146 1231 2180 aut
1258 2139 1519 2180 eximendum

164 2201 206 2241 id
231 2201 280 2241 de
305 2201 470 2242 foedere
496 2217 587 2243 esse
613 2208 681 2243 aut
711 2202 846 2257 legem
878 2217 968 2242 eam
999 2201 1176 2242 foederis
1207 2216 1288 2242 non
1319 2201 1521 2255 accipien-

165 2264 271 2304 dam.
331 2264 450 2304 facile
488 2265 739 2305 multitudini
773 2280 1036 2319 persuasum,
1073 2264 1302 2319 legatisque
1341 2262 1519 2317 Syracu-

165 2340 356 2366 sanorum
393 2333 432 2366 et
468 2326 518 2367 de
554 2327 678 2367 caede
716 2327 900 2368 stationis
931 2326 1143 2367 Romanae
1179 2325 1442 2379 querentibus
1480 2333 1520 2365 et

163 2387 448 2441 Hippocraten
483 2395 605 2441 atque
631 2388 846 2443 Epicyden
883 2388 994 2429 abire
1032 2402 1105 2428 seu
1129 2388 1290 2428 Locros
1328 2402 1401 2427 seu
1438 2401 1519 2440 quo

163 2449 242 2490 alio
268 2449 452 2498 mallent,
490 2450 713 2491 dummodo
742 2449 883 2491 Silicia
908 2450 1114 2498 cederent,
1152 2448 1387 2489 iubentibus
1413 2448 1520 2489 fero-

163 2511 262 2551 citer
297 2525 541 2565 responsum
577 2518 656 2561 est,
693 2524 825 2564 neque
856 2511 1075 2552 mandasse
1107 2525 1197 2551 sese
1230 2509 1515 2564 Syracusanis,

161 2579 205 2613 ut
241 2587 385 2627 pacem
421 2589 494 2628 pro
532 2588 574 2614 se
611 2588 704 2614 cum
739 2573 938 2614 Romanis
976 2572 1174 2621 facerent,
1223 2586 1355 2624 neque
1391 2571 1519 2612 teneri

161 2635 304 2676 alienis
324 2635 572 2677 foederibus.
604 2635 706 2675 haec
719 2635 771 2675 ad
785 2635 996 2676 Romanos
1008 2633 1259 2688 Syracusani
1273 2633 1514 2681 detulerunt,

160 2695 377 2738 abnuentis
403 2697 631 2738 Leontinos
658 2697 699 2736 in
724 2711 798 2737 sua
822 2701 1024 2750 potestate
1049 2709 1158 2736 esse:
1195 2695 1332 2747 itaque
1356 2694 1516 2749 integro

230 2763 292 2790 Livi
311 2764 364 2791 vol.
378 2762 415 2790 11.
1247 2760 1290 2794 13

1547 922 1566 950 4

1547 1475 1565 1504 6

1546 2154 1562 2182 9

1546 2276 1586 2305 10

1545 2523 1582 2551 11

1544 2645 1583 2674 12
