1815 3184
301 991 317 1018 *1

299 1300 318 1330 8

299 1424 316 1453 9

279 1673 319 1701 10

279 1797 315 1825 11

281 2179 319 2209 13

281 2293 321 2321 14

282 2478 321 2507 15

343 250 426 290 5292
681 255 837 290 LIBER
861 256 1006 301 XXVI,
1032 257 1088 291 24.
1116 259 1211 300 [a.u.
1227 258 1352 302 0.543]

342 360 541 400 Romanis
568 358 729 400 colendi
754 359 904 409 socios,
943 374 994 400 ex
1025 359 1174 413 quibus
1201 360 1301 402 alios
1332 361 1375 401 in
1405 362 1610 403 civitatem
1635 372 1695 405 at-

343 435 422 474 que
453 436 631 474 aequum
662 436 802 462 secum
837 422 901 462 ius
938 422 1210 476 accepissent,
1249 422 1349 463 alios
1384 423 1426 463 in
1457 439 1505 464 ea
1533 424 1697 466 fortuna

343 481 557 531 haberent,
584 490 629 522 ut
655 483 755 523 socii
780 497 870 523 esse
895 497 1019 536 quam
1045 484 1154 524 cives
1174 484 1368 525 mallenti
1384 484 1557 526 Aetolos
1583 500 1631 526 eo
1654 487 1697 526 in

341 544 494 584 maiore
519 544 678 585 futuros
704 544 877 594 honore,
915 545 1025 598 quod
1055 545 1239 600 gentium
1269 547 1631 587 transmarinarum
1655 548 1697 587 in

342 606 561 646 amicitiam
586 607 706 660 primi
736 607 958 647 venissent.
1018 607 1257 662 Philippum
1289 608 1346 649 eis
1379 616 1418 649 et
1442 608 1696 650 Macedonas

341 667 480 722 gravis
518 668 678 708 accolas
717 683 824 717 esse,
867 683 1042 722 quorum
1079 684 1122 709 se
1158 670 1241 710 vim
1272 685 1319 710 ac
1351 670 1515 724 spiritus
1548 680 1586 711 et
1615 671 1698 711 iam

342 729 517 783 fregisse
544 737 583 770 et
608 744 656 770 eo
680 730 940 771 redacturum
966 745 1075 780 esse,
1113 738 1157 771 ut
1181 746 1265 772 non
1288 732 1337 772 iis
1363 732 1486 772 modo
1510 731 1695 780 urbibus,

343 805 445 843 quas
476 806 549 845 per
579 792 662 832 vim
694 793 944 833 ademissent
973 793 1152 843 Aetolis,
1197 794 1414 843 excedant,
1458 795 1532 835 sed
1566 795 1698 849 ipsam

342 852 633 894 Macedoniam
658 854 851 895 infestam
876 854 1066 896 habeant.
1105 861 1144 896 et
1157 854 1419 905 Acarnanas,
1446 871 1549 909 quos
1575 871 1698 911 aegre

342 914 494 956 ferrent
526 916 665 957 Aetoli
697 933 719 957 a
751 931 919 971 corpore
951 932 1025 958 suo
1058 917 1298 972 diremptos,
1341 918 1623 958 restituturum
1656 933 1699 958 se

343 977 385 1017 in
411 978 620 1032 antiquam
646 979 864 1020 formulam
894 979 1075 1033 iurisque
1107 994 1153 1020 ac
1185 980 1357 1021 dicionis
1384 995 1538 1021 eorum.
1597 979 1699 1020 haec

343 1041 450 1081 dicta
476 1042 761 1095 promissaque
788 1058 811 1082 a
835 1042 1023 1083 Romano
1048 1043 1291 1096 imperatore
1314 1041 1491 1096 Scopas,
1518 1042 1587 1096 qui
1612 1049 1699 1082 tum

342 1112 505 1156 praetor
539 1104 673 1158 gentis
711 1115 813 1153 erat,
853 1112 891 1145 et
921 1104 1200 1145 Dorimachus
1236 1105 1425 1159 princeps
1455 1104 1699 1145 Aetolorum

344 1164 661 1206 adfirmaverunt
688 1166 926 1206 auctoritate
953 1181 1044 1215 sua,
1083 1167 1238 1206 minore
1270 1181 1363 1206 cum
1387 1166 1632 1206 verecundia
1660 1172 1699 1205 et

344 1226 497 1267 maiore
528 1241 622 1267 cum
651 1227 731 1268 fide
762 1228 846 1268 vim
878 1228 1216 1281 maiestatemque
1247 1228 1388 1282 populi
1416 1227 1594 1268 Romani
1630 1242 1700 1268 ex-

344 1288 544 1330 tollentes.
605 1290 784 1330 maxime
810 1297 947 1330 tamen
979 1305 1073 1344 spes
1104 1290 1326 1344 potiundae
1351 1289 1543 1330 movebat
1567 1288 1699 1330 Acar-

342 1351 501 1392 naniae.
561 1352 686 1407 igitur
711 1353 965 1406 conscriptae
997 1353 1276 1400 condiciones,
1315 1352 1463 1405 quibus
1488 1352 1531 1392 in
1561 1352 1700 1392 amici-

344 1413 441 1453 tiam
469 1414 787 1466 societatemque
812 1415 953 1468 populi
977 1414 1155 1455 Romani
1180 1414 1380 1462 venirent,
1419 1414 1697 1466 additumque,

343 1482 387 1515 ut
414 1476 448 1515 si
472 1476 650 1529 placeret
680 1476 930 1528 vellentque,
970 1476 1114 1516 eodem
1144 1476 1231 1515 iure
1263 1475 1464 1515 amicitiae
1494 1475 1587 1515 Elei
1615 1475 1701 1516 La-

344 1536 679 1590 cedaemoniique
717 1545 755 1578 et
791 1538 958 1578 Attalus
1003 1545 1040 1578 ct
1076 1537 1295 1578 Pleuratus
1333 1546 1373 1578 et
1411 1536 1699 1578 Scerdilaedus

344 1610 499 1647 essent,
537 1599 666 1640 Asiae
697 1599 883 1649 Attalus,
921 1600 963 1640 hi
995 1600 1202 1640 Thracum
1234 1608 1272 1640 et
1297 1599 1531 1653 Illyriorum
1561 1613 1679 1655 reges
1690 1616 1700 1649 ;

344 1659 497 1701 bellum
533 1669 577 1701 ut
615 1662 819 1716 extemplo
844 1662 985 1703 Aetoli
1015 1677 1110 1702 cum
1133 1662 1327 1716 Philippo
1358 1670 1465 1702 terra
1494 1669 1699 1717 gererent:

344 1722 519 1763 navibus
557 1738 608 1764 ne
645 1724 779 1765 minus
820 1724 965 1779 viginti
1006 1725 1187 1778 quinque
1229 1724 1592 1777 quinqueremibus
1630 1724 1701 1765 ad-

344 1783 501 1825 iuvaret
525 1785 759 1835 Romanus3
808 1785 971 1826 urbium
997 1785 1203 1840 Corcyrae
1229 1794 1348 1827 tenus
1375 1786 1425 1828 ab
1450 1786 1617 1827 Aetolia
1640 1786 1702 1826 in-

345 1847 509 1901 cipienti
536 1848 669 1889 solum
695 1856 883 1902 tectaque
909 1856 947 1889 et
972 1849 1078 1889 muri
1097 1864 1190 1889 cum
1216 1849 1325 1904 agris
1339 1848 1596 1898 Aetolorum,
1623 1849 1703 1889 alia

345 1909 476 1950 omnis
514 1911 666 1964 praeda
707 1911 850 1965 populi
885 1911 1061 1952 Romani
1099 1918 1225 1960 esset,
1275 1911 1498 1964 darentque
1535 1925 1700 1965 operam

345 1970 540 2021 Romani,
567 1980 610 2013 ut
635 1973 915 2014 Acarnaniam
933 1973 1073 2014 Aetoli
1097 1973 1293 2014 haberent
1302 1990 1312 2022 3
1340 1973 1374 2013 si
1392 1972 1533 2013 Aetoli
1556 1987 1702 2027 pacem

345 2048 439 2074 cum
474 2034 668 2089 Philippo
705 2035 904 2084 facerent,
954 2035 1110 2076 foederi
1145 2035 1442 2084 adscriberent,
1485 2035 1543 2075 ita
1571 2042 1702 2075 ratam

344 2096 432 2137 fore
457 2112 619 2151 pacem,
648 2097 682 2137 si
707 2097 924 2151 Philippus
951 2113 1063 2138 arma
1089 2097 1139 2138 ab
1159 2097 1357 2138 Romanis
1385 2097 1588 2150 sociisque
1614 2097 1704 2150 qui-

346 2173 425 2211 que
452 2174 592 2200 eorum
618 2159 789 2200 dicionis
816 2167 954 2200 essent
985 2159 1268 2200 abstinuisset:
1305 2159 1422 2208 item,
1461 2159 1495 2200 si
1523 2158 1701 2214 populus

346 2221 559 2262 Romanus
593 2221 758 2262 foedere
789 2222 1026 2277 iungeretur
1054 2222 1160 2277 regi,
1198 2229 1243 2262 ut
1273 2230 1452 2270 caveret,
1489 2235 1541 2261 ne
1571 2221 1634 2262 ius
1666 2220 1704 2261 ei

347 2283 443 2324 belli
466 2284 669 2325 inferendi
692 2284 854 2325 Aetolis
886 2285 1091 2337 sociisque
1122 2299 1263 2325 eorum
1295 2291 1414 2324 esset.
1474 2283 1577 2324 haec
1608 2297 1704 2324 con-

345 2354 544 2387 venerunt
570 2347 882 2400 conscriptaque
907 2346 1072 2387 biennio
1096 2353 1190 2401 post
1211 2345 1431 2400 Olympiae
1458 2345 1508 2386 ab
1528 2344 1702 2393 Aetolis,

346 2408 387 2448 in
415 2408 619 2463 Capitolio
645 2408 696 2449 ab
721 2408 940 2457 Romanis,
979 2415 1023 2448 ut
1053 2415 1202 2449 testata
1233 2408 1400 2449 sacratis
1426 2407 1703 2448 monumentis

348 2478 502 2520 essent,
542 2477 636 2511 sunt
659 2471 805 2525 posita.
866 2485 1004 2511 morae
1036 2485 1161 2511 causa
1185 2469 1347 2510 fuerant
1376 2469 1522 2510 retenti
1545 2469 1703 2510 Romae

347 2532 499 2573 diutius
542 2532 668 2587 legati
703 2532 960 2573 Aetolorum.
1031 2547 1107 2573 nec
1149 2539 1287 2572 tamen
1327 2531 1621 2586 impedimento
1661 2530 1704 2570 id

347 2593 470 2634 rebus
507 2595 697 2648 gerendis
735 2594 837 2635 fuit:
887 2601 926 2635 et
960 2593 1102 2635 Aetoli
1139 2593 1346 2648 extemplo
1382 2598 1597 2633 moverunt
1633 2591 1704 2631 ad-

348 2669 490 2695 versus
516 2655 756 2709 Philippum
782 2656 934 2697 bellum
959 2664 999 2696 et
1023 2656 1235 2696 Laevinus
1262 2655 1704 2708 Zacynthum—parva

348 2716 481 2756 insula
513 2724 573 2757 est
604 2718 832 2771 propinqua
863 2717 1070 2765 Aetoliae,
1119 2716 1261 2756 urbem
1292 2730 1416 2756 unam
1447 2714 1591 2755 eodem
1621 2727 1702 2766 quo
