1815 3184
500 225 654 259 LIBER
677 224 807 269 XXX,
833 223 887 258 24.
905 223 958 258 25.
986 221 1192 267 [a.c.203]
1441 210 1521 251 507

181 329 309 370 centis
341 329 555 377 onerariis,
593 328 762 384 triginta
790 327 925 382 longis
956 327 1130 367 navibus
1167 340 1219 366 ex
1252 323 1394 366 Sicilia
1428 322 1525 364 trai—

181 391 303 432 cienti
339 406 421 432 non
463 391 608 431 eadem
649 391 813 431 fortuna
848 389 937 430 suit.
1012 389 1055 429 in
1095 395 1361 442 conspectum
1397 385 1524 426 ferme
1550 398 1567 427 7

180 454 350 493 Africae
385 467 583 507 prospero
621 467 743 493 cursu
778 459 941 492 vectum
975 450 1107 505 primo
1145 448 1328 490 destituit
1364 455 1524 497 ventus,

181 515 328 555 deinde
354 530 498 555 versus
529 514 571 554 in
595 514 787 554 Africum
818 513 998 554 turbavit
1029 527 1076 553 ac
1104 512 1261 567 passim
1290 526 1416 552 naves
1443 510 1525 550 djs-

179 575 285 617 iecit.
344 576 434 631 ipse
459 591 552 616 cum
575 576 761 617 rostratis
786 591 859 631 per
885 576 1080 616 adversos
1105 575 1252 615 fluctus
1284 572 1439 628 ingenti
1462 587 1526 612 re·
1549 582 1569 613 8

179 638 337 693 migum
384 639 524 679 labore
573 639 710 680 enisus
748 638 955 694 Apollinis
1002 637 1332 693 promunturium
1378 636 1525 684 tenuit;

180 700 390 741 onerariae
415 716 510 755 pars
535 701 714 742 maxima
739 702 791 741 ad
815 701 1090 755 Aegimurum
1107 725 1140 730 —
1159 700 1293 740 iusula
1318 714 1367 740 ea
1392 699 1525 739 sinum
1551 708 1569 738 9

181 763 232 802 ab
259 763 339 803 alto
366 763 535 812 claudit,
571 763 614 803 in
639 777 718 816 quo
745 763 823 804 sita
849 762 1060 817 Carthago
1086 769 1166 811 est,
1203 761 1371 816 triginta
1398 761 1526 801 ferme

179 824 292 864 milia
317 825 367 865 ab
392 825 493 865 urbe
517 849 568 874 —,
601 825 704 866 aliae
729 825 927 865 adversus
952 825 1097 865 urbem
1121 824 1254 879 ipsam
1280 823 1332 863 ad
1358 821 1526 863 Calidas

180 886 326 939 Aquas
365 886 524 927 delatae
561 895 668 928 sunt.
751 887 889 928 omnia
923 886 965 926 in
1002 894 1225 940 conspectu
1262 883 1525 939 Carthaginis

181 955 308 990 erant.
369 948 507 1002 itaque
532 964 583 989 ex
608 957 693 990 tota
716 949 816 990 urbe
840 948 883 988 in
907 948 1042 988 sorum
1067 962 1312 988 concursum
1337 954 1416 987 est:
1442 961 1529 986 ma-

180 1011 376 1066 gistratus
417 1018 604 1051 senatum
640 1024 811 1059 vocare,
859 1010 1036 1064 populus
1073 1009 1115 1050 in
1152 1009 1287 1049 curiae
1324 1007 1528 1049 vestibulo

180 1074 373 1121 fremere,
422 1088 473 1113 ne
523 1080 636 1112 tanta
682 1087 734 1112 ex
781 1071 909 1113 oculis
956 1071 1229 1124 manibusque
1277 1070 1529 1110 amitteretur

180 1134 344 1188 praeda.
393 1147 486 1174 cum
512 1134 678 1186 quidam
702 1133 815 1188 pacis
841 1133 1011 1187 petitae,
1038 1133 1106 1173 alii
1125 1132 1529 1173 indutiarum—nec-

181 1196 279 1235 dum
321 1195 431 1236 enim
474 1195 561 1236 dies
605 1196 759 1236 exierat
782 1220 817 1225 —
839 1195 964 1235 fidem
999 1203 1277 1249 opponerent,
1326 1194 1529 1249 permixto

179 1272 310 1312 paene
338 1265 504 1298 senatus
529 1257 753 1311 populique
779 1256 951 1298 concilio
977 1270 1226 1297 consensum
1251 1263 1331 1306 est,
1357 1265 1401 1296 ut
1426 1255 1530 1296 clas-

182 1334 270 1360 sem
305 1319 604 1374 quinquaginta
639 1319 808 1359 navium
843 1318 1086 1359 Hasdrubal
1122 1318 1399 1373 Aegimurum
1435 1318 1531 1358 trai-

182 1389 308 1430 ceret,
334 1382 429 1422 inde
453 1397 527 1436 per
550 1381 669 1422 litora
693 1388 917 1436 portusque
944 1380 1151 1435 dispersas
1165 1380 1376 1421 Romanas
1402 1394 1529 1420 naves

183 1443 404 1498 colligeret.
476 1444 662 1484 desertae
699 1444 800 1498 fuga
840 1451 1058 1483 nautarum
1098 1442 1276 1497 primum
1311 1443 1362 1483 ab
1397 1442 1528 1497 Aegi-

182 1521 316 1554 muro,
350 1505 497 1546 deinde
523 1506 574 1546 ab
598 1505 734 1558 Aquis
762 1505 972 1546 onerariae
1000 1503 1298 1560 Carthaginem
1321 1504 1529 1560 puppibus

184 1575 336 1607 tractae
363 1575 470 1608 sunt.

267 1629 417 1672 XXV.
475 1629 669 1670 Nondum
702 1629 753 1669 ab
777 1629 912 1669 Roma
940 1635 1195 1669 reverterant
1217 1627 1361 1683 legati,
1396 1642 1529 1681 neque

184 1690 408 1739 sciebatur,
446 1705 550 1744 quae
588 1698 755 1732 senatus
780 1690 959 1732 Romani
991 1691 1041 1731 de
1072 1690 1180 1731 bello
1212 1699 1282 1731 aut
1310 1704 1412 1745 pace
1438 1705 1531 1731 sen-

184 1753 311 1794 tentia
347 1762 480 1802 esset,
528 1754 704 1794 necdum
740 1752 991 1793 indutiarum
1032 1752 1119 1793 dies
1157 1752 1336 1802 exierat3
1385 1768 1432 1793 eo
1468 1753 1529 1792 in-

183 1815 413 1869 digniorem
454 1815 644 1855 iniuriam
678 1822 792 1856 ratus
831 1813 990 1869 Scipio,
1035 1815 1085 1855 ab
1121 1814 1190 1863 iis,
1228 1815 1296 1868 qui
1331 1814 1532 1869 petissent

183 1891 327 1932 pacem
363 1884 403 1917 et
438 1877 636 1926 indutias,
676 1885 716 1918 et
753 1892 869 1931 spem
905 1876 1019 1931 pacis
1059 1884 1099 1917 et
1127 1876 1251 1916 fidem
1281 1876 1532 1917 indutiarum

183 1939 377 1980 violatam
402 1954 512 1988 esse,
538 1939 696 1994 legatos
720 1938 1017 1993 Carthaginem
1035 1938 1326 1988 L.Baebium,
1350 1938 1413 1979 M.
1435 1937 1531 1979 Ser-

183 2001 343 2050 vilium,
370 2002 422 2042 L.
443 2001 621 2042 Fabium
646 2001 851 2056 extemplo
876 2000 1000 2041 misit.
1048 2000 1118 2053 qui
1143 2014 1235 2041 cum
1259 2000 1530 2041 multitudinis

185 2078 386 2104 concursu
410 2079 538 2118 prope
563 2063 703 2104 violati
728 2070 865 2104 essent
895 2077 971 2103 nec
995 2063 1172 2103 reditum
1201 2062 1392 2104 tutiorem
1422 2062 1532 2103 futu-

184 2140 275 2165 rum
300 2134 531 2175 cernerent,
557 2126 763 2181 petierunt
782 2141 806 2166 a
823 2125 1153 2179 magistratibus,
1182 2140 1356 2178 quorum
1381 2124 1531 2165 auxilio

185 2187 246 2227 vis
271 2187 477 2242 prohibita
501 2196 604 2237 erat,
631 2195 675 2228 ut
699 2203 825 2228 naves
850 2187 1076 2236 mitterent,
1109 2202 1214 2240 quae
1240 2202 1284 2228 se
1308 2201 1532 2242 proseque-

184 2257 335 2290 rentur.
396 2250 515 2290 datae
551 2250 727 2291 triremis
765 2250 869 2290 (luae
900 2264 994 2290 cum
1030 2249 1083 2289 ad
1106 2249 1344 2304 Bagradam
1378 2249 1532 2289 flumen

185 2311 488 2365 pervenissent,
514 2312 623 2353 unde
648 2319 782 2352 castra
805 2311 996 2352 Romana
1020 2311 1395 2366 conspiciebantur,
1429 2309 1531 2351 Car-

186 2373 396 2427 thaginem
426 2373 596 2415 rediere.
668 2374 811 2415 classis
835 2373 996 2414 Punica
1033 2374 1085 2414 ad
1109 2373 1277 2415 Uticam
1315 2373 1532 2414 stationem

186 2435 376 2476 habebat.
443 2450 494 2476 ex
530 2451 579 2476 ea
615 2444 696 2476 tres
733 2435 1011 2489 quadriremes
1037 2460 1070 2464 —
1094 2450 1168 2476 seu
1204 2436 1309 2476 clam
1344 2435 1472 2476 misso
1509 2451 1533 2476 a

188 2496 440 2552 Carthagine
465 2497 625 2546 nuntio,
651 2498 711 2538 uti
733 2498 868 2547 fieret,
900 2513 974 2539 seu
998 2498 1283 2547 Hasdrubale,
1315 2498 1384 2551 qui
1409 2497 1532 2538 classi

185 2568 389 2614 praeerat,
439 2559 526 2600 sine
561 2560 727 2615 publica
762 2560 906 2601 fraude
942 2575 1042 2601 auso
1079 2560 1239 2601 facinus
1270 2585 1303 2589 —
1333 2559 1531 2614 quinque-

184 2636 339 2662 remem
363 2621 596 2664 Romanam
627 2630 890 2677 superantem
919 2622 1248 2677 promunturium
1278 2637 1329 2664 ex
1360 2622 1442 2664 alto
1465 2637 1530 2663 re-

1554 892 1595 923 10

1555 1141 1592 1170 11

185 2692 307 2740 pente
333 2684 556 2740 adgressae
588 2692 695 2726 sunt.
756 2685 830 2726 sed
860 2698 994 2739 neque
1016 2692 1151 2727 rostro
1176 2685 1297 2727 ferire
1323 2684 1529 2726 celeritate
1555 2699 1573 2728 6
