1815 3184
456 221 609 256 LIBER
633 220 799 263 XXVII,
825 220 878 253 29.
899 219 952 253 30.
981 221 1028 262 [a.
1044 217 1082 252 0.
1097 218 1179 262 208]
1415 207 1497 249 359

230 326 393 367 Eadem
413 332 568 366 aestate
588 323 650 363 M.
665 321 857 365 Valerius
879 336 972 362 cum
991 321 1123 361 classe
1144 328 1310 360 centum
1330 318 1498 359 navium
1525 332 1540 359 7

149 403 201 429 ex
238 386 379 428 Sicilia
420 386 463 426 in
497 385 686 426 Africam
727 383 903 424 tramisit
945 390 986 423 et
1023 383 1075 422 ad
1113 380 1319 436 Clupeam
1354 380 1499 420 urbem

149 448 389 490 escensione
426 448 535 488 facta
573 461 719 501 agrum
754 445 835 485 late
872 445 984 485 nullo
1022 443 1150 483 ferme
1189 442 1310 483 obvio
1343 448 1499 482 armato

150 510 339 551 vastavit.
388 509 482 549 inde
510 509 562 548 ad
586 522 714 548 naves
740 506 890 561 raptim
915 505 1180 560 praedatores
1205 503 1379 558 recepti,
1406 502 1502 555 quia

148 579 317 625 repente
343 571 453 610 fama
479 569 645 618 accidit,
673 569 849 608 classem
873 566 1077 607 Punicam
1102 566 1338 606 adventare.
1388 572 1500 604 octo-

149 633 265 687 ginta
290 640 406 672 erant
430 639 470 672 et
496 639 577 671 tres
608 645 749 670 naves.
811 643 901 669 cum
934 628 997 668 his
1030 627 1140 668 haud
1171 626 1314 681 procul
1341 624 1503 679 Clupea
1527 637 1546 666 8

151 708 346 748 prospere
366 700 524 747 pugnat
542 693 771 732 Romanus.
810 691 954 730 decem
974 697 1013 730 et
1038 696 1130 730 octo
1156 688 1331 729 navibus
1357 686 1501 741 captis,

151 755 306 809 fugatis
333 755 442 803 aliis,
469 769 564 794 cum
587 768 741 808 magna
765 751 947 792 terrestri
972 750 1192 803 navalique
1211 749 1367 804 praeda
1385 748 1504 802 Lily-

152 817 301 857 baeum
326 816 457 856 rediit.

234 878 396 918 Eadem
441 883 598 917 aestate
635 883 676 916 et
714 874 930 928 Philippus
967 872 1282 927 implorantibus
1319 871 1503 911 Achaeis
1530 884 1547 913 9

152 939 349 984 auxilium
374 938 483 986 tulit,
510 952 613 990 quos
640 944 680 977 et
697 935 974 976 Machanidas
1001 944 1199 988 tyrannus
1219 933 1505 973 Laccdaemo-

152 1000 313 1040 niorum
337 999 508 1039 finitimo
537 998 643 1038 bello
668 997 813 1036 urebat
834 1003 874 1036 et
893 996 1033 1036 Aetoli
1053 995 1229 1035 navibus
1249 1009 1322 1048 per
1341 994 1504 1041 fretum,

151 1061 262 1113 quod
285 1061 546 1113 Naupactum
572 1068 612 1099 et
636 1059 785 1098 Patras
812 1057 1010 1096 interfluit
1033 1080 1067 1085 —
1084 1056 1224 1096 Rhion
1249 1055 1408 1095 incolae
1434 1070 1506 1094 vo-

150 1129 245 1161 cant
267 1146 313 1169 —,
340 1121 523 1161 exercitu
549 1120 718 1160 traiecto
745 1118 985 1172 depopulati
1010 1125 1138 1157 erant.
1187 1117 1378 1157 Attalum
1404 1130 1505 1168 quo-
1534 1130 1573 1159 10

150 1197 228 1235 que
253 1197 395 1236 regem
420 1182 571 1230 Asiae,
604 1181 701 1233 quia
724 1180 867 1220 Aetoli
893 1193 1101 1219 summum
1126 1177 1262 1232 gentis
1290 1192 1389 1217 suae
1420 1192 1507 1217 ma-

150 1244 369 1298 gistratum
395 1243 447 1283 ad
472 1258 567 1283 eum
591 1242 780 1297 proximo
808 1241 981 1282 concilio
1003 1240 1257 1288 detulerunt,
1284 1239 1395 1279 fama
1421 1246 1507 1279 erat

150 1305 192 1345 in
215 1306 430 1359 Europam
456 1304 734 1345 traiecturum.

236 1366 394 1406 XXX.
456 1366 526 1407 Ob
558 1366 660 1406 haec
683 1364 880 1419 Philippo
911 1364 954 1404 in
985 1363 1207 1405 Graeciam
1239 1361 1508 1402 descendenti
1535 1377 1549 1404 1

153 1428 206 1468 ad
229 1428 423 1468 Lamiam
453 1428 598 1467 urbem
628 1427 770 1468 Aetoli
802 1427 906 1467 duce
936 1425 1134 1479 Pyrrhia,
1173 1424 1244 1477 qui
1272 1433 1438 1478 praetor
1466 1423 1508 1462 in

154 1504 249 1529 eum
285 1504 438 1528 annum
475 1503 567 1529 cum
601 1490 771 1529 absente
802 1488 948 1528 Attalo
981 1494 1143 1528 creatus
1176 1493 1281 1534 erat,
1320 1500 1509 1526 occurre-

153 1558 260 1590 runt.
304 1550 511 1590 habebant
531 1558 572 1590 01
591 1551 642 1590 ab
662 1550 806 1592 Attalo
833 1549 985 1590 auxilia
1010 1563 1151 1589 secum
1177 1555 1217 1588 et
1241 1547 1353 1587 mille
1378 1547 1508 1587 ferme

155 1627 207 1652 ex
230 1612 421 1652 Romana
447 1612 580 1652 classe
607 1628 630 1652 a
653 1612 702 1651 P.
732 1610 917 1665 Sulpicio
950 1610 1113 1650 missos.
1174 1609 1373 1649 adversus
1400 1609 1510 1648 1111110

156 1674 302 1713 (11100111
333 1682 455 1726 atque
487 1674 561 1713 has
594 1673 734 1727 copias
765 1673 985 1727 Philippus
1022 1672 1085 1712 bis
1122 1686 1322 1725 prospero
1360 1678 1510 1710 eventu

155 1734 374 1789 pugnavit,
401 1735 511 1774 mille
533 1735 756 1775 admodum
775 1734 957 1775 hostium
983 1742 1155 1785 utraque
1182 1747 1323 1786 pugna
1348 1731 1509 1772 oceidit.

155 1797 250 1836 inde
282 1810 375 1836 cum
400 1797 541 1837 Aetoli
573 1805 686 1837 metu
718 1796 921 1850 compulsi
945 1795 1121 1835 Lamiae
1152 1795 1266 1835 urbis
1292 1794 1509 1835 moenibus
1536 1807 1554 1836 3

156 1866 343 1898 tenerent
369 1873 479 1907 5050,
504 1858 725 1913 Philippus
752 1859 805 1898 ad
827 1857 1010 1898 Phalara
1040 1857 1266 1897 exercitum
1298 1856 1432 1896 duxit:
1469 1856 1511 1896 in

155 1919 336 1960 Maliaco
364 1920 455 1959 sinu
480 1919 515 1959 is
541 1920 656 1960 locus
684 1927 765 1968 est,
799 1919 1008 1972 quondam
1033 1918 1510 1971 frequenter'habitatus

155 1989 323 2036 propter
348 1982 562 2036 egregium
587 1991 752 2036 portum
772 1989 963 2034 tutasque
984 1981 1091 2021 circa
1111 1980 1309 2021 stationes
1330 1990 1369 2020 01
1390 1980 1512 2020 aliam

158 2045 507 2097 opportunitatem
537 2044 798 2084 maritumam
831 2050 1162 2095 terrestremque.
1223 2058 1271 2083 00
1302 2042 1429 2096 legati
1461 2042 1511 2082 ab
1538 2053 1557 2081 4

157 2112 255 2158 rege
281 2106 468 2160 Aegypti
492 2106 734 2146 Ptolemaeo
759 2105 1018 2158 Rhodiisque
1045 2113 1085 2145 et.
1110 2103 1440 2144 Atheniensibus
1472 2110 1513 2143 et

160 2164 278 2205 Chiis
322 2175 523 2206 venerunt,
564 2167 617 2206 ad
660 2166 935 2206 dirimendum
970 2166 1075 2206 inter
1111 2165 1353 2219 Philippum
1390 2172 1512 2216 atque

159 2227 334 2267 Aetolos
361 2228 527 2269 bellum.
590 2228 798 2268 adhibitus
825 2229 876 2268 ab
901 2227 1064 2268 Aetolis
1091 2235 1130 2267 et
1157 2242 1208 2267 ex
1232 2226 1415 2266 finitimis
1440 2241 1514 2280 pa-

160 2288 340 2328 cificator
375 2290 649 2343 Amynander
684 2305 759 2329 rex
793 2289 1093 2329 Athamanum.
1155 2288 1339 2329 omnium
1375 2295 1514 2327 autem
1539 2300 1558 2328 5

158 2365 241 2390 11011
267 2358 381 2390 tanta
404 2366 478 2405 pro
504 2352 667 2391 Aetolis
694 2366 793 2391 eura
819 2359 924 2400 erat,
956 2350 1170 2391 ferocioris
1197 2364 1321 2403 quam
1346 2364 1420 2403 pro
1452 2348 1507 2388 in-

159 2411 290 2465 geniis
320 2412 576 2453 Graecorum
601 2413 756 2467 gentis,
785 2427 909 2465 quam
934 2427 985 2452 nc
1009 2412 1230 2466 Philippus
1256 2424 1513 2464 regnumque

160 2472 246 2514 eius
272 2474 395 2514 rebus
423 2474 644 2523 Graeciae,
671 2489 798 2528 grave
823 2473 1003 2514 libertati
1028 2473 1231 2521 futurum,
1262 2471 1514 2512 immiscere-

160 2541 235 2573 tur.
292 2535 342 2574 dc
368 2550 469 2589 pace
496 2535 622 2575 dilata
647 2535 893 2576 consultatio
920 2542 983 2575 est
1007 2535 1050 2574 in
1075 2534 1295 2575 concilium
1320 2533 1514 2574 Achaeo·
1540 2547 1558 2575 6

158 2609 262 2636 rum.
335 2596 506 2637 concilio
544 2605 585 2637 et
619 2597 734 2638 locus
773 2604 813 2637 et
850 2597 937 2637 dics
977 2604 1089 2637 certa
1129 2595 1302 2644 indicta,
1350 2594 1515 2635 interim

159 2658 328 2712 triginta
358 2658 516 2699 dierum
546 2659 729 2699 indutiae
760 2659 1016 2713 impetratae.
1076 2657 1288 2712 profectus
1319 2656 1415 2697 inde
1440 2671 1513 2697 rex
1541 2670 1557 2698 7

1535 1561 1552 1589 10
