1815 3184
459 254 612 289 LIBER
637 255 745 299 XXI,
772 255 825 289 57.
845 254 899 288 58.
929 256 976 298 [a.
992 253 1030 287 e.
1044 252 1125 296 218]
1248 300 1250 302 Ι
1417 241 1471 282 49

122 358 334 399 hominum
358 374 382 399 a
406 358 549 413 paucis
574 357 680 400 fusa.
723 364 887 412 postero
913 357 978 397 die
1003 356 1207 397 deditione
1232 354 1341 395 faeta
1359 368 1476 409 prae·
1502 366 1542 396 13

123 421 271 461 sidium
297 421 402 460 intra
427 420 589 461 moenia
614 434 825 474 accepere,
852 419 1035 471 iussique
1061 433 1173 458 arma
1198 417 1356 457 tradere
1382 430 1475 456 eum

122 482 231 522 dicto
256 483 508 536 paruissent,
536 482 700 536 signum
725 490 892 535 repente
914 479 1133 520 victoribus
1154 479 1282 527 datur,
1310 485 1355 518 ut
1374 486 1474 518 tam-

122 558 245 596 quam
271 543 311 583 vi
345 550 506 597 captam
539 543 680 584 urbem
713 543 946 596 diriperent.
994 555 1128 594 neque
1160 540 1260 589 ulla,
1298 554 1404 592 quae
1434 540 1474 578 in
1502 551 1542 581 14

122 605 192 646 tali
216 620 259 645 re
285 605 561 646 memorabilis
587 604 860 645 scribentibus
886 603 1014 643 videri
1041 602 1162 650 solet,
1188 601 1477 656 praetermissa

122 667 259 707 clades
281 674 361 706 est:
388 667 490 707 adeo
510 666 642 707 omnis
662 665 841 706 libidinis
868 664 1200 716 crudelitatisque
1226 669 1265 703 et
1289 662 1477 702 inhuma-

122 742 197 768 nae
225 727 440 781 superbiae
467 728 620 768 editum
645 727 686 766 in
707 727 877 767 miseros
898 725 1132 780 exemplum
1152 731 1226 765 est.
1263 724 1340 764 hae
1360 724 1475 763 fuere

122 789 316 830 hibernae
342 789 622 843 expeditiones
648 788 911 829 Hannibalis.

207 849 372 901 LVIII.
427 850 556 891 Haud
579 850 692 904 longi
717 850 810 890 inde
836 849 1049 903 temporis,
1082 848 1181 888 dum
1206 845 1476 888 intolerabilia
1504 859 1519 888 1

122 911 276 966 frigora
301 918 432 961 erant,
465 912 581 964 quies
607 912 724 951 militi
750 912 845 952 data
870 917 950 960 est3
983 917 1021 950 et
1046 910 1098 950 ad
1122 910 1254 963 prima
1279 923 1326 949 ae
1352 908 1477 949 dubia
1503 920 1521 950 2

123 974 242 1028 signa
267 974 373 1014 veris
401 973 609 1027 profectus
637 988 687 1013 ex
712 973 892 1013 hibernis
918 973 960 1012 in
984 971 1194 1012 Etruriam
1225 971 1355 1020 ducit,
1387 985 1478 1010 eam

121 1049 284 1087 quoque
310 1042 474 1089 gentem
501 1035 605 1075 sieut
627 1032 770 1075 Gallos
790 1034 1053 1089 Liguresque
1079 1040 1148 1073 aut
1172 1032 1213 1072 vi
1239 1038 1308 1072 aut
1334 1031 1478 1071 volun-

122 1104 202 1136 tate
229 1096 506 1136 adiuncturus.
545 1102 824 1136 transeuntem
844 1094 1111 1149 Apenninum
1138 1093 1240 1134 adeo
1266 1100 1382 1133 atrox
1407 1093 1478 1132 ad-
1504 1105 1522 1134 3

121 1163 209 1197 orta
228 1163 450 1210 tempestas
471 1163 544 1206 est,
566 1163 611 1197 ut
623 1156 795 1211 Alpium
809 1170 934 1210 prope
954 1155 1191 1195 foeditatem
1212 1153 1477 1208 superaverit.

125 1225 243 1258 vento
269 1219 421 1259 mixtus
448 1218 578 1259 imber
603 1233 697 1259 cum
722 1218 896 1258 ferretur
920 1218 962 1258 in
981 1217 1071 1271 ipsa
1091 1231 1178 1265 ora,
1205 1216 1355 1271 primo,
1383 1215 1480 1268 quia

122 1286 191 1320 aut
217 1295 330 1320 arma
355 1280 579 1321 omittenda
604 1287 718 1320 erant
744 1286 812 1320 aut
838 1286 978 1320 contra
1003 1278 1203 1319 enitentes
1236 1277 1388 1317 vertice
1418 1277 1480 1316 in-

123 1342 215 1381 torti
241 1341 553 1396 adfligebantm,
581 1342 818 1391 eonstitere3
846 1341 958 1389 dein,
986 1355 1078 1380 eum
1099 1340 1181 1380 iam
1207 1339 1395 1393 spiritum
1419 1338 1480 1378 in·
1503 1352 1523 1380 4

123 1403 305 1443 eluderet
330 1418 405 1444 nec
435 1403 687 1457 reciprocare
719 1403 898 1444 animam
931 1403 1099 1451 sineret,
1138 1401 1271 1442 aversi
1303 1416 1327 1441 a
1356 1408 1479 1441 vento

122 1479 342 1519 parumper
367 1466 601 1506 consedere.
651 1472 738 1506 tum
763 1480 859 1506 vero
885 1464 1042 1519 ingenti
1068 1478 1168 1505 sono
1194 1462 1353 1504 eaelum
1379 1469 1480 1503 stre-
1505 1475 1524 1503 5

123 1541 218 1580 pere
245 1534 284 1566 et
308 1527 412 1567 inter
435 1527 659 1568 horrendos
686 1528 870 1583 fragores
897 1527 1046 1567 micare
1071 1526 1209 1581 ignes:
1241 1524 1349 1579 capti
1373 1526 1480 1565 auri-

123 1588 200 1629 bus
227 1595 266 1629 et
291 1589 419 1629 oculis
446 1596 557 1629 metu
583 1604 724 1630 omnes
751 1601 924 1643 torpere.
973 1589 1139 1629 tandem
1172 1588 1303 1628 effuso
1334 1586 1477 1635 imbre,
1505 1599 1523 1628 6

124 1665 216 1691 cum
242 1665 289 1691 eo
315 1651 447 1705 magis
473 1665 647 1692 aceensa
671 1651 734 1692 vis
765 1651 877 1692 venti
909 1659 1036 1700 esset,
1074 1651 1164 1705 ipso
1196 1650 1264 1691 illo
1296 1665 1378 1703 quo
1409 1650 1480 1690 de-

123 1712 260 1766 prensi
286 1720 399 1752 erant
423 1712 513 1753 loeo
539 1719 672 1753 castra
696 1728 846 1767 ponere
871 1713 1150 1754 necessarium
1169 1713 1304 1753 visum
1325 1718 1398 1752 est.
1436 1711 1478 1751 id
1505 1722 1521 1751 7

123 1789 219 1814 vero
244 1774 395 1814 laboris
421 1774 532 1815 velut
557 1775 608 1816 de
632 1775 791 1830 integro
816 1775 976 1816 initium
1001 1775 1097 1815 fuit:
1129 1791 1225 1816 nam
1250 1790 1325 1815 nee
1351 1774 1480 1828 expli-

123 1850 215 1876 care
246 1835 465 1889 quicquam
498 1851 573 1877 nee
607 1844 784 1877 statuere
815 1843 1003 1891 poterant
1033 1851 1109 1877 nec
1139 1837 1249 1890 quod
1281 1844 1479 1876 statutum

124 1904 233 1938 esset
262 1898 455 1939 manebat
487 1899 623 1940 onmia
652 1897 938 1954 perscindente
970 1906 1092 1940 vento
1124 1906 1164 1940 et
1194 1900 1390 1954 rapiente.
1440 1906 1479 1939 et
1504 1906 1524 1936 8

124 1974 220 1999 mox
251 1974 357 2013 aqua
387 1960 522 2001 levata
552 1971 693 2010 vent0,
727 1976 821 2002 cum
847 1976 971 2016 super
994 1962 1130 2017 gelida
1156 1961 1356 2001 montium
1381 1961 1480 2015 iuga

125 2028 312 2061 concreta
337 2029 464 2072 esset,
491 2029 649 2063 tantum
673 2023 843 2064 nivosae
863 2023 1074 2078 grandinis
1094 2023 1259 2071 deiecit,
1286 2029 1330 2062 ut
1348 2022 1479 2062 omni-

125 2080 202 2121 bus
228 2082 391 2123 omissis
416 2084 731 2138 procumberent
754 2085 942 2125 homines
969 2084 1219 2138 tegminibus
1240 2084 1324 2124 suis
1345 2083 1477 2138 magis
1518 2086 1521 2089 ’

125 2142 259 2182 obruti
289 2158 413 2195 quam
443 2145 550 2185 tecti.
599 2152 793 2198 tantaque
823 2146 885 2186 vis
917 2146 1080 2200 frigoris
1113 2146 1298 2186 insecuta
1323 2152 1402 2194 est,
1434 2152 1479 2185 ut
1504 2154 1522 2183 9

126 2218 175 2243 ex
195 2204 262 2244 illa
288 2205 509 2246 miserabili
533 2206 746 2247 hominum
770 2207 1127 2260 iumentorumque
1154 2214 1289 2262 strage
1315 2208 1408 2247 cum
1435 2222 1478 2248 se

125 2266 299 2318 quisque
326 2267 517 2307 extollere
543 2283 591 2308 ae
615 2268 751 2309 levare
777 2269 917 2318 vellet,
949 2269 1020 2309 diu
1044 2269 1246 2322 nequiret,
1279 2270 1375 2323 quia
1399 2276 1479 2310 tor-

124 2327 474 2383 pentibus-rigore
499 2330 635 2370 nervis
662 2330 731 2370 vix
754 2330 916 2371 flectere
942 2337 1053 2372 artus
1078 2338 1278 2385 poterant.
1316 2331 1475 2380 deinde,
1506 2340 1545 2369 10

124 2397 169 2429 ut
205 2390 369 2430 tandem
406 2391 597 2445 agitando
635 2406 725 2432 sese
756 2407 921 2433 movere
952 2407 1000 2433 ac
1030 2407 1219 2447 recepere
1249 2393 1406 2434 animos
1439 2399 1479 2434 et

123 2451 223 2490 raris
249 2451 348 2491 loeis
374 2452 593 2506 ignis-fieri
618 2460 680 2494 est
705 2460 873 2508 coeptus
883 2485 893 2503 ,
930 2454 982 2494 ad
1012 2454 1185 2495 alienam
1217 2470 1336 2509 opem
1367 2455 1479 2508 quis-

123 2526 202 2564 que
238 2512 358 2566 inops
396 2514 572 2554 tendere.
622 2514 793 2555 biduum
830 2529 878 2556 eo
908 2515 998 2556 loco
1029 2515 1142 2556 velut
1173 2515 1333 2557 obsessi
1363 2532 1477 2557 man-
1503 2531 1538 2560 11

125 2587 225 2613 sere.
263 2574 380 2614 multi
399 2574 602 2625 homines,
630 2576 759 2617 multa
782 2576 981 2627 iumenta,
1009 2577 1213 2631 elephanti
1238 2568 1400 2632 quoque
1426 2593 1477 2619 ex

121 2633 191 2682 iis,
228 2635 298 2688 qui
327 2636 482 2690 proelio
518 2637 571 2678 ad
601 2637 795 2679 Trebiam
832 2638 941 2680 facto
978 2639 1279 2694 superfuerant,
1319 2647 1474 2695 septem

122 2695 341 2751 absumpti.
817 2746 820 2749 ¹

191 2763 251 2789 Livi
271 2764 323 2789 vol.
340 2763 373 2790 ΙΙ.
1227 2768 1250 2800 4
