1815 3184
545 239 698 274 LIBER
723 238 886 282 xxiiii,
914 238 944 272 1.
973 239 1024 280 [a.
1039 236 1077 271 c,
1091 236 1174 279 215]
1460 226 1539 268 165

687 586 840 639 ΤΙΤΙ
876 586 1038 638 LIVI

505 692 592 728 AB
641 691 827 729 VRBE
878 688 1221 728 CONDITA

672 814 841 850 LIBER
870 813 1053 850 XXIIII.

269 903 302 942 I.
358 900 418 942 Ut
443 916 493 941 ex
521 900 751 953 Campania
780 900 823 939 in
847 899 1031 939 Bruttios
1062 898 1240 938 reditum
1265 904 1345 947 est,
1389 896 1541 937 Hanno

185 963 438 1004 adiutoribus
471 969 510 1002 et
540 961 714 1002 ducibus
746 961 905 1000 Bruttis
939 958 1121 1001 Graecas
1153 959 1276 1000 urbes
1314 959 1541 1012 temptavit,

186 1040 234 1066 eo
259 1025 420 1065 facilius
446 1024 488 1063 in
514 1023 708 1063 societate
732 1029 944 1062 manentes
970 1021 1177 1069 Romana,
1204 1021 1315 1073 quod
1345 1020 1543 1068 Bruttios,

184 1101 288 1139 quos
325 1094 364 1126 et
401 1086 569 1126 oderant
605 1091 645 1124 et
679 1083 936 1132 metuebant,
976 1081 1383 1137 Carthaginiensium
1417 1081 1545 1135 partis

184 1149 315 1188 factos
348 1146 581 1187 cernebant.
641 1146 822 1200 Regium
853 1145 1033 1199 primum
1070 1150 1314 1198 temptatum
1345 1151 1407 1184 est
1439 1143 1546 1184 dies-

183 1224 262 1262 que
289 1209 443 1261 aliquot
472 1207 530 1248 ibi
559 1208 810 1261 nequiquam
843 1206 1063 1260 absumpti.
1124 1206 1287 1246 interim
1312 1206 1545 1246 Locrenses

182 1271 434 1311 frumentum
464 1269 657 1324 lignaque
688 1276 728 1309 et
759 1275 893 1309 cetera
918 1268 1151 1308 necessaria
1182 1267 1326 1308 usibus
1354 1282 1405 1308 ex
1436 1267 1546 1321 agris

182 1333 224 1372 in
250 1332 393 1373 urbem
417 1346 582 1386 rapere,
606 1331 729 1372 etiam
753 1346 804 1371 ne
830 1331 929 1384 quid
954 1330 1142 1371 relictum
1161 1330 1337 1384 praedae
1355 1329 1545 1370 hostibus

184 1400 311 1442 esset,
349 1401 388 1434 et
412 1394 454 1433 in
479 1394 565 1434 dies
591 1393 721 1433 maior
745 1392 937 1434 omnibus
967 1392 1096 1447 portis
1122 1392 1341 1432 multitudo
1372 1391 1546 1431 effundi:

184 1463 392 1510 postremo
422 1455 501 1495 hoc
533 1455 656 1495 modo
690 1453 743 1509 [ii
767 1453 916 1510 modo]
948 1454 1078 1494 relicti
1108 1455 1149 1494 in
1180 1454 1281 1495 urbe
1307 1460 1439 1502 erant,
1477 1452 1548 1506 qui

184 1518 350 1558 reficere
375 1532 527 1566 muros,
553 1523 711 1570 portas,
738 1516 899 1570 telaque
925 1517 965 1556 in
991 1516 1302 1571 propugnacula
1328 1529 1548 1569 congerere

186 1578 450 1633 cogebantur.
509 1579 552 1618 in
576 1578 821 1632 permixtam
847 1578 1031 1618 omnium
1057 1579 1251 1619 aetatium
1277 1578 1548 1630 ordinumque

186 1640 489 1681 multitudinem
520 1646 560 1680 et
585 1647 805 1694 vagantem
836 1641 878 1680 in
909 1640 1018 1694 agris
1045 1655 1198 1694 magna
1223 1654 1273 1680 ex
1304 1646 1419 1692 parte
1444 1639 1549 1678 iner-

186 1718 294 1743 mem
319 1701 532 1742 Hamilcar
556 1701 722 1741 Poenus
749 1701 906 1753 equites
933 1701 1085 1749 emisit,
1112 1701 1202 1753 qui,
1228 1701 1381 1741 violare
1406 1714 1549 1753 quem-

186 1780 310 1818 quam
341 1764 473 1813 vetiti,
512 1770 670 1804 tantum
701 1770 746 1803 ut
777 1762 829 1803 ab
860 1763 962 1803 urbe
995 1762 1260 1803 excluderent
1291 1762 1393 1817 fuga
1429 1761 1550 1802 dissi-

185 1832 323 1880 patos,
367 1832 522 1865 turmas
560 1824 757 1865 obiecere.
818 1825 901 1864 dux
932 1824 1021 1878 ipse
1051 1824 1141 1865 loco
1174 1824 1383 1878 superiore
1415 1829 1546 1877 capto,

186 1888 294 1928 unde
320 1902 461 1942 agros,
500 1886 643 1927 urbem
669 1887 800 1941 possit
826 1886 1081 1940 conspicere,
1118 1886 1374 1926 Bruttiorum
1405 1885 1550 1926 cohor-

186 1958 269 1990 tem
305 1950 416 1990 adire
454 1964 593 1990 muros
626 1956 746 2002 atque
778 1964 923 1989 vocare
953 1949 1158 2002 principes
1190 1948 1466 1989 Locrensium
1497 1947 1550 1987 ad

188 2011 451 2064 conloquium
474 2011 594 2051 iussit
619 2018 660 2051 et
684 2011 923 2064 pollicentes
952 2010 1172 2050 amicitiam
1197 2009 1446 2050 Hannibalis
1478 2009 1550 2049 ad-

188 2073 340 2113 hortari
365 2073 417 2113 ad
441 2072 585 2113 urbem
610 2073 863 2113 tradendam.
906 2072 1080 2112 Bruttiis
1099 2072 1142 2112 in
1162 2072 1378 2125 conloquio
1397 2070 1548 2111 nullius

188 2134 245 2174 rei
270 2134 400 2187 primo
425 2134 526 2175 fides
553 2141 634 2184 est3
661 2135 826 2183 deinde,
853 2141 898 2174 ut
918 2133 1084 2174 Poenus
1111 2133 1297 2188 apparuit
1314 2133 1357 2173 in
1376 2132 1548 2173 collibus

190 2204 229 2237 et
264 2197 515 2251 refugientes
551 2197 672 2251 pauci
708 2197 831 2237 aliam
867 2211 1029 2237 omnem
1067 2196 1371 2236 multitudinem
1400 2195 1443 2234 in
1478 2209 1550 2248 po-

190 2266 336 2299 testate
366 2258 547 2299 hostium
579 2273 670 2300 esse
701 2258 959 2307 adferebant,
998 2265 1085 2298 tum
1116 2265 1227 2298 metu
1257 2257 1355 2298 victi
1386 2255 1549 2297 consul-

190 2327 302 2360 turos
329 2334 372 2360 se
397 2320 595 2374 populum
620 2320 937 2374 responderunt,
958 2345 1012 2348 —
1037 2320 1317 2372 advocataque
1344 2317 1548 2372 extemplo

191 2382 396 2430 contione,
429 2396 523 2422 cum
548 2388 588 2421 et
612 2381 847 2422 levissimus
873 2381 1048 2435 quisque
1072 2396 1200 2421 novas
1226 2395 1291 2421 res
1316 2394 1549 2432 novamque

192 2443 427 2483 societatem
458 2443 624 2483 mallent
655 2450 695 2484 et
725 2458 900 2496 quorum
931 2443 1151 2497 propinqui
1181 2450 1296 2483 extra
1320 2441 1465 2482 urbem
1489 2441 1551 2481 in-

191 2504 357 2544 terclusi
383 2504 434 2545 ab
459 2504 648 2545 hostibus
674 2511 788 2546 erant
812 2505 924 2546 velut
949 2504 1162 2546 obsidibus
1188 2504 1293 2545 datis
1313 2504 1549 2558 pigneratos

190 2565 388 2606 haberent
413 2566 589 2616 animos,
616 2568 738 2621 pauci
761 2567 894 2622 magis
920 2567 1031 2608 taciti
1055 2566 1276 2621 probarent
1294 2571 1550 2606 constantem

191 2627 314 2667 fidem
340 2642 463 2680 quam
488 2628 703 2682 probatam
729 2629 832 2669 tueri
857 2629 1072 2678 auderent,
1105 2628 1215 2668 haud
1241 2627 1366 2668 dubio
1391 2627 1432 2667 in
1459 2641 1551 2681 spe-

192 2689 296 2730 ciem
322 2704 526 2731 consensu
551 2690 596 2731 fit
621 2690 673 2731 ad
697 2690 862 2732 Poenos
889 2690 1055 2731 deditio.
1104 2690 1158 2730 L.
1184 2688 1315 2730 Atilio
1340 2688 1549 2743 praefecto

1572 1156 1590 1184 Na

1575 2577 1594 2606 8

1576 2701 1593 2730 9
