1815 3184
328 233 410 276 522
627 239 779 274 LIBER
804 240 930 284 XXX,
955 240 1008 273 37.
1023 240 1075 273 38.
1103 243 1198 283 [a.u.
1215 240 1338 283 0552]

263 359 302 388 12
326 344 478 400 placuit
512 357 638 382 naves
674 341 790 382 reddi
830 350 870 381 et
904 341 1089 382 homines
1124 342 1262 395 utique
1297 342 1468 395 inquiri,
1526 350 1659 384 cetera

327 420 429 459 quae
466 405 658 445 abessent
694 403 948 444 aestimanda
986 401 1169 458 Scipioni
1204 404 1401 459 permitti,
1449 412 1570 456 atque
1604 405 1660 445 ita

262 481 301 510 13
326 466 500 522 pecunia
523 466 634 506 luere
661 463 1038 519 Carthaginienses.
1098 472 1193 506 sunt
1217 465 1285 518 qui
1308 465 1586 506 Hannibalem
1611 480 1661 506 ex

327 528 412 568 acie
438 528 489 567 ad
514 542 625 568 mare
650 527 908 582 pervenisse,
934 527 1028 566 inde
1054 535 1295 581 praeparata
1318 542 1422 567 nave
1447 527 1499 567 ad
1522 542 1662 582 regem

325 589 577 630 Antiochum
624 589 829 643 extemplo
878 588 1107 642 profectum
1153 589 1315 628 tradant
1359 588 1662 643 postulantique

327 659 419 692 ante
444 651 580 692 onmia
606 648 807 704 Scipioni,
833 657 877 690 ut
895 650 1105 690 Hannibal
1130 650 1206 690 sibi
1232 650 1468 699 traderetur,
1493 665 1663 705 respon-

328 729 418 754 sum
443 728 552 761 esse,
580 712 860 753 Hannibalem
883 712 925 752 in
948 712 1094 753 Africa
1117 728 1199 754 non
1224 728 1328 754 esse.

284 788 298 817 1
410 774 677 817 XXXVIII.
741 775 970 827 Postquam
1004 775 1213 816 redierunt
1248 776 1299 816 ad
1336 773 1571 831 Scipionem
1605 777 1662 817 le-

326 837 428 891 gati,
455 851 558 889 quae
578 836 742 891 publica
760 836 803 876 in
822 837 996 877 navibus
1017 837 1179 877 fuerant
1198 851 1249 878 ex
1266 837 1439 892 publicis
1460 837 1664 892 descripta

324 899 548 940 rationibus
574 906 831 951 quaestores,
858 912 962 951 quae
987 899 1146 953 privata
1166 899 1347 954 profiteri
1367 899 1519 941 domini
1542 900 1643 941 iussi
1651 916 1661 948 3

283 973 300 1002 2
325 975 398 1015 pro
425 975 473 1001 ea
498 975 656 1000 summa
685 959 884 1014 pecuniae
916 960 1060 1015 viginti
1091 961 1268 1014 quinque
1298 961 1410 1002 milia
1438 961 1574 1016 pondo
1601 976 1664 1002 ar-

325 1023 436 1077 genti
472 1022 704 1077 praesentia
739 1030 907 1071 exacta,
954 1023 1215 1076 indutiaeque
1253 1022 1662 1078 Carthaginiensibus

282 1097 300 1126 3
326 1086 444 1126 datae
469 1085 510 1125 in
535 1092 615 1125 tres
641 1099 817 1125 menses.
878 1085 1079 1134 additum,
1116 1100 1167 1126 ne
1193 1101 1266 1140 per
1290 1086 1537 1127 indutiarum
1562 1094 1664 1127 tem-

324 1162 402 1201 pus
428 1147 506 1187 alio
532 1161 705 1199 usquam
731 1161 853 1199 quam
877 1147 1054 1188 Romam
1078 1147 1286 1188 mitterent
1308 1148 1485 1203 legatos,
1512 1155 1552 1188 et
1577 1148 1664 1201 qui-

326 1222 498 1261 cumque
527 1208 652 1263 legati
684 1206 979 1263 Carthaginem
1009 1209 1238 1258 venissent,
1275 1224 1326 1250 ne
1358 1218 1450 1251 ante
1488 1210 1663 1250 dimitte-

324 1277 414 1310 rent
449 1284 520 1311 eos
557 1284 679 1322 quam
712 1270 946 1311 Romanum
981 1271 1291 1324 imperatorem,
1340 1271 1437 1323 quid
1476 1279 1662 1326 petentes

282 1345 302 1372 4
326 1331 553 1380 venissent,
581 1331 793 1372 certiorem
817 1332 1012 1372 facerent.
1060 1346 1152 1372 cum
1175 1332 1321 1386 legatis
1349 1331 1672 1387 Carthaginien-⁸

326 1393 437 1434 sibus
474 1393 650 1434 Romam
685 1393 800 1434 missi
835 1394 887 1434 L.
918 1393 1113 1436 Veturius
1149 1393 1271 1433 Philo
1307 1401 1347 1433 et
1381 1394 1442 1434 M.
1478 1393 1662 1434 Marcius

282 1468 300 1496 5
324 1454 445 1495 Ralla
469 1462 509 1495 et
532 1455 584 1495 L.
613 1453 752 1508 Scipio
777 1455 1032 1509 imperatoris
1059 1455 1195 1496 frater.
1248 1470 1321 1509 per
1346 1470 1415 1496 eos
1443 1456 1528 1496 dies
1554 1470 1664 1496 com-

325 1525 483 1556 meatus
515 1531 566 1556 ex
592 1514 732 1557 Sicilia
764 1514 1034 1569 Sardiniaque
1065 1524 1220 1556 tantam
1251 1516 1447 1557 vilitatem
1478 1532 1663 1558 annonae

325 1578 527 1627 fecerunt,
563 1586 607 1618 ut
637 1593 710 1632 pro
742 1586 909 1619 vectura
938 1579 1188 1619 frumentum
1218 1578 1352 1620 nautis
1377 1587 1577 1621 mercator
1600 1594 1664 1620 re—

324 1640 535 1693 linqueret.

281 1714 298 1743 6
405 1703 563 1743 Romae
589 1702 641 1742 ad
665 1703 852 1743 nuntium
881 1702 1058 1757 primum
1087 1702 1321 1743 rebellionis
1349 1701 1664 1758 Carthaginien-

325 1764 430 1804 sium
454 1764 699 1818 trepidatum
724 1765 875 1813 fuerat,
911 1765 1128 1818 iussusque
1154 1773 1240 1805 erat
1263 1765 1327 1805 Ti.
1356 1763 1553 1806 Claudius
1578 1781 1664 1806 ma÷

323 1835 411 1866 ture
449 1826 623 1867 classem
658 1827 701 1866 in
727 1824 911 1867 Siciliam
949 1827 1095 1867 ducere
1128 1835 1247 1879 atque
1277 1826 1371 1867 inde
1406 1826 1448 1867 in
1477 1827 1665 1868 Africam

324 1887 493 1929 traicere
529 1896 569 1929 et
605 1889 705 1928 alter
741 1889 883 1929 consul
914 1889 974 1929 M.
1003 1887 1201 1929 Servilius
1239 1888 1290 1929 ad
1324 1889 1467 1929 urbem
1502 1889 1663 1937 morari,

281 1961 297 1989 7
325 1950 455 1990 donec
485 1965 564 2003 quo
597 1958 706 1991 statu
735 1966 800 1991 res
831 1951 872 1991 in
898 1951 1043 1991 Africa
1075 1959 1214 1991 essent
1245 1951 1425 1992 sciretur.
1486 1951 1664 2005 segniter

324 2012 460 2052 omnia
484 2011 525 2051 in
551 2013 826 2067 comparanda
851 2013 1171 2065 deducendaque
1193 2013 1323 2053 classe
1343 2013 1393 2053 ab
1408 2013 1472 2053 Ti.
1490 2012 1664 2054 Claudio

324 2073 490 2114 consule
515 2074 624 2114 facta
649 2082 781 2123 erant,
808 2076 917 2128 quod
941 2082 1077 2129 patres
1105 2076 1154 2115 de
1178 2089 1279 2130 pace
1301 2072 1504 2130 Scipionis
1528 2074 1664 2130 potius

324 2135 534 2176 arbitrium
570 2151 681 2186 esse,
719 2137 866 2190 quibus
903 2137 1064 2191 legibus
1102 2137 1283 2186 daretur,
1327 2151 1449 2190 quam
1485 2136 1664 2177 consulis

279 2207 298 2237 S
324 2205 579 2238 censuerant.
639 2199 829 2253 prodigia
854 2214 1014 2252 quoque
1040 2199 1225 2239 nuntiata
1257 2200 1331 2240 sub
1356 2199 1488 2254 ipsam
1512 2199 1664 2239 famam

322 2259 555 2300 rebellionis
587 2267 781 2301 terrorem
815 2261 1052 2302 attulerant:
1092 2261 1236 2302 Cumis
1269 2261 1365 2302 solis
1398 2261 1506 2302 orbis
1538 2260 1665 2300 minui

323 2320 435 2361 visus
462 2330 501 2362 et
523 2322 627 2377 pluit
651 2322 812 2377 lapideo
838 2323 957 2363 imbri
983 2331 1022 2364 et
1046 2323 1087 2363 in
1111 2323 1324 2365 Veliterno
1351 2338 1448 2377 agro
1474 2332 1581 2362 terra
1603 2322 1665 2362 in-

324 2383 514 2436 gentibus
564 2385 750 2425 cavernis
799 2385 984 2426 consedit
1033 2387 1281 2438 arboresque
1327 2385 1370 2425 in
1415 2384 1665 2439 profundum

281 2457 298 2486 9
325 2444 507 2495 haustae,
528 2447 693 2487 Ariciae
715 2447 849 2488 forum
869 2456 910 2488 et
928 2448 1035 2488 circa
1055 2448 1260 2496 tabernac,
1274 2446 1505 2487 Frusinone
1524 2460 1664 2485 murus

325 2506 477 2559 aliquot
506 2508 605 2549 locis
637 2517 676 2549 et
705 2517 823 2563 porta
855 2509 904 2550 de
930 2509 1042 2550 caelo
1069 2517 1176 2550 tacta
1201 2516 1240 2549 et
1271 2509 1312 2548 in
1334 2508 1495 2549 Palatio
1520 2507 1665 2562 lapidi-

325 2568 401 2608 bus
432 2569 546 2623 pluit.
606 2570 648 2610 id
677 2571 910 2625 prodigium
945 2586 1058 2612 more
1094 2571 1226 2626 patrio
1256 2570 1503 2612 novemdiali
1534 2584 1663 2616 sacro,

262 2641 301 2670 10
327 2639 460 2670 cetera
485 2631 628 2672 hostiis
653 2633 875 2673 maioribus
901 2633 1077 2688 expiata.
1136 2633 1240 2673 inter
1265 2647 1368 2686 quae
1393 2632 1516 2673 etiam
1541 2644 1663 2683 aqua-

324 2705 414 2730 rum
449 2692 612 2734 insolita
646 2695 885 2749 magnitudo
927 2696 970 2736 in
1004 2696 1245 2750 religionem
1287 2710 1429 2744 versa,
1476 2709 1571 2734 nam
1605 2692 1662 2731 ita
