1815 3184
234 1032 251 1060 Ιύ

235 1895 249 1922 *1

215 2573 225 2600 l
233 2572 251 2600 o

285 230 363 270 12?
596 235 749 270 LIBER
774 235 922 278 XXIII,
943 235 974 269 9.
996 236 1048 269 io.
1077 238 1126 278 [a.
1140 247 1174 269 11.
1190 247 1219 269 0.
1233 236 1314 279 538]

278 342 428 388 vicem,
467 339 532 379 cui
563 348 623 378 ter
652 338 835 392 proditae
867 337 1018 391 patriae
1052 338 1336 378 sustinendum
1367 345 1428 379 est
1463 339 1629 388 crimen,

279 402 403 443 semel
425 416 517 441 011111
537 400 777 440 defectionis
797 399 847 439 ab
868 399 1079 448 Romanis,
1104 399 1252 440 iterum
1277 414 1370 440 cum
1399 400 1512 453 pacis
1538 415 1631 440 cum

278 462 512 503 Hannibale
549 462 663 502 fuisti
699 468 856 509 auctor,
895 461 1012 501 tertio
1048 461 1186 509 hodie,
1230 475 1323 500 cum
1358 461 1631 501 restituendae

279 524 478 564 Romanis
506 523 676 577 Capuae
701 538 815 563 mora
840 530 962 575 atque
988 523 1325 576 impedimentum
1351 538 1407 564 05.
1462 531 1523 572 111,
1560 539 1632 577 pa-

278 586 371 633 tria,
410 585 580 634 ferrum,
619 600 699 638 quo
735 599 808 638 pro
846 592 885 624 te
921 592 1101 624 armatus
1138 584 1244 624 hanc
1281 599 1417 625 arcem
1452 585 1631 625 hostium

278 648 364 695 inii,
392 647 583 700 quoniam
602 661 749 700 parens
764 653 996 698 extorquet,
1022 645 1188 700 recipe.'
1224 646 1325 686 haec
1340 661 1432 686 cum
1448 647 1630 695 dixisset,

278 709 461 764 gladium
487 709 527 748 in
552 708 762 762 publicum
788 715 899 747 trans
925 706 1144 748 maceriam
1168 707 1275 749 horti
1300 707 1447 748 abiecit
1473 716 1524 757 et,
1551 723 1631 760 quo

279 772 413 811 minus
439 786 504 810 res
531 778 721 824 suspecta
747 776 874 818 05501,
908 784 951 810 50
976 769 1064 823 ipse
1091 770 1278 810 convivio
1302 770 1489 810 reddidit.

364 832 422 872 X.
482 831 655 873 Postero
692 832 756 871 die
795 838 962 871 senatus
1000 831 1193 884 frequens
1236 831 1354 871 datus
1391 831 1630 872 Hannibali.

278 895 348 935 ubi
384 895 515 948 prima
551 894 637 934 cius
676 894 803 934 oratio
839 893 1063 948 perblanda
1105 908 1151 934 ac
1188 893 1366 948 benigna
1402 894 1502 942 fuit,
1551 909 1633 946 qua

279 956 430 1011 gratias
469 956 551 1010 egit
584 955 828 1009 Campanis,
867 956 977 1008 quod
1014 955 1234 995 amicitiam
1272 971 1388 996 suam
1419 955 1631 996 Romanae

279 1019 462 1059 societati
498 1017 850 1072 praeposuissent,
902 1024 940 1057 et
976 1017 1079 1057 inter
1116 1029 1249 1058 cetera
1285 1018 1503 1072 magnifica
1539 1032 1631 1071 pro-

280 1081 406 1121 missa
435 1080 659 1134 pollicitus,
699 1079 813 1119 brevi
844 1087 967 1132 caput
997 1079 1140 1119 Italiae
1178 1079 1287 1119 omni
1321 1079 1507 1132 Capuam
1543 1078 1631 1118 sore

279 1142 449 1194 iuraque
481 1142 574 1181 inde
607 1156 701 1181 eum
732 1140 876 1180 ceteris
909 1140 1070 1194 populis
1102 1140 1334 1180 Romanum
1373 1140 1494 1180 ctiam
1529 1140 1631 1193 peti-

280 1216 438 1244 turum:
488 1218 614 1243 unum
641 1217 730 1243 esse
762 1210 966 1242 exsortem
991 1202 1173 1242 Punicae
1204 1202 1404 1242 amicitiae
1436 1201 1631 1241 foederis-

279 1280 357 1318 que
386 1280 524 1305 secum
552 1265 666 1313 faeti,
695 1279 817 1316 quem
842 1279 972 1316 neque
999 1278 1089 1304 esse
1111 1262 1369 1317 Campanum
1395 1278 1526 1315 neque
1552 1263 1630 1302 diei

279 1328 445 1376 debere,
483 1327 673 1381 Magium
698 1326 888 1366 Decium.
949 1341 1042 1365 011111
1073 1325 1298 1379 postulare,
1336 1332 1379 1365 ut
1405 1325 1483 1366 sibi
1508 1325 1631 1365 deda-

279 1396 344 1428 tur
368 1403 416 1429 ac
441 1404 484 1429 se
509 1396 723 1442 praesente
749 1388 798 1427 de
824 1402 872 1428 co
898 1387 1095 1428 referatur
1126 1399 1374 1439 senatusque
1400 1387 1631 1427 consultum

280 1451 361 1490 fiat.
412 1465 553 1490 01111105
574 1450 614 1489 111
635 1464 723 1489 eam
751 1449 992 1489 sententiam
1017 1449 1161 1497 ierunt,
1188 1463 1437 1501 quamquam
1458 1462 1632 1503 magnae

279 1513 385 1566 parti
421 1520 459 1551 et
496 1512 557 1551 vir
593 1511 787 1565 indignus
820 1525 867 1549 ca
899 1510 1128 1550 calamitate
1161 1517 1199 1549 ct
1230 1509 1330 1550 haut
1360 1524 1487 1563 parvo
1518 1511 1631 1550 initio

281 1574 408 1613 minui
439 1573 653 1613 videbatur
683 1573 746 1612 1115
777 1571 987 1611 libertatis.
1049 1585 1240 1625 egressus
1273 1571 1383 1611 curia
1414 1571 1455 1611 in
1482 1572 1631 1625 templo

279 1635 565 1689 magist-ratsnn
609 1633 792 1673 consedit
834 1632 1191 1686 conprehendique
1227 1632 1405 1673 Decium
1442 1633 1631 1688 Magium

279 1704 402 1749 atque
439 1703 530 1735 ante
567 1696 692 1749 pedes
730 1694 969 1734 destitutum
1008 1708 1175 1734 eausam
1208 1694 1341 1734 dicere
1371 1695 1502 1735 iussit.
1563 1696 1632 1748 qui

279 1773 373 1797 011111
397 1765 586 1797 manente
618 1757 768 1796 ferocia
800 1756 923 1796 animi
954 1764 1119 1810 negaret
1150 1755 1241 1810 lege
1267 1756 1443 1796 foederis
1474 1757 1516 1796 id
1541 1757 1632 1811 cogi

279 1835 419 1873 posse,
468 1827 554 1859 tum
591 1819 762 1859 iniectae
795 1827 985 1867 catenae,
1036 1819 1211 1871 (lucique
1242 1827 1334 1859 ante
1371 1819 1553 1859 lictorem
1590 1821 1631 1859 in

279 1890 409 1921 castra
436 1890 495 1921 051
527 1882 677 1921 iussus.
739 1881 874 1933 quoad
906 1880 1036 1934 capite
1068 1888 1207 1934 aperto
1239 1888 1301 1920 est
1332 1881 1497 1929 ductus,
1536 1896 1631 1920 con-

276 1943 550 1983 tionabundus
594 1942 761 1983 incessit
803 1942 855 1982 ad
897 1942 1189 1982 circumfusam
1231 1942 1410 1994 undique
1448 1942 1629 1981 multitu-

276 2005 412 2044 dinem
443 2004 692 2045 vociferans:
738 2003 1195 2052 ί11111)01151100111110111,
1241 2003 1461 2057 Campani,
1505 2018 1629 2056 quam

274 2067 452 2120 petistis3
489 2066 579 2107 foro
617 2066 769 2113 medio,
813 2065 903 2105 luce
940 2065 1064 2113 clara,
1109 2065 1341 2105 videntibus
1377 2065 1494 2106 vobis
1531 2066 1631 2105 nulli

277 2127 584 2182 Campanorum
616 2128 822 2168 secundus
854 2127 1014 2167 vinctus
1047 2127 1098 2166 ad
1129 2134 1299 2166 mortem
1325 2127 1471 2180 rapior.
1533 2127 1631 2180 quid

275 2189 490 2230 violentius
518 2199 637 2243 capta
664 2188 810 2243 Capua
835 2189 973 2228 fieret?
1019 2188 1073 2228 ite
1101 2188 1264 2229 obviam
1289 2187 1534 2236 Hannibali,
1562 2203 1630 2228 ex-

275 2259 413 2291 ornate
439 2251 582 2291 urbem
608 2251 798 2304 diemque
825 2251 1025 2291 adventus
1052 2251 1138 2291 eius
1165 2258 1417 2298 consecrate,
1455 2258 1499 2290 ut
1523 2250 1632 2290 hunc

276 2313 527 2367 triumphum
564 2313 614 2353 de
652 2313 740 2353 cive
776 2319 912 2353 vestro
949 2312 1171 2366 spectetis'.
1243 2312 1344 2352 haee
1381 2312 1630 2352 vociferante

276 2390 368 2414 011111
394 2375 549 2414 moveri
573 2374 721 2428 volgus
747 2374 970 2423 videretur,
998 2374 1237 2415 obvolutum
1258 2380 1379 2427 caput
1397 2381 1470 2422 051,
1499 2374 1632 2414 001115-

276 2451 353 2488 que
390 2437 478 2489 rapi
509 2444 623 2476 extra
653 2443 813 2490 portam
845 2436 996 2476 iussus.
1057 2436 1113 2476 ita
1142 2436 1185 2475 in
1215 2444 1348 2476 castra
1378 2435 1629 2489 perducitur3

277 2498 563 2551 extemploque
595 2498 798 2552 inpositus
830 2498 870 2538 in
902 2513 1049 2538 navem
1081 2505 1119 2538 et
1147 2498 1441 2552 Carthaginem
1465 2498 1628 2545 missus,

276 2574 326 2599 ne
358 2567 471 2599 motu
501 2560 637 2612 aliquo
671 2559 840 2614 Capuae
871 2575 921 2600 ex
951 2561 1190 2614 indignitate
1227 2560 1285 2600 rei
1320 2566 1407 2600 orto
1445 2566 1630 2600 senatum

277 2634 438 2673 quoque
469 2622 694 2674 paeniteret
725 2622 851 2661 dediti
881 2622 1075 2676 principis
1107 2629 1163 2670 et,
1200 2621 1403 2676 legatione
1428 2621 1554 2660 missa
1578 2619 1628 2658 ad

278 2683 542 2735 repetendum
580 2698 692 2731 eum,
729 2698 780 2723 ne
817 2690 886 2724 aut
921 2684 1111 2738 negando
1147 2698 1250 2732 rem,
1294 2698 1416 2735 quarn
1452 2682 1627 2735 primum
