<?xml version="1.0" encoding="UTF-8"?>
<!DOCTYPE html PUBLIC "-//W3C//DTD XHTML 1.0 Transitional//EN"
    "http://www.w3.org/TR/xhtml1/DTD/xhtml1-transitional.dtd">
<html xmlns="http://www.w3.org/1999/xhtml" xml:lang="en" lang="en">
 <head>
  <title>
</title>
<meta http-equiv="Content-Type" content="text/html;charset=utf-8" />
  <meta name='ocr-system' content='tesseract 3.04.00' />
  <meta name='ocr-capabilities' content='ocr_page ocr_carea ocr_par ocr_line ocrx_word'/>
</head>
<body>
  <div class='ocr_page' id='page_1' title='image "./aburbeconditalib02livyuoft_0548.png"; bbox 0 0 1815 3184; ppageno 0'>
   <div class='ocr_carea' id='block_1_1' title="bbox 324 218 1381 273">
    <p class='ocr_par' dir='ltr' id='par_1_1' title="bbox 324 218 1381 273">
     <span class='ocr_line' id='line_1_1' title="bbox 324 218 1381 273; baseline -0.001 -9"><span class='ocrx_word' id='word_1_1' title='bbox 324 223 409 265; x_wconf 84' lang='lat'><strong>444</strong></span> <span class='ocrx_word' id='word_1_2' title='bbox 624 229 775 263; x_wconf 80' lang='lat' dir='ltr'>LIBER</span> <span class='ocrx_word' id='word_1_3' title='bbox 800 218 1008 272; x_wconf 72' lang='lat' dir='ltr'><strong>XXvnu,</strong></span> <span class='ocrx_word' id='word_1_4' title='bbox 1034 229 1064 261; x_wconf 78' lang='lat'><strong>2.</strong></span> <span class='ocrx_word' id='word_1_5' title='bbox 1085 228 1117 262; x_wconf 86' lang='lat'><strong>3.</strong></span> <span class='ocrx_word' id='word_1_6' title='bbox 1146 231 1193 271; x_wconf 74' lang='lat' dir='ltr'><strong>[a.</strong></span> <span class='ocrx_word' id='word_1_7' title='bbox 1207 240 1241 262; x_wconf 89' lang='lat' dir='ltr'><strong>u.</strong></span> <span class='ocrx_word' id='word_1_8' title='bbox 1256 240 1285 263; x_wconf 77' lang='lat' dir='ltr'><strong>e.</strong></span> <span class='ocrx_word' id='word_1_9' title='bbox 1299 230 1381 273; x_wconf 82' lang='lat'>549]</span> 
     </span>
    </p>
   </div>
   <div class='ocr_carea' id='block_1_2' title="bbox 261 330 1684 2718">
    <p class='ocr_par' dir='ltr' id='par_1_2' title="bbox 262 330 1679 570">
     <span class='ocr_line' id='line_1_2' title="bbox 262 330 1678 385; baseline -0.001 -12"><span class='ocrx_word' id='word_1_10' title='bbox 262 349 300 377; x_wconf 89' lang='lat'><strong>13</strong></span> <span class='ocrx_word' id='word_1_11' title='bbox 326 334 462 385; x_wconf 90' lang='lat' dir='ltr'><strong>itaque</strong></span> <span class='ocrx_word' id='word_1_12' title='bbox 499 331 653 372; x_wconf 89' lang='lat' dir='ltr'><strong>omissa</strong></span> <span class='ocrx_word' id='word_1_13' title='bbox 682 345 822 384; x_wconf 87' lang='lat' dir='ltr'><strong>pugna</strong></span> <span class='ocrx_word' id='word_1_14' title='bbox 853 330 1031 383; x_wconf 80' lang='lat' dir='ltr'>equestri</span> <span class='ocrx_word' id='word_1_15' title='bbox 1061 331 1114 370; x_wconf 87' lang='lat' dir='ltr'><strong>ad</strong></span> <span class='ocrx_word' id='word_1_16' title='bbox 1143 331 1374 384; x_wconf 82' lang='lat' dir='ltr'><strong>pedestrem</strong></span> <span class='ocrx_word' id='word_1_17' title='bbox 1399 330 1578 384; x_wconf 84' lang='lat' dir='ltr'>Hispani</span> <span class='ocrx_word' id='word_1_18' title='bbox 1607 332 1678 372; x_wconf 87' lang='lat' dir='ltr'><strong>de-</strong></span> 
     </span>
     <span class='ocr_line' id='line_1_3' title="bbox 325 391 1678 445; baseline -0.001 -11"><span class='ocrx_word' id='word_1_19' title='bbox 325 393 582 435; x_wconf 87' lang='lat' dir='ltr'><strong>scenderunt.</strong></span> <span class='ocrx_word' id='word_1_20' title='bbox 637 391 814 431; x_wconf 81' lang='lat' dir='ltr'><strong>Romani</strong></span> <span class='ocrx_word' id='word_1_21' title='bbox 838 391 1104 445; x_wconf 84' lang='lat' dir='ltr'><strong>imperatores</strong></span> <span class='ocrx_word' id='word_1_22' title='bbox 1130 398 1175 432; x_wconf 88' lang='lat' dir='ltr'><strong>ut</strong></span> <span class='ocrx_word' id='word_1_23' title='bbox 1200 391 1383 432; x_wconf 88' lang='lat' dir='ltr'><strong>turbatos</strong></span> <span class='ocrx_word' id='word_1_24' title='bbox 1408 391 1588 432; x_wconf 87' lang='lat' dir='ltr'><strong>hostium</strong></span> <span class='ocrx_word' id='word_1_25' title='bbox 1614 407 1678 433; x_wconf 88' lang='lat' dir='ltr'><strong>or-</strong></span> 
     </span>
     <span class='ocr_line' id='line_1_4' title="bbox 325 452 1679 506; baseline -0.001 -12"><span class='ocrx_word' id='word_1_26' title='bbox 325 455 440 494; x_wconf 84' lang='lat' dir='ltr'><strong>dines</strong></span> <span class='ocrx_word' id='word_1_27' title='bbox 467 460 505 493; x_wconf 92' lang='lat' dir='ltr'><strong>et</strong></span> <span class='ocrx_word' id='word_1_28' title='bbox 531 452 844 506; x_wconf 75' lang='lat' dir='ltr'><strong>trepidationem</strong></span> <span class='ocrx_word' id='word_1_29' title='bbox 869 466 1144 506; x_wconf 83' lang='lat' dir='ltr'><strong>pavoremque</strong></span> <span class='ocrx_word' id='word_1_30' title='bbox 1171 459 1210 492; x_wconf 92' lang='lat' dir='ltr'><strong>et</strong></span> <span class='ocrx_word' id='word_1_31' title='bbox 1234 452 1473 493; x_wconf 84' lang='lat' dir='ltr'><strong>fluctuantia</strong></span> <span class='ocrx_word' id='word_1_32' title='bbox 1491 453 1679 493; x_wconf 77' lang='lat' dir='ltr'><strong>viderunt</strong></span> 
     </span>
     <span class='ocr_line' id='line_1_5' title="bbox 325 513 1678 570; baseline -0.001 -14"><span class='ocrx_word' id='word_1_33' title='bbox 325 516 460 570; x_wconf 89' lang='lat' dir='ltr'><strong>signa,</strong></span> <span class='ocrx_word' id='word_1_34' title='bbox 488 514 711 563; x_wconf 83' lang='lat' dir='ltr'><strong>hortantur,</strong></span> <span class='ocrx_word' id='word_1_35' title='bbox 739 520 856 554; x_wconf 90' lang='lat' dir='ltr'><strong>orant</strong></span> <span class='ocrx_word' id='word_1_36' title='bbox 880 514 1048 562; x_wconf 85' lang='lat' dir='ltr'><strong>milites,</strong></span> <span class='ocrx_word' id='word_1_37' title='bbox 1075 520 1118 553; x_wconf 94' lang='lat' dir='ltr'><strong>ut</strong></span> <span class='ocrx_word' id='word_1_38' title='bbox 1143 513 1354 567; x_wconf 88' lang='lat' dir='ltr'><strong>perculsos</strong></span> <span class='ocrx_word' id='word_1_39' title='bbox 1379 514 1575 554; x_wconf 77' lang='lat' dir='ltr'><strong>invadant</strong></span> <span class='ocrx_word' id='word_1_40' title='bbox 1598 528 1678 554; x_wconf 90' lang='lat' dir='ltr'><strong>neu</strong></span> 
     </span>
    </p>

    <p class='ocr_par' dir='ltr' id='par_1_3' title="bbox 261 575 1681 753">
     <span class='ocr_line' id='line_1_6' title="bbox 261 575 1679 629; baseline -0.003 -10"><span class='ocrx_word' id='word_1_41' title='bbox 261 591 299 619; x_wconf 72' lang='lat'><strong>14</strong></span> <span class='ocrx_word' id='word_1_42' title='bbox 323 576 482 617; x_wconf 90' lang='lat' dir='ltr'><strong>restitui</strong></span> <span class='ocrx_word' id='word_1_43' title='bbox 513 576 641 617; x_wconf 80' lang='lat' dir='ltr'><strong>aciem</strong></span> <span class='ocrx_word' id='word_1_44' title='bbox 673 576 890 629; x_wconf 86' lang='lat' dir='ltr'><strong>patiantur.</strong></span> <span class='ocrx_word' id='word_1_45' title='bbox 950 590 1033 615; x_wconf 92' lang='lat' dir='ltr'><strong>non</strong></span> <span class='ocrx_word' id='word_1_46' title='bbox 1060 575 1351 615; x_wconf 80' lang='lat' dir='ltr'><strong>sustinuissent</strong></span> <span class='ocrx_word' id='word_1_47' title='bbox 1375 582 1459 616; x_wconf 86' lang='lat' dir='ltr'><strong>tam</strong></span> <span class='ocrx_word' id='word_1_48' title='bbox 1483 575 1679 615; x_wconf 87' lang='lat' dir='ltr'><strong>infestum</strong></span> 
     </span>
     <span class='ocr_line' id='line_1_7' title="bbox 324 636 1679 692; baseline -0.001 -15"><span class='ocrx_word' id='word_1_49' title='bbox 324 639 523 692; x_wconf 88' lang='lat' dir='ltr'><strong>impetum</strong></span> <span class='ocrx_word' id='word_1_50' title='bbox 548 637 728 686; x_wconf 91' lang='lat' dir='ltr'><strong>barbari,</strong></span> <span class='ocrx_word' id='word_1_51' title='bbox 761 637 804 677; x_wconf 92' lang='lat' dir='ltr'><strong>ni</strong></span> <span class='ocrx_word' id='word_1_52' title='bbox 828 636 995 691; x_wconf 88' lang='lat' dir='ltr'><strong>regulus</strong></span> <span class='ocrx_word' id='word_1_53' title='bbox 1021 637 1109 690; x_wconf 89' lang='lat' dir='ltr'><strong>ipse</strong></span> <span class='ocrx_word' id='word_1_54' title='bbox 1134 636 1322 677; x_wconf 89' lang='lat' dir='ltr'><strong>Indibilis</strong></span> <span class='ocrx_word' id='word_1_55' title='bbox 1349 651 1442 676; x_wconf 90' lang='lat' dir='ltr'><strong>eum</strong></span> <span class='ocrx_word' id='word_1_56' title='bbox 1474 637 1679 690; x_wconf 91' lang='lat' dir='ltr'><strong>equitibus</strong></span> 
     </span>
     <span class='ocr_line' id='line_1_8' title="bbox 325 697 1681 753; baseline -0.001 -14"><span class='ocrx_word' id='word_1_57' title='bbox 325 699 377 739; x_wconf 88' lang='lat' dir='ltr'><strong>ad</strong></span> <span class='ocrx_word' id='word_1_58' title='bbox 407 699 534 753; x_wconf 88' lang='lat' dir='ltr'><strong>pedes</strong></span> <span class='ocrx_word' id='word_1_59' title='bbox 566 698 772 753; x_wconf 82' lang='lat' dir='ltr'><strong>degressis</strong></span> <span class='ocrx_word' id='word_1_60' title='bbox 805 705 897 738; x_wconf 89' lang='lat' dir='ltr'><strong>ante</strong></span> <span class='ocrx_word' id='word_1_61' title='bbox 928 698 1060 752; x_wconf 84' lang='lat' dir='ltr'><strong>prima</strong></span> <span class='ocrx_word' id='word_1_62' title='bbox 1086 698 1205 752; x_wconf 85' lang='lat' dir='ltr'><strong>signa</strong></span> <span class='ocrx_word' id='word_1_63' title='bbox 1228 698 1413 751; x_wconf 86' lang='lat' dir='ltr'><strong>peditum</strong></span> <span class='ocrx_word' id='word_1_64' title='bbox 1439 712 1482 738; x_wconf 86' lang='lat' dir='ltr'><strong>se</strong></span> <span class='ocrx_word' id='word_1_65' title='bbox 1508 697 1681 738; x_wconf 88' lang='lat' dir='ltr'><strong>obiecis-</strong></span> 
     </span>
    </p>

    <p class='ocr_par' dir='ltr' id='par_1_4' title="bbox 262 760 1681 875">
     <span class='ocr_line' id='line_1_9' title="bbox 262 760 1681 814; baseline -0.003 -11"><span class='ocrx_word' id='word_1_66' title='bbox 262 774 299 804; x_wconf 88' lang='lat'><strong>15</strong></span> <span class='ocrx_word' id='word_1_67' title='bbox 327 767 399 801; x_wconf 89' lang='lat' dir='ltr'><strong>set.</strong></span> <span class='ocrx_word' id='word_1_68' title='bbox 448 760 506 801; x_wconf 92' lang='lat' dir='ltr'><strong>ibi</strong></span> <span class='ocrx_word' id='word_1_69' title='bbox 530 760 782 813; x_wconf 81' lang='lat' dir='ltr'><strong>aliquamdiu</strong></span> <span class='ocrx_word' id='word_1_70' title='bbox 807 767 924 800; x_wconf 78' lang='lat' dir='ltr'><strong>atrox</strong></span> <span class='ocrx_word' id='word_1_71' title='bbox 948 774 1089 814; x_wconf 87' lang='lat' dir='ltr'><strong>pugna</strong></span> <span class='ocrx_word' id='word_1_72' title='bbox 1115 760 1236 800; x_wconf 86' lang='lat' dir='ltr'><strong>stetit.</strong></span> <span class='ocrx_word' id='word_1_73' title='bbox 1280 760 1444 800; x_wconf 87' lang='lat' dir='ltr'><strong>tandem</strong></span> <span class='ocrx_word' id='word_1_74' title='bbox 1464 766 1681 813; x_wconf 83' lang='lat' dir='ltr'><strong>postquam</strong></span> 
     </span>
     <span class='ocr_line' id='line_1_10' title="bbox 324 820 1681 875; baseline -0.001 -13"><span class='ocrx_word' id='word_1_75' title='bbox 324 822 371 871; x_wconf 91' lang='lat' dir='ltr'><strong>ii,</strong></span> <span class='ocrx_word' id='word_1_76' title='bbox 420 822 491 875; x_wconf 91' lang='lat' dir='ltr'><strong>qui</strong></span> <span class='ocrx_word' id='word_1_77' title='bbox 533 822 640 862; x_wconf 86' lang='lat' dir='ltr'><strong>circa</strong></span> <span class='ocrx_word' id='word_1_78' title='bbox 675 836 815 875; x_wconf 82' lang='lat' dir='ltr'><strong>regem</strong></span> <span class='ocrx_word' id='word_1_79' title='bbox 853 821 1099 861; x_wconf 85' lang='lat' dir='ltr'><strong>seminecem</strong></span> <span class='ocrx_word' id='word_1_80' title='bbox 1134 827 1375 869; x_wconf 88' lang='lat' dir='ltr'><strong>restantem,</strong></span> <span class='ocrx_word' id='word_1_81' title='bbox 1418 820 1564 861; x_wconf 88' lang='lat' dir='ltr'><strong>deinde</strong></span> <span class='ocrx_word' id='word_1_82' title='bbox 1598 820 1681 874; x_wconf 89' lang='lat' dir='ltr'><strong>pilo</strong></span> 
     </span>
    </p>

    <p class='ocr_par' dir='ltr' id='par_1_5' title="bbox 263 881 1683 1118">
     <span class='ocr_line' id='line_1_11' title="bbox 263 881 1680 937; baseline -0.003 -12"><span class='ocrx_word' id='word_1_83' title='bbox 263 897 300 926; x_wconf 90' lang='lat'><strong>16</strong></span> <span class='ocrx_word' id='word_1_84' title='bbox 327 890 457 924; x_wconf 89' lang='lat' dir='ltr'><strong>terrae</strong></span> <span class='ocrx_word' id='word_1_85' title='bbox 488 883 670 923; x_wconf 81' lang='lat' dir='ltr'><strong>adfixum</strong></span> <span class='ocrx_word' id='word_1_86' title='bbox 696 882 953 937; x_wconf 78' lang='lat' dir='ltr'><strong>pugnabant,</strong></span> <span class='ocrx_word' id='word_1_87' title='bbox 987 882 1121 923; x_wconf 91' lang='lat' dir='ltr'><strong>obruti</strong></span> <span class='ocrx_word' id='word_1_88' title='bbox 1147 882 1237 922; x_wconf 88' lang='lat' dir='ltr'><strong>telis</strong></span> <span class='ocrx_word' id='word_1_89' title='bbox 1264 881 1561 930; x_wconf 87' lang='lat' dir='ltr'><strong>occubuerunt,</strong></span> <span class='ocrx_word' id='word_1_90' title='bbox 1594 888 1680 921; x_wconf 88' lang='lat' dir='ltr'><strong>tum</strong></span> 
     </span>
     <span class='ocr_line' id='line_1_12' title="bbox 326 943 1683 1000; baseline -0.001 -15"><span class='ocrx_word' id='word_1_91' title='bbox 326 945 427 1000; x_wconf 87' lang='lat' dir='ltr'><strong>fuga</strong></span> <span class='ocrx_word' id='word_1_92' title='bbox 452 945 607 999; x_wconf 89' lang='lat' dir='ltr'><strong>passim</strong></span> <span class='ocrx_word' id='word_1_93' title='bbox 633 952 777 998; x_wconf 88' lang='lat' dir='ltr'><strong>coepta</strong></span> <span class='ocrx_word' id='word_1_94' title='bbox 795 944 932 998; x_wconf 89' lang='lat' dir='ltr'><strong>plures</strong></span> <span class='ocrx_word' id='word_1_95' title='bbox 952 945 1078 993; x_wconf 86' lang='lat' dir='ltr'><strong>eaesi,</strong></span> <span class='ocrx_word' id='word_1_96' title='bbox 1105 945 1201 997; x_wconf 88' lang='lat' dir='ltr'><strong>quia</strong></span> <span class='ocrx_word' id='word_1_97' title='bbox 1226 958 1353 997; x_wconf 90' lang='lat' dir='ltr'><strong>equos</strong></span> <span class='ocrx_word' id='word_1_98' title='bbox 1380 943 1683 984; x_wconf 89' lang='lat' dir='ltr'><strong>conscendendi</strong></span> 
     </span>
     <span class='ocr_line' id='line_1_13' title="bbox 327 1004 1681 1060; baseline -0.002 -13"><span class='ocrx_word' id='word_1_99' title='bbox 327 1006 531 1059; x_wconf 88' lang='lat' dir='ltr'><strong>equitibus</strong></span> <span class='ocrx_word' id='word_1_100' title='bbox 564 1006 741 1060; x_wconf 86' lang='lat' dir='ltr'><strong>spatium</strong></span> <span class='ocrx_word' id='word_1_101' title='bbox 771 1020 854 1046; x_wconf 90' lang='lat' dir='ltr'><strong>non</strong></span> <span class='ocrx_word' id='word_1_102' title='bbox 884 1005 1017 1045; x_wconf 84' lang='lat' dir='ltr'><strong>suerat</strong></span> <span class='ocrx_word' id='word_1_103' title='bbox 1043 1012 1083 1045; x_wconf 87' lang='lat' dir='ltr'><strong>et</strong></span> <span class='ocrx_word' id='word_1_104' title='bbox 1108 1006 1203 1058; x_wconf 89' lang='lat' dir='ltr'><strong>quia</strong></span> <span class='ocrx_word' id='word_1_105' title='bbox 1227 1005 1426 1059; x_wconf 84' lang='lat' dir='ltr'><strong>perculsis</strong></span> <span class='ocrx_word' id='word_1_106' title='bbox 1452 1005 1597 1045; x_wconf 87' lang='lat' dir='ltr'><strong>acriter</strong></span> <span class='ocrx_word' id='word_1_107' title='bbox 1620 1004 1681 1044; x_wconf 90' lang='lat' dir='ltr'><strong>in-</strong></span> 
     </span>
     <span class='ocr_line' id='line_1_14' title="bbox 327 1065 1679 1118; baseline -0.002 -10"><span class='ocrx_word' id='word_1_108' title='bbox 327 1068 515 1108; x_wconf 90' lang='lat' dir='ltr'><strong>stiterunt</strong></span> <span class='ocrx_word' id='word_1_109' title='bbox 539 1067 730 1108; x_wconf 85' lang='lat' dir='ltr'><strong>Romani.</strong></span> <span class='ocrx_word' id='word_1_110' title='bbox 790 1081 865 1106; x_wconf 90' lang='lat' dir='ltr'><strong>nec</strong></span> <span class='ocrx_word' id='word_1_111' title='bbox 891 1073 983 1107; x_wconf 88' lang='lat' dir='ltr'><strong>ante</strong></span> <span class='ocrx_word' id='word_1_112' title='bbox 1015 1066 1255 1107; x_wconf 87' lang='lat' dir='ltr'><strong>abscessum</strong></span> <span class='ocrx_word' id='word_1_113' title='bbox 1288 1073 1349 1106; x_wconf 86' lang='lat' dir='ltr'><strong>est</strong></span> <span class='ocrx_word' id='word_1_114' title='bbox 1380 1081 1503 1118; x_wconf 87' lang='lat' dir='ltr'><strong>quam</strong></span> <span class='ocrx_word' id='word_1_115' title='bbox 1537 1065 1679 1106; x_wconf 86' lang='lat' dir='ltr'><strong>castris</strong></span> 
     </span>
    </p>

    <p class='ocr_par' dir='ltr' id='par_1_6' title="bbox 262 1127 1682 1304">
     <span class='ocr_line' id='line_1_15' title="bbox 262 1127 1681 1182; baseline -0.003 -12"><span class='ocrx_word' id='word_1_116' title='bbox 262 1144 300 1171; x_wconf 84' lang='lat'><strong>17</strong></span> <span class='ocrx_word' id='word_1_117' title='bbox 327 1143 490 1182; x_wconf 90' lang='lat' dir='ltr'><strong>quoque</strong></span> <span class='ocrx_word' id='word_1_118' title='bbox 522 1136 722 1169; x_wconf 80' lang='lat' dir='ltr'><strong>exuerunt</strong></span> <span class='ocrx_word' id='word_1_119' title='bbox 751 1128 924 1168; x_wconf 83' lang='lat' dir='ltr'><strong>hostem.</strong></span> <span class='ocrx_word' id='word_1_120' title='bbox 985 1128 1129 1168; x_wconf 85' lang='lat' dir='ltr'><strong>decem</strong></span> <span class='ocrx_word' id='word_1_121' title='bbox 1162 1128 1238 1168; x_wconf 84' lang='lat' dir='ltr'><strong>tria</strong></span> <span class='ocrx_word' id='word_1_122' title='bbox 1261 1128 1372 1167; x_wconf 86' lang='lat' dir='ltr'><strong>milia</strong></span> <span class='ocrx_word' id='word_1_123' title='bbox 1398 1127 1681 1180; x_wconf 88' lang='lat' dir='ltr'><strong>Hispanorum</strong></span> 
     </span>
     <span class='ocr_line' id='line_1_16' title="bbox 328 1188 1682 1243; baseline -0.002 -13"><span class='ocrx_word' id='word_1_124' title='bbox 328 1205 449 1230; x_wconf 88' lang='lat' dir='ltr'><strong>caesa</strong></span> <span class='ocrx_word' id='word_1_125' title='bbox 475 1204 522 1230; x_wconf 92' lang='lat' dir='ltr'><strong>eo</strong></span> <span class='ocrx_word' id='word_1_126' title='bbox 547 1190 630 1238; x_wconf 85' lang='lat' dir='ltr'><strong>die,</strong></span> <span class='ocrx_word' id='word_1_127' title='bbox 662 1189 772 1229; x_wconf 89' lang='lat' dir='ltr'><strong>mille</strong></span> <span class='ocrx_word' id='word_1_128' title='bbox 805 1189 1029 1243; x_wconf 80' lang='lat' dir='ltr'><strong>octingenti</strong></span> <span class='ocrx_word' id='word_1_129' title='bbox 1060 1189 1187 1229; x_wconf 87' lang='lat' dir='ltr'><strong>ferme</strong></span> <span class='ocrx_word' id='word_1_130' title='bbox 1220 1189 1340 1242; x_wconf 87' lang='lat' dir='ltr'><strong>capti.</strong></span> <span class='ocrx_word' id='word_1_131' title='bbox 1400 1188 1682 1228; x_wconf 86' lang='lat' dir='ltr'><strong>Romanorum</strong></span> 
     </span>
     <span class='ocr_line' id='line_1_17' title="bbox 330 1249 1681 1304; baseline -0.001 -13"><span class='ocrx_word' id='word_1_132' title='bbox 330 1251 615 1304; x_wconf 88' lang='lat' dir='ltr'><strong>sociorumque</strong></span> <span class='ocrx_word' id='word_1_133' title='bbox 650 1251 773 1304; x_wconf 89' lang='lat' dir='ltr'><strong>paulo</strong></span> <span class='ocrx_word' id='word_1_134' title='bbox 810 1251 986 1303; x_wconf 86' lang='lat' dir='ltr'><strong>amplius</strong></span> <span class='ocrx_word' id='word_1_135' title='bbox 1029 1251 1211 1299; x_wconf 84' lang='lat' dir='ltr'><strong>ducenti,</strong></span> <span class='ocrx_word' id='word_1_136' title='bbox 1261 1250 1439 1290; x_wconf 84' lang='lat' dir='ltr'><strong>maxime</strong></span> <span class='ocrx_word' id='word_1_137' title='bbox 1481 1250 1523 1290; x_wconf 91' lang='lat' dir='ltr'><strong>in</strong></span> <span class='ocrx_word' id='word_1_138' title='bbox 1564 1249 1681 1290; x_wconf 77' lang='lat' dir='ltr'><strong>laevo</strong></span> 
     </span>
    </p>

    <p class='ocr_par' dir='ltr' id='par_1_7' title="bbox 264 1311 1682 1489">
     <span class='ocr_line' id='line_1_18' title="bbox 264 1311 1682 1365; baseline -0.002 -11"><span class='ocrx_word' id='word_1_139' title='bbox 264 1325 302 1355; x_wconf 85' lang='lat'><strong>18</strong></span> <span class='ocrx_word' id='word_1_140' title='bbox 329 1327 472 1361; x_wconf 79' lang='lat' dir='ltr'><strong>cornU‚</strong></span> <span class='ocrx_word' id='word_1_141' title='bbox 500 1312 744 1352; x_wconf 88' lang='lat' dir='ltr'><strong>ceciderunt.</strong></span> <span class='ocrx_word' id='word_1_142' title='bbox 794 1311 901 1365; x_wconf 84' lang='lat' dir='ltr'><strong>pulsi</strong></span> <span class='ocrx_word' id='word_1_143' title='bbox 927 1311 1070 1352; x_wconf 89' lang='lat' dir='ltr'><strong>eastris</strong></span> <span class='ocrx_word' id='word_1_144' title='bbox 1096 1312 1275 1365; x_wconf 83' lang='lat' dir='ltr'><strong>Hispani</strong></span> <span class='ocrx_word' id='word_1_145' title='bbox 1300 1318 1370 1352; x_wconf 90' lang='lat' dir='ltr'><strong>aut</strong></span> <span class='ocrx_word' id='word_1_146' title='bbox 1395 1311 1464 1363; x_wconf 91' lang='lat' dir='ltr'><strong>qui</strong></span> <span class='ocrx_word' id='word_1_147' title='bbox 1490 1326 1541 1351; x_wconf 80' lang='lat' dir='ltr'><strong>ex</strong></span> <span class='ocrx_word' id='word_1_148' title='bbox 1564 1325 1682 1365; x_wconf 90' lang='lat' dir='ltr'><strong>proe-</strong></span> 
     </span>
     <span class='ocr_line' id='line_1_19' title="bbox 328 1372 1678 1428; baseline -0.001 -14"><span class='ocrx_word' id='word_1_149' title='bbox 328 1374 381 1414; x_wconf 92' lang='lat' dir='ltr'><strong>lio</strong></span> <span class='ocrx_word' id='word_1_150' title='bbox 419 1374 648 1428; x_wconf 85' lang='lat' dir='ltr'><strong>effugerant</strong></span> <span class='ocrx_word' id='word_1_151' title='bbox 685 1374 817 1427; x_wconf 87' lang='lat' dir='ltr'><strong>sparsi</strong></span> <span class='ocrx_word' id='word_1_152' title='bbox 852 1373 984 1426; x_wconf 88' lang='lat' dir='ltr'><strong>primo</strong></span> <span class='ocrx_word' id='word_1_153' title='bbox 1020 1387 1093 1427; x_wconf 90' lang='lat' dir='ltr'><strong>per</strong></span> <span class='ocrx_word' id='word_1_154' title='bbox 1128 1388 1269 1427; x_wconf 88' lang='lat' dir='ltr'><strong>agros,</strong></span> <span class='ocrx_word' id='word_1_155' title='bbox 1318 1373 1464 1413; x_wconf 88' lang='lat' dir='ltr'><strong>deinde</strong></span> <span class='ocrx_word' id='word_1_156' title='bbox 1505 1372 1548 1413; x_wconf 90' lang='lat' dir='ltr'><strong>in</strong></span> <span class='ocrx_word' id='word_1_157' title='bbox 1584 1387 1678 1413; x_wconf 89' lang='lat' dir='ltr'><strong>suas</strong></span> 
     </span>
     <span class='ocr_line' id='line_1_20' title="bbox 327 1435 955 1489; baseline -0.002 -14"><span class='ocrx_word' id='word_1_158' title='bbox 327 1436 501 1489; x_wconf 86' lang='lat' dir='ltr'><strong>quisque</strong></span> <span class='ocrx_word' id='word_1_159' title='bbox 527 1436 711 1475; x_wconf 77' lang='lat' dir='ltr'><strong>civitates</strong></span> <span class='ocrx_word' id='word_1_160' title='bbox 736 1435 955 1474; x_wconf 85' lang='lat' dir='ltr'><strong>redierunt.</strong></span> 
     </span>
    </p>

    <p class='ocr_par' dir='ltr' id='par_1_8' title="bbox 286 1495 1683 1671">
     <span class='ocr_line' id='line_1_21' title="bbox 286 1495 1682 1547; baseline -0.003 -9"><span class='ocrx_word' id='word_1_161' title='bbox 286 1512 299 1539; x_wconf 94' lang='lat'>1</span> <span class='ocrx_word' id='word_1_162' title='bbox 411 1496 491 1537; x_wconf 79' lang='grc' dir='ltr'><strong>ΙΙΙ.</strong></span> <span class='ocrx_word' id='word_1_163' title='bbox 530 1497 638 1536; x_wconf 86' lang='lat' dir='ltr'><strong>Tum</strong></span> <span class='ocrx_word' id='word_1_164' title='bbox 664 1512 687 1536; x_wconf 89' lang='lat' dir='ltr'><strong>a</strong></span> <span class='ocrx_word' id='word_1_165' title='bbox 705 1496 932 1536; x_wconf 85' lang='lat' dir='ltr'><strong>Mandonio</strong></span> <span class='ocrx_word' id='word_1_166' title='bbox 959 1496 1117 1536; x_wconf 74' lang='lat' dir='ltr'><strong>evocati</strong></span> <span class='ocrx_word' id='word_1_167' title='bbox 1141 1496 1183 1535; x_wconf 89' lang='lat' dir='ltr'><strong>in</strong></span> <span class='ocrx_word' id='word_1_168' title='bbox 1208 1495 1425 1536; x_wconf 88' lang='lat' dir='ltr'><strong>concilium</strong></span> <span class='ocrx_word' id='word_1_169' title='bbox 1450 1495 1682 1547; x_wconf 87' lang='lat' dir='ltr'><strong>conquesti-</strong></span> 
     </span>
     <span class='ocr_line' id='line_1_22' title="bbox 328 1556 1681 1611; baseline -0.001 -14"><span class='ocrx_word' id='word_1_170' title='bbox 328 1572 408 1610; x_wconf 88' lang='lat' dir='ltr'><strong>que</strong></span> <span class='ocrx_word' id='word_1_171' title='bbox 444 1557 501 1597; x_wconf 89' lang='lat' dir='ltr'><strong>ibi</strong></span> <span class='ocrx_word' id='word_1_172' title='bbox 531 1557 668 1598; x_wconf 84' lang='lat' dir='ltr'><strong>clades</strong></span> <span class='ocrx_word' id='word_1_173' title='bbox 702 1572 815 1606; x_wconf 88' lang='lat' dir='ltr'><strong>suas,</strong></span> <span class='ocrx_word' id='word_1_174' title='bbox 853 1557 1062 1610; x_wconf 86' lang='lat' dir='ltr'><strong>increpitis</strong></span> <span class='ocrx_word' id='word_1_175' title='bbox 1099 1557 1334 1597; x_wconf 87' lang='lat' dir='ltr'><strong>auctoribus</strong></span> <span class='ocrx_word' id='word_1_176' title='bbox 1371 1556 1486 1605; x_wconf 88' lang='lat' dir='ltr'><strong>belli,</strong></span> <span class='ocrx_word' id='word_1_177' title='bbox 1523 1556 1681 1611; x_wconf 90' lang='lat' dir='ltr'><strong>legatos</strong></span> 
     </span>
     <span class='ocr_line' id='line_1_23' title="bbox 327 1617 1683 1671; baseline -0.001 -13"><span class='ocrx_word' id='word_1_178' title='bbox 327 1619 547 1659; x_wconf 89' lang='lat' dir='ltr'><strong>mittendos</strong></span> <span class='ocrx_word' id='word_1_179' title='bbox 590 1619 642 1658; x_wconf 91' lang='lat' dir='ltr'><strong>ad</strong></span> <span class='ocrx_word' id='word_1_180' title='bbox 685 1633 798 1658; x_wconf 85' lang='lat' dir='ltr'><strong>arma</strong></span> <span class='ocrx_word' id='word_1_181' title='bbox 840 1618 1038 1658; x_wconf 86' lang='lat' dir='ltr'><strong>tradenda</strong></span> <span class='ocrx_word' id='word_1_182' title='bbox 1079 1618 1411 1671; x_wconf 86' lang='lat' dir='ltr'><strong>deditionemque</strong></span> <span class='ocrx_word' id='word_1_183' title='bbox 1452 1617 1683 1657; x_wconf 84' lang='lat' dir='ltr'><strong>faciendam</strong></span> 
     </span>
    </p>

    <p class='ocr_par' dir='ltr' id='par_1_9' title="bbox 283 1679 1683 1856">
     <span class='ocr_line' id='line_1_24' title="bbox 283 1679 1683 1734; baseline -0.002 -12"><span class='ocrx_word' id='word_1_184' title='bbox 283 1695 301 1722; x_wconf 75' lang='lat'><strong>‘2</strong></span> <span class='ocrx_word' id='word_1_185' title='bbox 329 1695 535 1721; x_wconf 87' lang='lat' dir='ltr'><strong>censuere.</strong></span> <span class='ocrx_word' id='word_1_186' title='bbox 595 1680 746 1732; x_wconf 85' lang='lat' dir='ltr'><strong>quibus</strong></span> <span class='ocrx_word' id='word_1_187' title='bbox 790 1680 953 1734; x_wconf 90' lang='lat' dir='ltr'><strong>culpam</strong></span> <span class='ocrx_word' id='word_1_188' title='bbox 994 1680 1036 1720; x_wconf 89' lang='lat' dir='ltr'><strong>in</strong></span> <span class='ocrx_word' id='word_1_189' title='bbox 1079 1687 1287 1720; x_wconf 86' lang='lat' dir='ltr'><strong>auctorem</strong></span> <span class='ocrx_word' id='word_1_190' title='bbox 1328 1679 1424 1720; x_wconf 90' lang='lat' dir='ltr'><strong>belli</strong></span> <span class='ocrx_word' id='word_1_191' title='bbox 1465 1679 1683 1720; x_wconf 88' lang='lat' dir='ltr'><strong>Indibilem</strong></span> 
     </span>
     <span class='ocr_line' id='line_1_25' title="bbox 328 1741 1682 1795; baseline -0.001 -13"><span class='ocrx_word' id='word_1_192' title='bbox 328 1749 567 1795; x_wconf 85' lang='lat' dir='ltr'><strong>ceterosque</strong></span> <span class='ocrx_word' id='word_1_193' title='bbox 588 1742 811 1795; x_wconf 85' lang='lat' dir='ltr'><strong>principes,</strong></span> <span class='ocrx_word' id='word_1_194' title='bbox 839 1756 1013 1794; x_wconf 87' lang='lat' dir='ltr'><strong>quorum</strong></span> <span class='ocrx_word' id='word_1_195' title='bbox 1037 1741 1221 1795; x_wconf 88' lang='lat' dir='ltr'><strong>plerique</strong></span> <span class='ocrx_word' id='word_1_196' title='bbox 1246 1742 1288 1781; x_wconf 89' lang='lat' dir='ltr'><strong>in</strong></span> <span class='ocrx_word' id='word_1_197' title='bbox 1313 1741 1399 1781; x_wconf 91' lang='lat' dir='ltr'><strong>acie</strong></span> <span class='ocrx_word' id='word_1_198' title='bbox 1425 1741 1682 1790; x_wconf 84' lang='lat' dir='ltr'><strong>cecidissent,</strong></span> 
     </span>
     <span class='ocr_line' id='line_1_26' title="bbox 328 1802 1683 1856; baseline -0.001 -12"><span class='ocrx_word' id='word_1_199' title='bbox 328 1803 653 1852; x_wconf 84' lang='lat' dir='ltr'><strong>conferentibus,</strong></span> <span class='ocrx_word' id='word_1_200' title='bbox 703 1803 1039 1856; x_wconf 85' lang='lat' dir='ltr'><strong>tradentibusque</strong></span> <span class='ocrx_word' id='word_1_201' title='bbox 1081 1818 1195 1843; x_wconf 87' lang='lat' dir='ltr'><strong>arma</strong></span> <span class='ocrx_word' id='word_1_202' title='bbox 1237 1809 1276 1843; x_wconf 91' lang='lat' dir='ltr'><strong>et</strong></span> <span class='ocrx_word' id='word_1_203' title='bbox 1312 1802 1555 1843; x_wconf 90' lang='lat' dir='ltr'><strong>dedentibus</strong></span> <span class='ocrx_word' id='word_1_204' title='bbox 1593 1817 1683 1842; x_wconf 90' lang='lat' dir='ltr'><strong>sese</strong></span> 
     </span>
    </p>

    <p class='ocr_par' dir='ltr' id='par_1_10' title="bbox 283 1863 1683 2041">
     <span class='ocr_line' id='line_1_27' title="bbox 283 1863 1683 1918; baseline -0.001 -13"><span class='ocrx_word' id='word_1_205' title='bbox 283 1879 301 1907; x_wconf 86' lang='lat'>3</span> <span class='ocrx_word' id='word_1_206' title='bbox 327 1880 571 1918; x_wconf 89' lang='lat' dir='ltr'><strong>responsum</strong></span> <span class='ocrx_word' id='word_1_207' title='bbox 603 1871 682 1904; x_wconf 88' lang='lat' dir='ltr'><strong>est:</strong></span> <span class='ocrx_word' id='word_1_208' title='bbox 720 1865 760 1904; x_wconf 92' lang='lat' dir='ltr'><strong>in</strong></span> <span class='ocrx_word' id='word_1_209' title='bbox 793 1865 1042 1904; x_wconf 86' lang='lat' dir='ltr'><strong>deditionem</strong></span> <span class='ocrx_word' id='word_1_210' title='bbox 1073 1864 1129 1904; x_wconf 88' lang='lat' dir='ltr'><strong>ita</strong></span> <span class='ocrx_word' id='word_1_211' title='bbox 1161 1864 1291 1918; x_wconf 88' lang='lat' dir='ltr'><strong>accipi</strong></span> <span class='ocrx_word' id='word_1_212' title='bbox 1321 1878 1410 1912; x_wconf 89' lang='lat' dir='ltr'><strong>eos,</strong></span> <span class='ocrx_word' id='word_1_213' title='bbox 1448 1863 1483 1904; x_wconf 90' lang='lat' dir='ltr'><strong>si</strong></span> <span class='ocrx_word' id='word_1_214' title='bbox 1506 1863 1683 1903; x_wconf 89' lang='lat' dir='ltr'><strong>Mando-</strong></span> 
     </span>
     <span class='ocr_line' id='line_1_28' title="bbox 327 1924 1683 1979; baseline -0.001 -13"><span class='ocrx_word' id='word_1_215' title='bbox 327 1927 441 1966; x_wconf 89' lang='lat' dir='ltr'><strong>nium</strong></span> <span class='ocrx_word' id='word_1_216' title='bbox 477 1933 716 1979; x_wconf 88' lang='lat' dir='ltr'><strong>ceterosque</strong></span> <span class='ocrx_word' id='word_1_217' title='bbox 753 1926 849 1966; x_wconf 90' lang='lat' dir='ltr'><strong>belli</strong></span> <span class='ocrx_word' id='word_1_218' title='bbox 885 1927 1111 1966; x_wconf 87' lang='lat' dir='ltr'><strong>concitores</strong></span> <span class='ocrx_word' id='word_1_219' title='bbox 1156 1926 1420 1966; x_wconf 87' lang='lat' dir='ltr'><strong>tradidissent</strong></span> <span class='ocrx_word' id='word_1_220' title='bbox 1461 1925 1599 1973; x_wconf 71' lang='lat' dir='ltr'><strong>viv0s3</strong></span> <span class='ocrx_word' id='word_1_221' title='bbox 1649 1924 1683 1964; x_wconf 88' lang='lat' dir='ltr'><strong>si</strong></span> 
     </span>
     <span class='ocr_line' id='line_1_29' title="bbox 328 1985 1682 2041; baseline -0.001 -14"><span class='ocrx_word' id='word_1_222' title='bbox 328 1989 481 2037; x_wconf 85' lang='lat' dir='ltr'><strong>minus,</strong></span> <span class='ocrx_word' id='word_1_223' title='bbox 521 1988 744 2028; x_wconf 82' lang='lat' dir='ltr'><strong>exereitum</strong></span> <span class='ocrx_word' id='word_1_224' title='bbox 777 2003 820 2028; x_wconf 87' lang='lat' dir='ltr'><strong>se</strong></span> <span class='ocrx_word' id='word_1_225' title='bbox 850 1988 893 2027; x_wconf 90' lang='lat' dir='ltr'><strong>in</strong></span> <span class='ocrx_word' id='word_1_226' title='bbox 923 2003 1069 2041; x_wconf 88' lang='lat' dir='ltr'><strong>agrum</strong></span> <span class='ocrx_word' id='word_1_227' title='bbox 1099 1987 1324 2041; x_wconf 88' lang='lat' dir='ltr'><strong>Ilergetum</strong></span> <span class='ocrx_word' id='word_1_228' title='bbox 1354 1985 1682 2026; x_wconf 89' lang='lat' dir='ltr'><strong>Ausetanorum-</strong></span> 
     </span>
    </p>

    <p class='ocr_par' dir='ltr' id='par_1_11' title="bbox 283 2047 1683 2165">
     <span class='ocr_line' id='line_1_30' title="bbox 283 2047 1682 2103; baseline -0.003 -13"><span class='ocrx_word' id='word_1_229' title='bbox 283 2063 302 2091; x_wconf 75' lang='lat'>4</span> <span class='ocrx_word' id='word_1_230' title='bbox 328 2064 407 2102; x_wconf 90' lang='lat' dir='ltr'><strong>que</strong></span> <span class='ocrx_word' id='word_1_231' title='bbox 433 2056 472 2090; x_wconf 91' lang='lat' dir='ltr'><strong>et</strong></span> <span class='ocrx_word' id='word_1_232' title='bbox 497 2049 691 2103; x_wconf 86' lang='lat' dir='ltr'><strong>deinceps</strong></span> <span class='ocrx_word' id='word_1_233' title='bbox 718 2049 890 2089; x_wconf 87' lang='lat' dir='ltr'><strong>aliorum</strong></span> <span class='ocrx_word' id='word_1_234' title='bbox 915 2049 1160 2103; x_wconf 90' lang='lat' dir='ltr'><strong>populorum</strong></span> <span class='ocrx_word' id='word_1_235' title='bbox 1185 2049 1391 2088; x_wconf 90' lang='lat' dir='ltr'><strong>ducturos.</strong></span> <span class='ocrx_word' id='word_1_236' title='bbox 1446 2047 1549 2087; x_wconf 88' lang='lat' dir='ltr'><strong>haee</strong></span> <span class='ocrx_word' id='word_1_237' title='bbox 1574 2047 1682 2086; x_wconf 89' lang='lat' dir='ltr'><strong>dieta</strong></span> 
     </span>
     <span class='ocr_line' id='line_1_31' title="bbox 326 2107 1683 2165; baseline -0.001 -15"><span class='ocrx_word' id='word_1_238' title='bbox 326 2111 472 2165; x_wconf 88' lang='lat' dir='ltr'><strong>legatis</strong></span> <span class='ocrx_word' id='word_1_239' title='bbox 498 2111 810 2163; x_wconf 88' lang='lat' dir='ltr'><strong>renuntiataque</strong></span> <span class='ocrx_word' id='word_1_240' title='bbox 836 2111 878 2150; x_wconf 90' lang='lat' dir='ltr'><strong>in</strong></span> <span class='ocrx_word' id='word_1_241' title='bbox 903 2110 1133 2150; x_wconf 89' lang='lat' dir='ltr'><strong>concilium.</strong></span> <span class='ocrx_word' id='word_1_242' title='bbox 1181 2109 1239 2150; x_wconf 85' lang='lat' dir='ltr'><strong>ibi</strong></span> <span class='ocrx_word' id='word_1_243' title='bbox 1263 2109 1515 2149; x_wconf 86' lang='lat' dir='ltr'><strong>Mandonius</strong></span> <span class='ocrx_word' id='word_1_244' title='bbox 1542 2107 1683 2149; x_wconf 89' lang='lat' dir='ltr'><strong>ceteri-</strong></span> 
     </span>
    </p>

    <p class='ocr_par' dir='ltr' id='par_1_12' title="bbox 283 2169 1684 2410">
     <span class='ocr_line' id='line_1_32' title="bbox 283 2169 1684 2226; baseline -0.003 -13"><span class='ocrx_word' id='word_1_245' title='bbox 283 2187 301 2214; x_wconf 71' lang='grc'><em>5</em></span> <span class='ocrx_word' id='word_1_246' title='bbox 327 2187 406 2226; x_wconf 90' lang='lat' dir='ltr'><strong>que</strong></span> <span class='ocrx_word' id='word_1_247' title='bbox 431 2173 636 2226; x_wconf 89' lang='lat' dir='ltr'><strong>principes</strong></span> <span class='ocrx_word' id='word_1_248' title='bbox 663 2171 934 2226; x_wconf 82' lang='lat' dir='ltr'><strong>conprehensi</strong></span> <span class='ocrx_word' id='word_1_249' title='bbox 965 2178 1004 2212; x_wconf 87' lang='lat' dir='ltr'><strong>et</strong></span> <span class='ocrx_word' id='word_1_250' title='bbox 1033 2171 1169 2211; x_wconf 86' lang='lat' dir='ltr'><strong>traditi</strong></span> <span class='ocrx_word' id='word_1_251' title='bbox 1202 2171 1254 2211; x_wconf 91' lang='lat' dir='ltr'><strong>ad</strong></span> <span class='ocrx_word' id='word_1_252' title='bbox 1287 2170 1545 2224; x_wconf 88' lang='lat' dir='ltr'><strong>supplicium.</strong></span> <span class='ocrx_word' id='word_1_253' title='bbox 1605 2169 1684 2209; x_wconf 89' lang='lat' dir='ltr'><strong>Hi-</strong></span> 
     </span>
     <span class='ocr_line' id='line_1_33' title="bbox 328 2231 1683 2288; baseline -0.002 -14"><span class='ocrx_word' id='word_1_254' title='bbox 328 2235 494 2288; x_wconf 86' lang='lat' dir='ltr'><strong>spaniae</strong></span> <span class='ocrx_word' id='word_1_255' title='bbox 519 2234 681 2288; x_wconf 84' lang='lat' dir='ltr'><strong>populis</strong></span> <span class='ocrx_word' id='word_1_256' title='bbox 707 2234 867 2274; x_wconf 84' lang='lat' dir='ltr'><strong>reddita</strong></span> <span class='ocrx_word' id='word_1_257' title='bbox 890 2248 991 2287; x_wconf 81' lang='lat' dir='ltr'><strong>pax,</strong></span> <span class='ocrx_word' id='word_1_258' title='bbox 1025 2233 1273 2286; x_wconf 87' lang='lat' dir='ltr'><strong>stipendium</strong></span> <span class='ocrx_word' id='word_1_259' title='bbox 1299 2233 1386 2273; x_wconf 89' lang='lat' dir='ltr'><strong>eius</strong></span> <span class='ocrx_word' id='word_1_260' title='bbox 1412 2232 1507 2272; x_wconf 89' lang='lat' dir='ltr'><strong>anni</strong></span> <span class='ocrx_word' id='word_1_261' title='bbox 1531 2231 1683 2284; x_wconf 88' lang='lat' dir='ltr'><strong>duplex</strong></span> 
     </span>
     <span class='ocr_line' id='line_1_34' title="bbox 328 2295 1683 2349; baseline -0.003 -13"><span class='ocrx_word' id='word_1_262' title='bbox 328 2304 367 2336; x_wconf 92' lang='lat' dir='ltr'><strong>et</strong></span> <span class='ocrx_word' id='word_1_263' title='bbox 398 2296 649 2336; x_wconf 82' lang='lat' dir='ltr'><strong>frumentum</strong></span> <span class='ocrx_word' id='word_1_264' title='bbox 682 2310 755 2336; x_wconf 78' lang='lat' dir='ltr'><strong>sex</strong></span> <span class='ocrx_word' id='word_1_265' title='bbox 785 2310 974 2336; x_wconf 91' lang='lat' dir='ltr'><strong>mensum</strong></span> <span class='ocrx_word' id='word_1_266' title='bbox 1005 2295 1251 2348; x_wconf 88' lang='lat' dir='ltr'><strong>imperatum</strong></span> <span class='ocrx_word' id='word_1_267' title='bbox 1284 2308 1466 2349; x_wconf 89' lang='lat' dir='ltr'><strong>sagaque</strong></span> <span class='ocrx_word' id='word_1_268' title='bbox 1498 2299 1538 2333; x_wconf 94' lang='lat' dir='ltr'><strong>et</strong></span> <span class='ocrx_word' id='word_1_269' title='bbox 1562 2299 1683 2347; x_wconf 84' lang='lat' dir='ltr'><strong>togae</strong></span> 
     </span>
     <span class='ocr_line' id='line_1_35' title="bbox 329 2355 1614 2410; baseline -0.002 -13"><span class='ocrx_word' id='word_1_270' title='bbox 329 2358 542 2405; x_wconf 79' lang='lat' dir='ltr'><strong>exercitui,</strong></span> <span class='ocrx_word' id='word_1_271' title='bbox 575 2364 614 2397; x_wconf 93' lang='lat' dir='ltr'><strong>et</strong></span> <span class='ocrx_word' id='word_1_272' title='bbox 640 2357 805 2397; x_wconf 88' lang='lat' dir='ltr'><strong>obsides</strong></span> <span class='ocrx_word' id='word_1_273' title='bbox 832 2357 882 2397; x_wconf 85' lang='lat' dir='ltr'><strong>ab</strong></span> <span class='ocrx_word' id='word_1_274' title='bbox 910 2357 1075 2410; x_wconf 81' lang='lat' dir='ltr'><strong>triginta</strong></span> <span class='ocrx_word' id='word_1_275' title='bbox 1100 2357 1228 2396; x_wconf 82' lang='lat' dir='ltr'><strong>ferme</strong></span> <span class='ocrx_word' id='word_1_276' title='bbox 1254 2356 1417 2410; x_wconf 86' lang='lat' dir='ltr'><strong>populis</strong></span> <span class='ocrx_word' id='word_1_277' title='bbox 1443 2355 1614 2408; x_wconf 88' lang='lat' dir='ltr'><strong>accepti.</strong></span> 
     </span>
    </p>

    <p class='ocr_par' dir='ltr' id='par_1_13' title="bbox 285 2418 1683 2534">
     <span class='ocr_line' id='line_1_36' title="bbox 285 2418 1683 2473; baseline -0.003 -14"><span class='ocrx_word' id='word_1_278' title='bbox 285 2431 302 2460; x_wconf 84' lang='grc'>6</span> <span class='ocrx_word' id='word_1_279' title='bbox 412 2419 476 2459; x_wconf 86' lang='lat' dir='ltr'><strong>Ita</strong></span> <span class='ocrx_word' id='word_1_280' title='bbox 507 2419 737 2473; x_wconf 88' lang='lat' dir='ltr'><strong>Hispaniae</strong></span> <span class='ocrx_word' id='word_1_281' title='bbox 767 2418 1004 2459; x_wconf 85' lang='lat' dir='ltr'><strong>rebellantis</strong></span> <span class='ocrx_word' id='word_1_282' title='bbox 1037 2418 1215 2458; x_wconf 90' lang='lat' dir='ltr'><strong>tumultu</strong></span> <span class='ocrx_word' id='word_1_283' title='bbox 1245 2418 1355 2458; x_wconf 90' lang='lat' dir='ltr'><strong>haud</strong></span> <span class='ocrx_word' id='word_1_284' title='bbox 1386 2431 1537 2471; x_wconf 85' lang='lat' dir='ltr'><strong>magno</strong></span> <span class='ocrx_word' id='word_1_285' title='bbox 1568 2421 1683 2455; x_wconf 90' lang='lat' dir='ltr'><strong>motu</strong></span> 
     </span>
     <span class='ocr_line' id='line_1_37' title="bbox 328 2476 1682 2534; baseline -0.003 -14"><span class='ocrx_word' id='word_1_286' title='bbox 328 2481 432 2521; x_wconf 90' lang='lat' dir='ltr'><strong>intra</strong></span> <span class='ocrx_word' id='word_1_287' title='bbox 461 2495 615 2534; x_wconf 89' lang='lat' dir='ltr'><strong>paucos</strong></span> <span class='ocrx_word' id='word_1_288' title='bbox 647 2481 734 2520; x_wconf 87' lang='lat' dir='ltr'><strong>dies</strong></span> <span class='ocrx_word' id='word_1_289' title='bbox 761 2481 920 2521; x_wconf 88' lang='lat' dir='ltr'><strong>concito</strong></span> <span class='ocrx_word' id='word_1_290' title='bbox 946 2486 986 2520; x_wconf 89' lang='lat' dir='ltr'><strong>et</strong></span> <span class='ocrx_word' id='word_1_291' title='bbox 1011 2494 1247 2533; x_wconf 85' lang='lat' dir='ltr'><strong>compresso</strong></span> <span class='ocrx_word' id='word_1_292' title='bbox 1272 2480 1313 2519; x_wconf 91' lang='lat' dir='ltr'><strong>in</strong></span> <span class='ocrx_word' id='word_1_293' title='bbox 1337 2478 1525 2519; x_wconf 87' lang='lat' dir='ltr'><strong>Africam</strong></span> <span class='ocrx_word' id='word_1_294' title='bbox 1552 2476 1682 2517; x_wconf 89' lang='lat' dir='ltr'><strong>omnis</strong></span> 
     </span>
    </p>

    <p class='ocr_par' dir='ltr' id='par_1_14' title="bbox 288 2538 1682 2657">
     <span class='ocr_line' id='line_1_38' title="bbox 288 2538 1682 2595; baseline -0.004 -13"><span class='ocrx_word' id='word_1_295' title='bbox 288 2554 303 2581; x_wconf 78' lang='grc'>7</span> <span class='ocrx_word' id='word_1_296' title='bbox 330 2550 457 2582; x_wconf 87' lang='lat' dir='ltr'><strong>terror</strong></span> <span class='ocrx_word' id='word_1_297' title='bbox 494 2557 649 2583; x_wconf 71' lang='lat' dir='ltr'><strong>versus.</strong></span> <span class='ocrx_word' id='word_1_298' title='bbox 712 2542 761 2583; x_wconf 86' lang='lat' dir='ltr'><strong>C.</strong></span> <span class='ocrx_word' id='word_1_299' title='bbox 788 2542 959 2582; x_wconf 89' lang='lat' dir='ltr'><strong>Laelius</strong></span> <span class='ocrx_word' id='word_1_300' title='bbox 997 2548 1116 2582; x_wconf 90' lang='lat' dir='ltr'><strong>nocte</strong></span> <span class='ocrx_word' id='word_1_301' title='bbox 1152 2542 1205 2581; x_wconf 87' lang='lat' dir='ltr'><strong>ad</strong></span> <span class='ocrx_word' id='word_1_302' title='bbox 1235 2541 1475 2595; x_wconf 86' lang='lat' dir='ltr'><strong>Hipponem</strong></span> <span class='ocrx_word' id='word_1_303' title='bbox 1504 2538 1682 2592; x_wconf 86' lang='lat' dir='ltr'><strong>Regium</strong></span> 
     </span>
     <span class='ocr_line' id='line_1_39' title="bbox 331 2597 1682 2657; baseline -0.004 -14"><span class='ocrx_word' id='word_1_304' title='bbox 331 2618 422 2643; x_wconf 90' lang='lat' dir='ltr'><strong>eum</strong></span> <span class='ocrx_word' id='word_1_305' title='bbox 455 2604 716 2652; x_wconf 87' lang='lat' dir='ltr'><strong>accessisset,</strong></span> <span class='ocrx_word' id='word_1_306' title='bbox 754 2604 844 2644; x_wconf 89' lang='lat' dir='ltr'><strong>luce</strong></span> <span class='ocrx_word' id='word_1_307' title='bbox 875 2604 1007 2657; x_wconf 85' lang='lat' dir='ltr'><strong>prima</strong></span> <span class='ocrx_word' id='word_1_308' title='bbox 1037 2603 1090 2643; x_wconf 89' lang='lat' dir='ltr'><strong>ad</strong></span> <span class='ocrx_word' id='word_1_309' title='bbox 1119 2603 1399 2657; x_wconf 89' lang='lat' dir='ltr'><strong>populandum</strong></span> <span class='ocrx_word' id='word_1_310' title='bbox 1429 2615 1575 2655; x_wconf 88' lang='lat' dir='ltr'><strong>agrum</strong></span> <span class='ocrx_word' id='word_1_311' title='bbox 1606 2597 1682 2639; x_wconf 88' lang='lat' dir='ltr'><strong>sub</strong></span> 
     </span>
    </p>

    <p class='ocr_par' dir='ltr' id='par_1_15' title="bbox 287 2659 1681 2718">
     <span class='ocr_line' id='line_1_40' title="bbox 287 2659 1681 2718; baseline -0.004 -13"><span class='ocrx_word' id='word_1_312' title='bbox 287 2675 305 2705; x_wconf 87' lang='grc'>8</span> <span class='ocrx_word' id='word_1_313' title='bbox 332 2664 459 2717; x_wconf 87' lang='lat' dir='ltr'><strong>signis</strong></span> <span class='ocrx_word' id='word_1_314' title='bbox 496 2665 645 2706; x_wconf 87' lang='lat' dir='ltr'><strong>milites</strong></span> <span class='ocrx_word' id='word_1_315' title='bbox 684 2666 900 2718; x_wconf 85' lang='lat' dir='ltr'><strong>sociosque</strong></span> <span class='ocrx_word' id='word_1_316' title='bbox 937 2665 1097 2706; x_wconf 73' lang='lat' dir='ltr'><strong>navalis</strong></span> <span class='ocrx_word' id='word_1_317' title='bbox 1135 2665 1263 2705; x_wconf 79' lang='lat' dir='ltr'><strong>duxit.</strong></span> <span class='ocrx_word' id='word_1_318' title='bbox 1342 2663 1532 2705; x_wconf 88' lang='lat' dir='ltr'><strong>omnibus</strong></span> <span class='ocrx_word' id='word_1_319' title='bbox 1567 2659 1681 2715; x_wconf 83' lang='lat' dir='ltr'><strong>pacis</strong></span> 
     </span>
    </p>
   </div>
  </div>
 </body>
</html>
