1815 3184
345 247 427 289 386
645 252 800 287 LIBER
822 251 1010 297 XXVIII,
1035 252 1067 286 3.
1085 251 1118 286 4.
1146 253 1194 298 [a.
1207 264 1242 287 11.
1258 264 1287 288 0.
1301 253 1382 298 547]

344 365 436 399 rant
466 356 518 397 ad
548 370 710 396 murum
741 355 894 405 scalas,
927 355 995 396 alii
1019 354 1145 396 furcis
1171 355 1224 395 ad
1246 355 1323 395 id
1313 371 1448 410 lpsum
1472 357 1592 399 factis
1617 360 1687 400 de-

345 419 629 467 trudebantur,
671 418 714 458 in
750 417 852 458 alios
888 417 975 472 lupi
1013 432 1189 487 superne
1225 417 1347 458 ferrei
1382 419 1538 469 iniecti,
1574 428 1619 461 ut
1645 421 1688 462 in

342 481 523 537 periculo
567 487 723 529 essent,
771 494 823 520 ne
866 479 1057 534 suspensi
1093 479 1135 520 in
1168 495 1331 521 murum
1365 481 1686 524 exn-,aberentm-

299 557 318 587 S
344 543 454 597 quod
488 542 559 583 ubi
594 542 882 584 animadvertit
919 540 1078 597 Scipio,
1121 542 1248 584 nimia
1281 543 1486 598 paucitate
1523 560 1689 586 suorum

343 614 616 659 exaequatum
653 612 861 646 certamen
897 619 988 646 esse
1026 613 1066 646 et
1100 605 1182 646 iam
1218 620 1266 646 eo
1304 621 1498 661 superare
1527 606 1689 648 hostem

343 668 453 721 quod
488 682 540 708 ex
569 682 686 708 muro
716 674 938 722 pugnaret,
976 667 1135 708 duabus
1168 667 1288 708 simul
1316 668 1520 723 partibus,
1556 668 1690 724 prima

298 742 316 772 9
341 737 524 784 recepta,
555 730 699 770 urbem
725 737 788 770 est
813 729 1048 784 adgressus.
1109 743 1213 782 quae
1243 744 1309 770 res
1341 738 1499 771 tantum
1523 730 1687 786 pavoris

342 792 480 832 iniecit
510 791 633 832 fessis
663 791 747 832 iam
771 805 864 831 cum
894 790 1036 846 primis
1067 792 1312 846 pugnando,
1349 799 1394 832 ut
1423 799 1463 832 et
1492 791 1688 847 oppidani

341 854 503 894 moenia
527 853 742 909 repentina
765 853 866 907 fuga
891 854 1127 894 desererent
1151 862 1192 894 et
1209 853 1415 894 Punicum
1438 854 1690 908 praesidium

342 924 472 965 metu,
504 931 555 956 nc
578 916 742 971 prodita
765 916 862 956 urbs
889 924 1017 964 esset,
1048 915 1200 956 relictis
1227 916 1471 957 stationibus
1496 916 1539 956 in
1562 931 1690 956 unum

279 986 320 1016 10
347 993 390 1019 se
417 978 640 1032 colligeret.
679 977 799 1019 timor
822 977 917 1018 inde
943 977 1172 1033 oppidanos
1197 978 1384 1027 incessit,
1409 993 1477 1027 ne,
1505 978 1540 1019 si
1558 978 1688 1019 hostis

341 1041 487 1081 urbem
510 1040 722 1089 intrasset,
759 1039 844 1080 sine
870 1038 1165 1094 di[scrimine],
1196 1040 1364 1081 Poenus
1397 1056 1449 1081 an
1472 1040 1688 1095 Hispanus

278 1111 315 1140 11
343 1110 470 1151 esset,
503 1101 613 1143 obvii
637 1102 794 1156 passim
819 1102 1105 1150 caederentur3
1144 1109 1265 1155 atque
1289 1103 1497 1157 patefacta
1519 1108 1688 1156 repente

340 1171 459 1218 porta
488 1164 724 1217 frequentes
751 1178 803 1204 ex
827 1163 978 1218 oppido
1005 1178 1096 1204 sese
1122 1164 1347 1213 eiecerunt,
1380 1172 1496 1204 scuta
1518 1178 1617 1218 prae
1643 1178 1687 1204 se

341 1234 546 1275 tenentes,
572 1241 623 1266 ne
644 1226 726 1266 tela
743 1226 886 1280 procul
912 1225 1176 1275 coicerentur,
1204 1226 1368 1267 dextras
1394 1226 1525 1267 nudas
1552 1234 1689 1267 osten-

276 1297 314 1327 12
341 1296 494 1338 tantes,
526 1296 570 1329 ut
594 1289 754 1343 gladios
789 1288 988 1329 abiecisse
1020 1297 1247 1344 appareret.
1307 1289 1349 1329 id
1378 1297 1514 1329 utrum
1543 1304 1689 1344 parum

341 1365 393 1391 ex
428 1350 643 1391 intervallo
681 1350 733 1391 sit
763 1359 1029 1405 conspectum
1060 1366 1112 1391 an
1144 1350 1261 1391 dolus
1294 1351 1439 1403 aliquis
1472 1358 1688 1406 suspectus

340 1412 480 1461 fuerit,
517 1412 802 1466 inconpertum
837 1421 918 1453 est:
962 1413 1140 1466 impetus
1177 1412 1337 1452 hostilis
1373 1412 1416 1452 in
1450 1413 1687 1468 transfugas

276 1482 315 1511 13
342 1475 475 1515 factus
511 1489 588 1514 1100
625 1489 744 1515 500115
782 1488 906 1527 quam
937 1475 1113 1515 adversa
1143 1474 1251 1514 acies
1284 1488 1423 1523 caesa,
1463 1474 1689 1528 eademque

338 1544 458 1592 porta
484 1536 602 1591 signa
626 1537 778 1576 infesta
801 1536 893 1576 urbi
916 1536 1056 1577 inlata.
1099 1544 1139 1576 et
1159 1536 1247 1576 aliis
1266 1536 1452 1591 partibus
1478 1536 1688 1578 securibus

340 1598 603 1651 dolabrisque
640 1598 917 1639 caedebantur
946 1606 1089 1653 portae
1121 1605 1161 1638 01
1190 1606 1234 1638 111
1264 1598 1436 1651 quisque
1466 1597 1690 1639 intraverat

339 1676 484 1713 eques,
529 1661 581 1700 ad
616 1660 752 1701 forum
789 1660 1074 1715 occupandum
1108 1684 1142 1690 —
1177 1660 1234 1700 ita
1275 1660 1384 1701 enim
1424 1668 1690 1715 praeceptum

275 1737 314 1765 14
340 1730 426 1763 crat
449 1748 482 1751 —
506 1722 629 1762 citato
661 1737 766 1775 equo
798 1723 1010 1776 pergebat.
1066 1722 1252 1762 additum
1281 1729 1368 1763 erat
1393 1730 1433 1763 et
1458 1721 1689 1763 triariorum

339 1784 464 1837 equiti
502 1784 773 1839 praesidium,
816 1783 1031 1838 legionarii
1067 1791 1224 1825 ceteras
1266 1783 1394 1838 partis
1436 1783 1686 1838 pervadunt3

340 1847 566 1901 direptione
598 1855 638 1887 01
668 1846 794 1887 caede
825 1846 1058 1894 obviorum,
1095 1845 1176 1886 nisi
1206 1846 1274 1899 qui
1299 1845 1422 1886 armis
1449 1860 1493 1886 se
1517 1845 1688 1886 tueban-

274 1922 312 1951 15
340 1917 416 1957 tur,
449 1908 747 1949 abstinuerunt.
809 1906 1177 1963 Carthaginienses
1209 1923 1351 1949 omnes
1382 1907 1425 1948 in
1457 1907 1687 1948 custodiam

339 1970 424 2011 dati
451 1978 563 2019 sunt,
596 1970 898 2025 oppidanortun
921 1971 1032 2011 mille
1057 1970 1206 2020 ferme,
1238 1969 1307 2023 qui
1332 1969 1564 2010 clauserant
1593 1984 1687 2023 por-

274 2047 313 2077 ]ss
342 2041 422 2082 tas3
463 2032 607 2074 ceteris
639 2032 834 2073 traditimi
864 2033 1081 2088 oppidum,
1113 2047 1211 2073 suae
1234 2031 1419 2072 redditae
1442 2046 1522 2072 res.
1583 2030 1688 2071 ceci-

339 2096 435 2136 dere
459 2096 501 2136 in
525 2095 638 2136 urbis
665 2095 752 2136 eius
779 2095 1086 2150 oppugnatione
1112 2094 1292 2136 hostium
1312 2094 1391 2135 duo
1411 2093 1524 2134 milia
1543 2093 1686 2142 ferme,

337 2159 621 2200 Romanorum
645 2159 756 2199 haud
781 2159 956 2213 amplius
982 2157 1220 2213 nonaginta.

297 2234 310 2262 1
422 2222 526 2262 IIII.
575 2221 712 2262 Laeta
737 2228 776 2261 01
800 2220 921 2276 ipsis,
948 2220 1017 2273 qui
1041 2235 1129 2260 rem
1153 2233 1339 2274 gessere,
1365 2218 1478 2259 urbis
1504 2217 1591 2258 eius
1617 2231 1688 2258 ex-

338 2283 535 2338 pugnatio
556 2283 651 2331 fuit,
678 2290 717 2323 et
737 2282 974 2337 imperatori
992 2290 1209 2334 ceteroque
1229 2280 1442 2329 exercitui,
1469 2287 1509 2321 01
1529 2278 1686 2334 specio-

341 2360 431 2385 sum
462 2345 684 2385 adventum
716 2360 835 2385 suum
865 2344 1077 2399 ingentem
1107 2343 1269 2383 turbam
1301 2342 1555 2398 captivorum
1589 2353 1687 2396 prae

295 2421 313 2450 2
341 2423 384 2448 se
405 2416 574 2463 agentes
595 2408 793 2448 fecerunt.
833 2406 973 2462 Scipio
994 2406 1238 2448 conlaudato
1258 2405 1382 2446 fratre
1403 2420 1508 2454 eum,
1535 2411 1686 2458 quanto

338 2478 499 2524 poterat
519 2471 738 2511 verborum
758 2470 933 2518 honore,
962 2468 1206 2523 Carthagini
1226 2468 1277 2508 ab
1297 2483 1341 2508 se
1361 2475 1505 2522 captae
1525 2472 1687 2521 captam

297 2544 314 2574 3
341 2533 392 2572 ab
418 2548 465 2573 co
486 2533 692 2587 Orongim
717 2539 954 2585 aequasset,
982 2531 1076 2584 quia
1100 2538 1140 2572 et
1165 2530 1296 2571 hiems
1321 2529 1518 2577 instabat,
1543 2536 1589 2567 111
1611 2539 1687 2567 1100

339 2603 539 2648 temptare
577 2594 708 2636 Gadis
752 2608 829 2635 nec
871 2594 1088 2635 disiectum
1129 2592 1287 2648 passim
1326 2606 1399 2646 per
1434 2588 1685 2645 provinciam

342 2656 565 2696 exercitum
600 2656 878 2697 Hasdrubalis
917 2655 1144 2697 consectari
1179 2662 1339 2709 posset,
1381 2653 1423 2693 in
1459 2650 1684 2692 citeriorem

298 2730 318 2758 4
341 2717 589 2771 Hispaniam
620 2718 752 2759 omnis
786 2733 881 2759 suas
913 2717 1052 2773 copias
1083 2716 1247 2758 reduxit
1271 2713 1532 2767 dimissisque
1555 2711 1598 2751 in
1622 2709 1684 2749 hi-
