1815 3184
447 227 601 261 LIBER
625 227 772 272 XXIII,
797 227 851 261 38.
871 227 924 262 39.
953 229 1001 271 [a.
1017 226 1151 271 0215]
1395 217 1475 260 153

120 335 258 372 essent
279 330 377 371 satis
399 330 587 379 sciretur,
616 328 831 372 Gracchus
852 330 1016 372 obviam
1036 345 1086 372 ex
1107 330 1238 372 classe
1257 345 1332 372 sua
1349 345 1476 372 naves

120 393 242 434 misit.
303 408 395 433 cum
421 393 724 446 percunctando
748 393 791 433 in
814 393 947 434 vicem
979 393 1189 448 cognitum
1220 400 1347 443 esset,
1381 408 1477 434 con-

121 454 252 495 sulcm
279 454 424 495 Cumis
451 469 561 504 esse,
598 470 725 496 naves
753 454 909 496 Cumas
942 455 1138 510 adpulsae
1169 455 1399 510 captivique
1425 456 1477 496 ad

120 516 331 557 consulem
356 516 521 558 deducti
546 523 585 557 et
608 516 765 557 litterae
791 517 922 557 datae.
960 517 1103 558 consul
1128 517 1270 558 litteris
1295 516 1476 571 Philippi

121 584 242 630 atque
267 577 515 619 Hannibalis
547 577 736 631 perlectis
768 578 1008 633 consignata
1039 578 1176 619 onmia
1207 578 1258 618 ad
1290 586 1478 619 senatum

119 639 262 680 itinere
287 639 466 680 terrestri
491 639 620 688 misit,
647 639 821 680 navibus
847 640 994 680 devehi
1017 640 1174 695 legatos
1200 640 1329 681 iussit.

207 700 315 741 Cum
341 701 484 742 codem
511 700 596 741 fere
622 701 687 741 die
718 701 874 742 litterae
905 701 1110 756 legatique
1135 701 1312 742 Romam
1343 702 1478 742 venis-

121 768 211 803 sent
235 770 275 803 et
293 763 624 817 percunctatione
645 763 753 804 facta
772 764 880 804 dicta
899 779 992 804 cum
1013 764 1172 818 seriptis
1193 771 1476 819 congruerent,

119 825 251 878 primo
282 825 419 879 gravis
453 840 549 865 cura
578 832 715 879 patres
746 825 914 866 incessit
945 834 1175 875 cernentes,
1219 833 1372 879 quanta
1408 827 1478 867 vix

120 886 386 927 tolerantibus
412 886 619 927 Punicum
651 886 805 928 bellum
833 887 1095 929 Macedonici
1125 888 1221 928 belli
1253 888 1380 929 moles
1417 889 1478 929 in-

121 955 257 989 staret.
318 949 384 989 cui
415 956 551 989 tamen
582 949 684 989 adeo
715 963 797 989 non
829 948 1150 998 succubuerunt,
1194 956 1236 989 ut
1273 950 1476 1004 extemplo

120 1010 358 1065 agitaretur,
397 1024 519 1062 quem
555 1010 608 1050 ad
644 1010 812 1050 modum
847 1010 952 1050 ultro
983 1010 1195 1051 inferendo
1227 1010 1332 1051 bello
1364 1026 1479 1051 aver-

119 1078 249 1112 terent
263 1071 313 1112 ab
328 1072 447 1112 Italia
466 1071 640 1112 hostem.
680 1071 851 1125 captivis
872 1072 914 1111 in
933 1071 1096 1111 vincula
1116 1072 1236 1112 condi
1266 1072 1389 1113 iussis
1410 1087 1477 1113 co-

118 1133 368 1186 mitibusque
389 1148 529 1173 eorum
549 1133 625 1174 sub
646 1133 764 1174 hasta
786 1133 958 1174 venditis
980 1134 1029 1174 ad
1050 1148 1176 1174 naves
1196 1134 1342 1188 viginti
1361 1134 1480 1187 quin-

118 1210 216 1249 que,
237 1195 387 1248 quibus
401 1195 450 1236 P.
470 1195 661 1236 Valerius
676 1195 851 1236 Flaccus
865 1195 1098 1250 praefectus
1113 1202 1311 1250 praeerat,
1333 1196 1478 1251 viginti

121 1256 338 1313 [quinque]
363 1258 497 1311 parari
517 1257 617 1298 alias
644 1258 880 1299 decernunt.
929 1258 993 1299 his
1020 1258 1250 1312 conparatis
1271 1258 1478 1299 deductis-

118 1335 197 1374 que
223 1327 262 1362 et
287 1320 436 1361 additis
463 1321 644 1374 quinque
670 1320 864 1369 navibus,
893 1335 997 1373 quae
1023 1321 1273 1361 advexerant
1293 1321 1477 1375 captivos

117 1383 294 1437 legatos,
321 1383 487 1437 triginta
511 1397 636 1423 naves
663 1382 714 1424 ab
743 1381 864 1424 Ostia
885 1383 1111 1423 Tarentum
1142 1382 1369 1437 profectae,
1395 1383 1479 1423 ius-

119 1459 271 1497 susque
285 1443 333 1484 P.
344 1444 534 1485 Valerius
550 1445 745 1486 militibus
754 1444 1035 1494 Varronianis,
1051 1444 1262 1498 quibusL.
1273 1444 1478 1499 Apustius

117 1506 278 1560 legatus
305 1505 474 1546 Tarenti
498 1513 700 1560 praeerat,
737 1507 779 1546 in
809 1522 935 1548 naves
960 1507 1149 1560 inpositis
1181 1507 1478 1562 quinquaginta

119 1570 299 1622 quinque
323 1569 490 1609 navium
517 1569 647 1610 classe
678 1584 759 1610 non
791 1570 895 1610 tueri
926 1570 1048 1610 modo
1073 1569 1215 1611 Italiae
1247 1585 1378 1618 oram,
1418 1575 1478 1610 set

120 1631 331 1685 explorare
358 1631 407 1671 de
426 1630 698 1672 Macedonico
724 1631 844 1672 bello.
896 1632 931 1672 si
956 1631 1223 1686 congruentia
1253 1631 1396 1671 litteris
1422 1631 1480 1671 le-

118 1701 389 1747 gatorumque
404 1693 563 1734 indiciis
578 1692 761 1747 Philippi
776 1693 945 1734 consilia
965 1700 1115 1740 csscnt,
1136 1699 1180 1732 ut
1194 1692 1478 1733 BLValerium

118 1762 346 1809 praetorem
371 1755 514 1796 litteris
541 1755 752 1796 certiorem
779 1755 950 1803 faceret,
993 1755 1110 1808 isque
1134 1755 1187 1794 L.
1215 1753 1396 1808 Apustio
1421 1754 1478 1795 le-

118 1824 214 1872 gato
247 1816 441 1857 exercitui
473 1817 706 1871 praeposito
733 1817 959 1857 Tarentum
991 1817 1042 1857 ad
1067 1816 1242 1857 classem
1268 1816 1477 1870 profectus

118 1879 250 1933 primo
275 1894 437 1932 quoque
463 1886 645 1933 tempore
665 1879 707 1920 in
720 1879 1012 1920 Macedoniam
1037 1879 1327 1920 transmitteret
1346 1879 1479 1919 daret-

119 1956 199 1994 que
219 1956 404 1995 operam,
437 1941 734 1996 ut'Philippum
747 1942 788 1982 in
808 1956 934 1996 regno
950 1941 1184 1982 contineret.
1234 1941 1407 1995 pecunia
1426 1941 1479 1981 ad

121 2003 297 2044 classem
322 2003 516 2044 tuendam
541 2003 776 2057 bellumque
796 2003 1116 2044 Macedonicum
1141 2018 1189 2043 ea
1214 2003 1378 2044 decreta
1403 2009 1478 2051 est,

121 2079 225 2117 quae
250 2064 332 2118 Ap.
362 2064 536 2106 Claudio
567 2065 610 2105 in
643 2064 826 2107 Siciliam
858 2065 985 2106 missa
1016 2071 1119 2114 erat,
1163 2071 1208 2105 ut
1242 2065 1480 2105 redderetur

121 2126 295 2166 Hieroni
323 2127 410 2181 regi
420 2143 430 2176 3
468 2127 570 2168 hacc
599 2143 673 2182 per
701 2128 754 2168 L.
781 2127 1009 2168 Antistium
1039 2127 1220 2182 legatum
1253 2126 1479 2167 Tarentum

121 2197 183 2229 cst
208 2188 389 2229 devecta.
451 2190 573 2230 simul
604 2190 654 2231 ab
680 2190 864 2231 Hierone
896 2190 1023 2231 missa
1054 2190 1230 2230 ducenta
1254 2188 1366 2229 milia
1391 2203 1478 2229 mo-

120 2251 234 2291 dium
259 2250 379 2290 tritici
405 2257 443 2291 et
468 2251 610 2292 hordei
636 2259 812 2292 centum.

204 2311 496 2353 XXXVIIII.
548 2312 655 2354 Cum
681 2314 782 2355 haec
806 2314 983 2355 Romani
1008 2319 1153 2368 parant
1177 2319 1399 2368 aguntque,
1427 2312 1479 2352 ad

120 2373 360 2428 Philippum
386 2375 547 2428 captiva
571 2375 688 2416 navis
714 2391 795 2417 una
825 2391 876 2417 cx
900 2376 964 2417 his
990 2391 1094 2429 quac
1120 2375 1298 2416 Romam
1329 2373 1480 2414 missae

121 2445 235 2477 erant
272 2451 322 2477 ex
359 2451 482 2478 cursu
510 2437 680 2493 refugit3
717 2439 812 2479 inde
844 2440 991 2480 scitum
1021 2439 1179 2493 legatos
1212 2452 1305 2478 cum
1336 2436 1478 2477 litteris

120 2505 275 2552 captos.
330 2498 466 2552 itaque
486 2499 654 2555 ignarus
674 2515 764 2549 rex,
793 2515 946 2554 ecquae
967 2515 1060 2541 cum
1074 2499 1311 2540 Hannibale
1330 2498 1476 2553 legatis

121 2560 206 2600 suis
233 2560 520 2601 convenissent
544 2576 732 2615 quaeque
761 2562 887 2618 legati
912 2563 999 2604 eius
1025 2563 1077 2603 ad
1110 2577 1154 2602 se
1179 2560 1353 2602 adlaturi
1378 2561 1479 2609 suis-

121 2628 229 2671 sent,
268 2622 515 2677 legationem
541 2624 663 2664 aliam
689 2639 783 2665 cum
808 2625 963 2666 eisdem
995 2624 1198 2665 mandatis
1230 2622 1363 2662 mittit.
1422 2621 1479 2662 le-

119 2683 204 2737 gati
223 2683 275 2724 ad
288 2684 567 2727 Hannibalem
587 2685 964 2735 missiHeraclitus,
986 2686 1051 2727 cui
1067 2684 1236 2728 Scotino
1251 2698 1479 2738 cognomen

1502 405 1520 434 20

1508 1645 1547 1674 10

1506 1769 1541 1797 11

1503 2506 1521 2535 10

1505 2636 1522 2665 3
