1815 3184
483 242 638 276 LIBER
662 243 846 287 XXVIII,
871 243 925 277 31.
940 243 993 277 32.
1022 245 1070 286 [a.
1086 243 1220 287 0206]
1444 236 1528 277 419

175 343 337 384 civilem
362 344 405 384 in
436 344 581 385 castris
608 345 828 394 Romanis,
868 345 989 385 simul
1021 346 1293 387 defectionem
1326 348 1530 389 sociorum

174 406 215 445 in
240 406 372 446 maius
394 406 530 447 verbis
552 407 796 447 extollentes
816 407 1042 456 hortentur,
1068 415 1113 448 ut
1135 409 1286 449 auxilia
1308 410 1528 459 mitterent,

174 467 323 520 quibus
361 468 556 508 traditum
593 484 616 508 a
650 469 836 523 patribus
873 469 1091 524 imperium
1126 470 1358 525 Hispaniae
1399 472 1529 527 repeti

173 536 328 581 posset.

257 590 511 632 Mandonius
539 599 579 631 et
592 591 780 632 Indibilis
807 592 849 632 in
868 592 960 633 finis
980 592 1160 647 regressi
1180 594 1402 649 paulisper,
1430 595 1527 635 dum

173 652 370 704 quidnam
395 653 445 693 de
479 653 678 694 seditione
705 661 952 695 statueretur
984 655 1153 704 scirent,
1193 657 1385 710 suspensi
1416 657 1531 710 quie-

172 721 338 761 verunt,
367 714 401 754 si
427 714 576 755 civium
602 716 728 756 errori
753 716 1055 770 ignosceretur,
1081 732 1164 757 non
1190 717 1423 759 diffidentes
1451 719 1529 759 sibi

173 789 335 827 quoque
372 776 532 830 ignosci
567 791 704 830 posse.
770 786 991 831 postquam
1028 778 1197 831 vulgata
1233 786 1296 819 est
1333 780 1525 820 atrocitas

173 836 382 890 supplicii,
427 853 544 877 suam
581 852 743 890 quoque
781 853 933 878 noxam
975 839 1063 892 pari
1098 854 1233 893 poena
1269 841 1529 881 aestimatam

171 897 266 946 rati,
304 898 461 938 vocatis
497 914 640 939 rursus
679 899 731 939 ad
770 915 883 939 arma
919 900 1187 953 popularibus
1225 902 1528 955 contractisque

172 973 277 1010 quae
315 968 408 999 ante
446 960 676 999 habuerant
707 960 868 999 auxiliis
900 960 942 1000 in
969 959 1224 1001 Sedetanum
1256 977 1420 1015 agrum,
1458 964 1528 1004 ubi

171 1020 372 1074 principio
399 1021 641 1061 defectionis
669 1020 819 1060 stativa
844 1021 1090 1070 habuerant,
1129 1036 1223 1062 cum
1254 1022 1398 1077 viginti
1423 1025 1529 1064 mili-

171 1081 247 1121 bus
274 1081 457 1135 peditum
467 1113 477 1130 ,
505 1082 688 1134 equitum
714 1082 875 1122 duobus
901 1081 1065 1122 milibus
1092 1090 1132 1122 et
1157 1083 1392 1137 quingentis
1419 1092 1528 1126 tran-

173 1142 433 1182 scenderunt.

255 1202 460 1243 XXXII.
524 1202 684 1258 Scipio,
717 1218 811 1244 cum
836 1204 916 1244 fide
944 1205 1130 1245 solvendi
1156 1206 1309 1260 pariter
1335 1207 1526 1249 omnibus

169 1264 302 1304 noxiis
328 1265 574 1318 innoxisque
596 1266 787 1319 stipendi,
815 1273 901 1306 tum
922 1266 1037 1306 vultu
1058 1281 1104 1307 ac
1125 1282 1313 1309 sermone
1333 1268 1375 1309 in
1394 1271 1526 1312 omnis

169 1326 330 1380 placato
368 1326 488 1367 facile
530 1327 803 1368 reconciliatis
846 1327 1022 1368 militum
1065 1328 1236 1378 animis,
1284 1331 1526 1384 priusquam

169 1394 305 1427 castra
330 1388 381 1428 ab
408 1387 663 1443 Carthagine
688 1396 891 1438 moveret,
930 1389 1120 1430 contione
1152 1391 1354 1432 advocata
1384 1393 1524 1434 multis

1554 610 1572 638 5

1551 1410 1568 1437 [ὗ

170 1449 306 1489 verbis
332 1449 374 1489 in
398 1450 614 1503 perfidiam
638 1451 926 1491 rebellantium
950 1452 1189 1505 regulorum
1214 1452 1415 1502 invectus,
1452 1470 1524 1495 ne·
1552 1470 1570 1498 3

170 1524 376 1563 quaquam
401 1511 547 1551 eodem
573 1511 709 1552 animo
743 1527 786 1553 se
816 1512 874 1552 ire
899 1513 1115 1566 professus
1148 1521 1212 1554 cst
1237 1515 1289 1554 ad
1316 1515 1526 1556 vindican-

170 1573 268 1612 dum
293 1572 334 1612 id
361 1573 513 1621 scelus,
541 1588 621 1626 quo
647 1574 810 1614 civilem
830 1589 1009 1615 errorem
1028 1590 1161 1629 nuper
1186 1577 1411 1618 sanaverit:
1438 1585 1524 1618 tum

171 1650 235 1679 se,
274 1635 384 1675 haud
410 1649 529 1675 secus
556 1650 680 1688 quam
705 1636 865 1676 viscera
891 1645 1100 1677 secantem
1122 1652 1214 1686 sua,
1251 1653 1344 1679 cum
1368 1640 1525 1693 gemitu

170 1705 208 1736 et
235 1696 412 1736 lacrimis
439 1696 607 1750 triginta
636 1697 848 1737 hominum
880 1697 1082 1752 capitibus
1115 1699 1306 1753 expiasse
1332 1708 1424 1742 octo
1450 1702 1525 1741 mi-

169 1757 269 1797 lium
296 1772 369 1798 seu
393 1758 699 1812 inprudentiam
730 1773 803 1798 seu
835 1774 1006 1808 noxam3
1044 1774 1154 1800 nunc
1184 1760 1292 1802 laeto
1324 1769 1364 1802 et
1389 1770 1524 1803 erecto

170 1819 306 1861 animo
344 1820 396 1860 ad
427 1820 596 1861 caedem
627 1820 853 1875 Ilergetum
888 1820 959 1862 ire.
1019 1837 1103 1863 non
1138 1823 1247 1863 enim
1283 1839 1354 1865 eos
1391 1840 1524 1878 neque

169 1888 288 1921 natos
326 1881 368 1921 in
405 1882 549 1922 eadem
589 1889 696 1922 terra
731 1896 807 1922 nec
843 1882 927 1922 ulla
959 1898 1099 1924 seeum
1131 1885 1325 1926 societate
1362 1886 1523 1928 iunctos

169 1958 280 1991 esse3
319 1957 428 1992 eam,
461 1958 566 1996 quae
594 1943 683 1984 sola
707 1943 848 1992 fuerit,
880 1944 976 1983 fidei
1002 1952 1124 1998 atque
1151 1946 1372 1996 amicitiae,
1410 1948 1522 2002 ipsos

168 2018 241 2058 per
267 2004 401 2045 scelus
426 2005 600 2060 rupisse.
639 2005 680 2044 in
706 2005 888 2045 exercitu
915 2020 989 2045 suo
1013 2021 1076 2055 se,
1102 2015 1390 2061 praeterquam
1413 2010 1524 2062 qnod

168 2065 301 2105 omnis
333 2066 444 2107 cives
477 2074 547 2107 aut
578 2066 712 2107 socios
739 2066 963 2118 Latinique
994 2068 1171 2109 nominis
1205 2069 1360 2119 videat,
1398 2071 1521 2111 ctiam

169 2141 217 2166 co
242 2128 417 2176 moveri,
456 2129 566 2181 quod
596 2144 718 2169 nemo
750 2129 835 2169 fere
867 2128 918 2169 sit
950 2129 1087 2179 miles,
1126 2131 1194 2183 qui
1219 2147 1301 2172 non
1327 2148 1377 2172 ex
1402 2132 1524 2174 Italia

169 2196 238 2228 aut
259 2204 281 2228 a
300 2196 445 2243 patruo
467 2205 540 2230 suo
557 2189 634 2230 Cn.
653 2190 860 2244 Scipione,
888 2191 957 2243 qui
977 2191 1132 2245 primus
1146 2193 1326 2233 Romani
1346 2194 1521 2235 nominis

168 2250 210 2290 in
235 2265 325 2290 eam
350 2251 604 2304 provinciam
631 2252 804 2300 venerit,
842 2260 912 2292 aut
938 2268 961 2292 a
985 2260 1100 2307 patre
1134 2255 1302 2294 consule
1334 2263 1404 2295 aut
1429 2271 1452 2296 a
1478 2271 1522 2296 se

169 2312 457 2365 sit(ex1talia)
475 2313 691 2354 advectus:
721 2313 963 2368 Scipionum
983 2315 1150 2365 nomini,
1173 2317 1366 2371 auspiciis
1388 2318 1520 2359 omnis

169 2375 382 2423 adsuetos,
416 2390 517 2427 quos
546 2390 685 2416 secum
710 2376 753 2416 in
776 2376 951 2430 patriam
977 2377 1029 2416 ad
1053 2377 1244 2418 meritum
1270 2378 1522 2433 triumphum

168 2436 370 2477 deducere
396 2437 506 2485 velit,
533 2452 635 2490 quos
662 2438 920 2478 consulatum
945 2439 1119 2492 petenti,
1146 2440 1259 2480 velut
1279 2440 1313 2480 si
1339 2441 1522 2481 omnium

169 2498 396 2538 communis
423 2505 568 2553 agatur
593 2499 744 2548 honos,
783 2499 998 2540 adfuturos
1026 2508 1175 2555 speret.
1237 2503 1347 2554 quod
1373 2503 1425 2542 ad
1450 2518 1521 2543 ex-

166 2559 419 2614 peditionem
444 2561 631 2610 attineat,
659 2575 764 2614 quae
789 2561 932 2610 instet,
958 2562 1241 2604 immemorem
1266 2579 1358 2605 esse
1383 2579 1521 2605 rerum

168 2636 336 2661 suarum
361 2629 573 2677 gestarum
600 2623 668 2676 qui
693 2623 735 2663 id
760 2623 914 2663 bellum
941 2624 1074 2664 ducat.
1129 2625 1327 2680 lNIagonis
1354 2625 1520 2667 hercule

168 2683 263 2731 sibi,
302 2684 372 2736 qui
403 2692 519 2724 extra
549 2685 692 2725 orbem
723 2692 923 2726 terrarum
955 2685 996 2725 in
1027 2686 1319 2727 circumfusam
1348 2687 1519 2728 Oceano

1220 2753 1261 2785 27
1278 2754 1293 2769 '⁴
