1815 3184
269 499 305 527 11

270 1352 309 1381 15

270 1475 307 1504 16

269 2023 308 2054 18

271 2270 308 2299 19

336 255 419 294 434
653 258 807 293 LIBER
831 259 1017 301 XXVIII,
1042 258 1096 292 43.
1124 261 1172 300 [a.
1187 269 1221 292 u.
1236 269 1265 292 0.
1279 259 1360 302 549]

335 370 440 411 50111,
490 370 587 402 00111
617 361 793 401 1111115530
827 359 1074 413 Hispaniae,
1123 374 1216 399 cum
1254 366 1443 412 quattuor
1478 362 1677 401 exercitus

332 424 566 463 Poenorum
592 428 862 474 quattuorque
888 421 1013 460 duces
1039 421 1175 460 onmia
1199 428 1310 475 metu
1342 421 1545 474 armisque
1569 428 1680 462 tene-

333 490 443 532 rent,
493 497 587 523 cum
621 482 831 535 quaesitus
868 482 920 522 ad
955 481 998 521 id
1031 481 1183 521 bellum
1225 481 1445 535 imperator
1478 496 1599 522 nemo
1636 496 1680 522 se

333 544 564 585 ostenderet
592 550 752 597 praeter
781 557 863 591 me,
901 557 1022 582 nemo
1052 542 1232 596 profiteri
1262 557 1386 583 ausus
1423 549 1549 591 esset,
1588 556 1680 582 cum

332 606 432 646 mihi
463 611 654 658 quattuor
689 612 727 645 et
757 605 903 659 viginti
933 619 1060 648 annos
1091 612 1186 645 nato
1219 604 1431 645 detulisset
1465 604 1688 658 imperium*

332 666 508 721 populus
540 666 752 706 Romanus
779 689 832 694 —-
857 665 955 718 quid
985 665 1041 705 ita
1072 672 1157 705 tum
1184 680 1305 705 nemo
1331 672 1502 705 aetatem
1534 680 1680 714 meam,

333 728 415 767 vim
441 727 637 775 hostium,
676 726 958 766 difficultatem
992 725 1104 774 belli,
1141 726 1267 779 patris
1299 727 1513 780 patruique
1543 741 1682 766 recen-

333 796 415 829 tem
440 789 597 828 cladem
624 787 994 828 commemorabat?
1028 794 1163 826 utrum
1190 787 1319 827 maior
1344 787 1479 840 aliqua
1508 802 1617 827 1111110
1641 788 1683 826 111

332 850 478 890 Africa
503 850 712 890 calamitas
739 857 906 903 accepta
931 856 991 889 est
1017 864 1139 901 quam
1165 856 1261 889 tunc
1286 850 1327 889 in
1346 849 1550 903 Hispania
1575 849 1683 889 erat?

333 928 384 952 an
410 912 582 952 maiores
608 925 715 951 nunc
741 918 835 951 sunt
860 911 1060 951 exercitus
1086 911 1127 950 in
1152 910 1297 950 Africa
1327 918 1366 950 et
1391 911 1515 951 duces
1546 910 1682 965 plures

333 973 601 1025 melioresque
638 987 761 1025 quam
796 979 893 1012 tunc
929 972 971 1011 in
1006 971 1211 1025 Hispania
1246 972 1436 1012 fuerunt?
1483 987 1534 1012 an
1570 978 1682 1012 aetas

335 1049 424 1074 mea
450 1043 546 1073 10110
571 1033 767 1073 maturior
791 1033 898 1073 bello
924 1033 1103 1087 gerendo
1128 1032 1204 1072 fuit
1230 1048 1354 1085 (1113111
1378 1048 1486 1073 nuno
1511 1033 1597 1073 est?
1632 1048 1683 1073 an

335 1111 427 1136 cum
466 1094 797 1149 Carthaginiensi
832 1094 949 1135 hoste
986 1095 1028 1134 in
1063 1094 1269 1148 Hispania
1304 1109 1427 1147 quam
1462 1095 1502 1134 in
1538 1094 1683 1134 Africa

333 1157 485 1197 bellum
521 1157 608 1210 geri
644 1157 777 1209 aptius
815 1157 901 1196 est?
941 1156 1117 1204 facilest,
1154 1163 1247 1209 post
1284 1156 1399 1197 fusos
1436 1156 1682 1210 fugatosque

334 1225 526 1271 quattuor
550 1218 749 1257 exercitus
775 1217 975 1266 Punicos,
1012 1224 1106 1270 post
1136 1224 1195 1257 tot
1224 1217 1346 1257 urbes
1378 1217 1418 1257 vi
1448 1225 1587 1271 captas
1614 1225 1683 1258 aut

334 1287 445 1319 metu
471 1278 660 1319 subactas
686 1279 726 1318 in
757 1278 976 1326 dicionem,
1014 1285 1106 1331 post
1135 1279 1363 1332 perdomita
1393 1279 1528 1319 omnia
1552 1293 1681 1331 usque

335 1341 386 1381 ad
421 1355 637 1388 0003110111,
686 1346 744 1379 101
779 1340 963 1393 regulos,
1007 1346 1066 1379 tot
1103 1354 1246 1379 saevas
1283 1346 1443 1393 gentes,
1492 1346 1584 1393 post
1621 1354 1683 1379 re-

335 1410 494 1455 ceptam
525 1408 649 1441 totam
682 1400 929 1454 Hispaniam
959 1401 1033 1449 ita,
1070 1407 1115 1439 ut
1145 1401 1364 1454 vestigium
1394 1401 1490 1440 belli
1525 1401 1681 1441 nullum

334 1463 534 1515 reliquum
561 1463 629 1510 sit,
658 1462 815 1501 elevare
836 1476 946 1501 meas
967 1477 1031 1501 res
1053 1468 1209 1515 gestas,
1237 1469 1319 1501 tam
1338 1461 1519 1510 hercule,
1546 1475 1681 1514 quam,

335 1524 368 1563 si
393 1525 522 1563 vietor
549 1538 599 1563 ex
623 1522 768 1562 Africa
791 1523 998 1570 redierim,
1038 1537 1085 1562 ea
1109 1523 1199 1576 ipsa
1224 1522 1402 1571 elevare,
1440 1536 1544 1575 quae
1575 1538 1684 1563 nuno

332 1584 531 1623 retinendi
556 1583 635 1623 mei
662 1598 802 1631 causa,
830 1590 874 1623 ut
900 1583 1090 1623 terribilia
1117 1584 1260 1623 eadem
1286 1584 1516 1632 videantur,
1548 1584 1683 1624 verbis

335 1645 593 1685 extolluntur.
653 1652 776 1697 negat
808 1645 962 1684 aditum
995 1636 1096 1685 esse·
1116 1645 1159 1684 in
1183 1644 1389 1693 Africam,
1426 1651 1550 1699 negat
1578 1645 1683 1686 ullos

332 1713 470 1760 patere
495 1714 656 1759 portus:
682 1706 743 1761 M.
765 1706 938 1746 Atilium
965 1713 1131 1760 captum
1155 1707 1196 1746 in
1210 1706 1355 1746 Africa
1380 1713 1681 1755 commemorat,

334 1775 541 1820 tamquam
577 1764 637 1807 M.
676 1767 828 1808 Atilius
866 1768 996 1821 primo
1039 1782 1209 1808 accessu
1247 1768 1298 1808 ad
1333 1767 1520 1808 Africam
1556 1768 1684 1808 offen-

334 1829 454 1878 derit3
504 1843 635 1881 neque
671 1830 906 1869 recordatur
940 1829 998 1868 illi
1033 1829 1112 1883 ipsi
1148 1836 1230 1869 tam
1266 1829 1418 1869 infelici
1453 1829 1683 1883 imperatori

333 1890 514 1944 patuisse
540 1897 675 1930 tamen
699 1897 840 1944 portus
861 1890 1028 1930 Africae
1054 1897 1093 1930 et
1117 1905 1181 1931 res
1208 1891 1395 1944 egregias
1421 1891 1552 1944 primo
1577 1905 1683 1930 anno

333 1951 513 2005 gessisse
539 1958 578 1991 et
603 1959 800 2004 quantum
827 1952 878 1992 ad
905 1951 1267 2006 Carthaginienses
1294 1953 1418 1991 duces
1445 1952 1598 1992 adtinet
1623 1952 1684 1991 in-

334 2013 485 2052 victum
523 2013 574 2053 ad
616 2013 803 2053 ultimum
845 2014 1133 2067 permansisse.
1205 2013 1305 2053 nihil
1345 2013 1470 2067 igitur
1504 2028 1568 2053 me
1604 2013 1683 2053 isto

335 2073 521 2127 exemplo
547 2075 749 2115 terrueris.
812 2075 845 2115 si
870 2075 946 2115 hoc
972 2075 1096 2123 bello,
1133 2089 1215 2115 non
1238 2075 1388 2128 priore,
1429 2074 1461 2114 si
1492 2088 1621 2127 nuper
1646 2080 1685 2114 et

334 2149 416 2175 non
441 2135 556 2175 annis
583 2143 675 2175 ante
701 2136 970 2191 quadraginta
994 2136 1071 2176 ista
1097 2136 1233 2176 clades
1265 2142 1432 2189 accepta
1456 2135 1577 2184 foret,
1615 2135 1685 2187 qui

335 2211 412 2251 ego
448 2197 581 2237 minus
619 2197 659 2236 in
690 2197 877 2237 Africam
907 2197 1069 2252 Regulo
1106 2204 1223 2250 capto
1261 2212 1383 2250 quam
1421 2195 1683 2250 Scipionibus

335 2259 480 2298 occisis
505 2259 547 2298 in
571 2258 817 2312 Hispaniam
843 2259 1079 2299 traicerem?
1114 2273 1189 2299 1100
1214 2259 1373 2299 felicius
1394 2258 1683 2312 Xanthippum

335 2320 711 2360 Lacedaemonium
740 2319 980 2374 Carthagini
1011 2334 1132 2372 quam
1163 2335 1229 2360 me
1253 2321 1407 2374 patriae
1438 2335 1553 2360 meae
1579 2320 1684 2359 sine-

335 2396 420 2420 rem
444 2388 583 2421 natum
611 2396 701 2422 esse
727 2391 1006 2434 cresceretque
1026 2382 1126 2421 mihi
1145 2397 1195 2422 ex
1214 2397 1260 2422 eo
1280 2382 1369 2435 ipso
1388 2382 1548 2429 fiducia,
1575 2382 1684 2433 quod

335 2443 465 2495 possit
488 2443 530 2482 in
555 2443 729 2484 hominis
755 2444 875 2484 unius
901 2444 1048 2483 virtute
1078 2450 1235 2483 tantum
1261 2443 1456 2483 momenti
1481 2457 1583 2483 esse.
1644 2449 1684 2482 at

337 2504 457 2544 etiam
493 2504 769 2545 Athenienses
817 2506 1008 2546 audiendi
1057 2512 1167 2554 sunt,
1216 2511 1367 2545 temere
1414 2505 1456 2544 111
1500 2502 1682 2545 Siciliam

338 2565 488 2605 omisso
525 2566 634 2606 domi
671 2566 777 2607 bello
819 2567 1083 2621 transgressi3
1120 2592 1174 2595 —
1216 2581 1287 2606 cur
1323 2581 1443 2619 ergo,
1492 2565 1681 2618 quoniam

340 2624 519 2667 Graecas
550 2627 711 2668 fabulas
743 2642 928 2668 enarrare
958 2635 1094 2675 vacat,
1131 2642 1213 2667 non
1243 2627 1516 2681 Agathoclem
1546 2625 1679 2678 potius

341 2684 646 2738 Syracusanum
671 2703 829 2742 regem,
856 2704 948 2729 cum
974 2689 1044 2728 diu
1071 2687 1211 2729 Sicilia.
1235 2688 1392 2727 Punico
1417 2686 1522 2727 bello
1548 2698 1680 2724 urere-
