1815 3184
259 737 298 767 10

257 988 294 1016 11

255 1361 294 1391 13

327 242 409 283 382
649 249 803 283 LIBER
826 248 991 292 xxvn,
1017 249 1073 283 51.
1103 252 1150 292 [a.
1165 260 1198 283 u.
1214 260 1244 283 ο.
1258 249 1340 292 547]

326 353 408 392 citu
445 352 591 392 ducem
626 352 806 393 hostium
841 351 1107 406 legionesque
1144 351 1414 402 occidissent,
1464 356 1667 410 supplica-

326 415 478 455 tionem
502 414 544 454 in
568 414 747 454 triduum
772 413 965 454 decrevit.
1019 428 1110 454 eam
1136 413 1476 469 supplicationem
1502 416 1551 458 C.
1577 418 1667 459 Ho-

326 476 457 517 stilius
492 484 657 531 praetor
693 476 831 517 edixit.
892 475 1098 516 celebrata
1127 491 1151 517 a
1181 476 1278 517 viris
1309 477 1555 532 feminisque
1585 487 1665 521 est:

325 539 462 579 omnia
497 539 650 593 templa
685 553 757 594 per
792 545 923 579 totum
952 538 1131 578 triduum
1161 538 1373 591 aequalem
1404 540 1565 581 turbam
1595 541 1667 582 ha-

324 602 467 650 buere,
516 614 610 641 cum
655 608 867 641 matronae
915 600 1171 655 amplissima
1216 609 1331 642 veste
1379 615 1473 642 cum
1512 602 1666 653 liberis,

322 663 492 718 perinde
522 677 570 703 ac
601 662 636 704 si
666 662 915 703 debellatum
945 662 1068 711 foret,
1106 662 1218 703 omni
1248 663 1406 704 solutae
1436 671 1549 704 metu
1578 665 1666 706 deis

322 725 620 766 immortalibus
645 732 784 780 grates
810 732 991 780 agerent.
1053 731 1205 765 statum
1229 739 1392 778 quoque
1417 726 1592 768 civitatis
1619 742 1668 768 ea

322 787 493 828 victoria
515 787 662 836 movit,
700 795 744 827 ut
768 787 850 827 iam
873 787 968 828 inde
993 786 1093 827 haut
1118 801 1236 828 secus
1263 802 1385 841 quam
1408 787 1452 828 in
1474 803 1576 843 pace
1599 804 1666 830 res

321 850 427 891 inter
452 865 496 891 se
527 850 766 891 contrahere
798 850 1032 898 vendendo,
1070 850 1262 899 emendo,
1300 857 1487 891 mutuum
1517 851 1665 900 dando,

322 919 538 968 argentum
563 912 763 953 creditum
789 912 987 953 solvendo
1013 912 1222 953 auderent.

408 973 457 1015 C.
497 973 697 1015 Claudius
735 973 879 1015 consul
915 988 1008 1014 cum
1043 973 1085 1014 in
1127 981 1261 1014 castra
1296 973 1495 1024 redisset,
1544 983 1668 1030 caput

320 1035 617 1085 Hasdrubalis,
656 1036 767 1089 quod
803 1043 1011 1076 servatum
1042 1049 1135 1076 cum
1165 1049 1262 1076 cura
1293 1035 1500 1086 attulerat,
1537 1036 1666 1091 proici

323 1104 416 1139 ante
451 1098 632 1139 hostium
675 1097 871 1139 stationes
914 1097 1180 1152 captivosque
1217 1097 1346 1138 Afros
1389 1097 1573 1147 vinctos,
1621 1106 1667 1138 ut

321 1166 454 1209 crant,
493 1159 672 1209 ostendi,
710 1160 813 1200 duos
839 1159 962 1200 etiam
992 1173 1044 1199 ex
1068 1159 1131 1199 his
1159 1159 1314 1200 solutos
1344 1159 1403 1200 ire
1429 1159 1481 1200 ad
1503 1159 1666 1200 Hanni·
1719 1152 1727 1163 ⁰

320 1221 455 1262 halem
481 1228 521 1262 ct
550 1236 790 1276 expromere
823 1236 927 1274 quae
959 1228 1050 1261 acta
1080 1228 1219 1262 essent
1247 1220 1379 1262 iussit.
1438 1221 1663 1270 Hannibal,

322 1290 434 1324 tanto
460 1283 581 1323 simul
605 1283 770 1338 publico
795 1282 1066 1336 familiarique
1090 1283 1194 1323 ictus
1219 1282 1344 1332 luem,
1371 1297 1595 1337 agnoscere
1621 1298 1665 1324 se

319 1345 527 1386 fortunam
575 1344 840 1400 Carthaginis
888 1346 1016 1386 fertur
1064 1345 1242 1394 dixisse3
1297 1345 1523 1398 castrisque
1569 1346 1665 1387 inde

318 1407 459 1456 motis,
496 1414 545 1447 ut‘
577 1407 714 1448 onmia
749 1407 917 1456 auxilia,
968 1422 1072 1460 quae
1109 1407 1261 1447 diffusa
1294 1406 1416 1448 latius
1448 1407 1552 1448 tueri
1581 1423 1665 1448 non

317 1476 495 1523 poterat,
534 1469 575 1509 in
617 1477 846 1509 extremum
876 1468 1021 1509 Italiac
1058 1468 1256 1522 angulum
1279 1468 1465 1510 Bruttios
1503 1476 1665 1510 contra—

318 1530 451 1580 heret,
501 1538 541 1571 et
575 1530 907 1585 Metapontinos,
956 1529 1164 1571 civitatem
1199 1530 1459 1579 universam,
1508 1531 1663 1572 excitos

319 1593 485 1633 sedibus
524 1593 627 1642 suis,
665 1600 705 1634 et
729 1592 996 1633 Lucanorum
1033 1592 1102 1646 qui
1140 1608 1237 1634 suae
1275 1593 1446 1635 dicionis
1478 1601 1594 1634 crant
1623 1594 1664 1634 in

316 1653 525 1694 Bruttium
550 1669 695 1709 agrum
720 1653 912 1695 traduxit.

641 1966 928 2018 [PERIOCHA
957 1967 1096 2005 LIBRI
1125 1966 1336 2018 XXVIII]

406 2052 502 2096 [Res
520 2053 557 2087 in
577 2053 761 2098 Hispania
781 2065 959 2099 prospere
987 2058 1116 2099 gestae
1135 2065 1158 2088 a
1177 2053 1304 2088 Silano
1326 2053 1510 2098 Scipionis
1536 2054 1661 2098 legato

315 2107 352 2137 et
371 2104 418 2138 ab
438 2105 481 2138 L.
496 2103 670 2148 Scipione
689 2104 803 2139 fratre
824 2105 1003 2139 adversus
1016 2105 1185 2148 Poenos,
1211 2116 1234 2140 a
1254 2104 1416 2149 Sulpicio
1436 2106 1662 2150 proconsule

315 2155 416 2189 socio
435 2154 564 2190 Attalo
590 2167 678 2200 rege
697 2154 812 2191 Asiae
837 2157 1016 2191 adversus
1034 2156 1247 2200 Philippum
1272 2167 1396 2200 regem
1416 2156 1662 2191 Macedonum

311 2216 378 2249 pro
399 2205 544 2240 Aetolis
568 2206 792 2242 referuntur.
854 2218 935 2241 cum
960 2208 1010 2241 M.
1036 2207 1143 2241 Livio
1168 2210 1204 2241 et
1229 2206 1384 2241 Claudio
1411 2207 1551 2242 Neroni
1575 2218 1660 2241 con-

313 2257 455 2292 sulibus
481 2257 686 2303 triumphus
714 2258 886 2293 decretus
911 2262 1026 2302 esset,
1053 2258 1202 2302 Livius,
1229 2258 1291 2303 qui
1315 2258 1352 2292 in
1378 2258 1570 2302 provincia
1595 2269 1662 2292 sua

311 2319 387 2342 rem
401 2312 586 2354 gesserat,
615 2309 807 2354 quadrigis
821 2309 989 2344 invectus
1005 2313 1079 2353 est,
1106 2309 1225 2353 Nero,
1253 2308 1316 2355 qui
1332 2309 1370 2343 in
1391 2309 1559 2354 collegae
1578 2320 1661 2353 pro-

312 2359 486 2403 vinciam,
512 2364 553 2394 ut
569 2360 762 2394 victoriam
783 2360 861 2395 eius
882 2360 1091 2404 adiuvaret,
1118 2365 1286 2404 venerat,
1312 2370 1408 2405 equo
1431 2363 1580 2394 secutus
1606 2364 1663 2393 est

313 2415 349 2444 et
367 2411 406 2444 in
424 2412 497 2445 hoe
514 2411 646 2445 habitu
664 2411 749 2455 plus
771 2410 913 2455 gloriae
934 2411 1238 2456 reverentiaeque
1252 2411 1400 2454 habuit3
1424 2422 1509 2445 nam
1523 2414 1559 2445 et
1575 2411 1660 2455 plus

311 2461 350 2495 in
367 2462 468 2496 bello
483 2473 593 2506 quam
613 2462 762 2507 collega
779 2462 933 2497 fecerat.
983 2462 1081 2508 ignis
1101 2462 1138 2496 in
1157 2463 1250 2497 aede
1264 2463 1401 2497 Vestae
1421 2461 1660 2506 neglegentia

312 2512 480 2557 virginis,
506 2524 602 2557 quae
626 2524 702 2548 non
728 2513 971 2557 custodierat,
1004 2513 1188 2548 extinctus
1213 2517 1287 2556 est3
1325 2523 1436 2548 caesa
1454 2516 1512 2547 est
1529 2511 1658 2556 flagro.

312 2562 353 2595 P.
369 2562 493 2608 Scipio
513 2563 551 2597 in
568 2563 753 2608 Hispania
772 2574 854 2598 cum
874 2564 1013 2598 Poenis
1033 2565 1235 2599 debellavit
1249 2568 1382 2609 quarto
1402 2563 1542 2598 decimo
1562 2573 1658 2597 anno

313 2612 391 2646 eius
410 2614 515 2657 belli,
541 2615 671 2658 quinto
690 2618 779 2659 post
796 2626 893 2649 anno
915 2626 1024 2659 quam
1043 2615 1154 2659 ierat,
1189 2615 1469 2659 praeclusisque
1487 2614 1524 2647 in
1544 2616 1658 2646 totum

312 2664 549 2706 possessione
569 2665 783 2708 provinciae
798 2666 877 2700 eius
891 2665 1063 2700 hostibus
1076 2666 1278 2709 Hispanias
1297 2665 1455 2708 recepit,
1481 2667 1518 2697 et
1531 2674 1553 2697 a
1567 2662 1657 2695 Tar-

313 2724 449 2748 racone
467 2714 506 2748 in
523 2714 687 2749 Africam
706 2716 754 2749 ad
775 2716 984 2760 Syphacem
1003 2727 1127 2760 regem
1147 2716 1407 2760 Massyliorum
1427 2715 1657 2748 transvectus
