1815 3184
332 265 411 305 192
609 271 763 306 LIBER
787 271 958 316 XXIIII,
983 272 1141 307 27-29.
1170 275 1266 316 [a.u.
1283 284 1311 308 ο.
1326 274 1407 317 540]

328 376 470 417 eadem
507 374 623 428 quies
661 388 709 414 ac
750 375 1021 428 tranquillitas
1057 382 1154 416 erat.
1226 381 1445 430 postquam
1480 376 1679 419 Punicam

328 438 502 478 classem
528 436 753 477 accessisse
777 435 1023 491 Pachynum
1049 437 1217 477 allatum
1242 444 1321 486 est,
1349 437 1514 492 dempto
1539 439 1682 480 timore

327 499 604 553 Hippocrates
630 505 670 539 et
693 498 904 553 Epicydes
930 513 1039 539 nunc
1064 505 1162 553 aput
1194 500 1494 541 mercennarios
1520 500 1681 550 milites,

327 575 436 602 nunc
466 567 565 615 aput
596 560 832 614 transfugas
864 560 982 614 prodi
1010 561 1200 601 Romano
1234 559 1464 615 Syracusas
1496 561 1684 602 crimina-

283 634 301 663 8
326 623 486 664 bantur.
547 629 591 662 ut
627 636 724 662 vero
761 622 925 675 Appius
962 636 1088 662 naves
1127 622 1179 662 ad
1218 622 1369 663 ostium
1403 630 1565 676 portus,
1602 637 1683 675 quo

327 685 429 725 aliae
459 684 586 738 partis
616 683 852 724 hominibus
883 683 1044 724 animus
1077 684 1305 733 accederet,
1341 685 1382 724 in
1414 685 1587 725 statione
1612 685 1684 725 ha-

325 747 423 788 bere
449 746 600 800 coepit,
627 746 771 800 ingens
796 745 839 785 in
857 746 1036 799 speciem
1056 745 1293 787 criminibus
1313 746 1429 787 vanis
1455 754 1683 787 accesserat

282 820 300 849 9
326 809 448 857 fides,
481 822 529 849 ac
553 808 685 862 primo
711 807 834 848 etiam
859 807 1108 848 tumultuose
1134 809 1364 849 decurrerat
1389 808 1607 849 multitudo
1632 808 1683 848 ad

325 870 622 926 prohibendos,
651 870 685 910 si
709 870 750 909 in
776 876 924 910 terram
950 870 1252 924 egrederentur.

285 945 298 971 1
411 932 632 974 XXVIII.
694 932 745 972 In
769 931 845 972 hac
870 931 1101 972 turbatione
1130 947 1267 973 rerum
1290 932 1333 972 in
1358 932 1588 973 contionem
1612 947 1683 972 vo-

327 996 410 1037 cari
433 995 599 1050 placuit.
660 993 730 1034 ubi
756 1008 849 1034 cum
875 993 943 1034 alii
968 993 1047 1034 alio
1073 994 1286 1034 tenderent
1309 1008 1385 1034 nec
1409 993 1552 1047 procul
1577 993 1684 1034 sedi-

325 1059 434 1099 tione
469 1072 534 1097 res
572 1062 699 1104 esset,
743 1054 1015 1109 Apollonides
1051 1056 1282 1110 principum
1317 1070 1423 1096 unus
1460 1055 1682 1096 orationem

281 1135 299 1163 ‘2
327 1119 545 1161 salutarem
580 1125 625 1158 ut
661 1117 703 1157 in
739 1117 809 1157 tali
845 1123 1027 1171 tempore
1064 1117 1224 1158 habuit:
1273 1132 1348 1158 nec
1385 1131 1500 1170 spem
1538 1116 1679 1157 salutis

281 1198 299 1227 3
325 1196 400 1222 nec
430 1179 651 1236 perniciem
681 1179 913 1233 propiorem
945 1193 1140 1231 umquam
1171 1179 1324 1219 civitati
1354 1179 1426 1218 ulli
1456 1178 1598 1218 fuisse.
1648 1178 1680 1217 si

325 1243 434 1284 enim
458 1256 540 1282 uno
567 1241 703 1282 animo
736 1255 878 1281 omnes
911 1241 976 1280 vel
1007 1241 1059 1280 ad
1089 1241 1300 1281 Romanos
1332 1240 1397 1280 vel
1429 1240 1481 1280 ad
1508 1238 1681 1280 Cartha-

324 1305 530 1360 ginienses
556 1302 768 1350 inclinent,
806 1302 957 1342 nullius
990 1302 1164 1342 civitatis
1198 1309 1350 1342 statum
1373 1301 1680 1343 fortunatiorem

281 1382 300 1410 4
325 1381 373 1407 ac
409 1365 631 1407 beatiorem
668 1364 772 1414 fore3
833 1364 868 1405 si
909 1364 976 1404 alii
1013 1364 1091 1405 alio
1128 1364 1289 1405 trahant
1324 1379 1411 1413 res,
1461 1378 1543 1404 non
1578 1364 1683 1404 inter

325 1428 488 1469 Poenos
531 1427 824 1479 Romanosque
867 1425 1020 1466 bellum
1062 1426 1238 1466 atrocius
1282 1425 1370 1466 fore
1411 1440 1535 1478 quam
1577 1424 1682 1464 inter

323 1491 436 1544 ipsos
453 1489 756 1543 Syracusanos,
784 1502 876 1528 cum
902 1488 1007 1527 intra
1033 1488 1200 1527 eosdem
1225 1502 1363 1527 muros
1389 1502 1483 1541 pars
1510 1493 1680 1539 utraque

280 1567 298 1595 5
326 1568 421 1593 suos
448 1551 668 1599 exercitus,
702 1565 775 1590 sua
801 1565 930 1598 arma,
959 1564 1055 1589 suos
1076 1548 1264 1589 habitura
1284 1549 1334 1590 sit
1354 1549 1492 1590 duces.
1529 1549 1679 1602 itaque,

323 1621 368 1654 ut
393 1614 500 1654 idem
526 1626 667 1653 omnes
696 1611 889 1659 sentiant,
929 1625 1090 1650 summa
1121 1611 1162 1650 vi
1193 1611 1399 1665 agendum
1426 1625 1530 1651 esse.
1590 1617 1681 1650 utra

325 1675 498 1716 societas
537 1674 588 1714 sit
623 1673 777 1721 utilior,
816 1687 906 1713 eam
937 1672 1059 1726 longe
1092 1672 1290 1712 minorem
1322 1686 1369 1712 ac
1398 1672 1562 1713 levioris
1594 1687 1681 1712 mo-

280 1750 296 1778 6
324 1736 450 1777 menti
487 1734 827 1776 consultationem
865 1748 980 1783 esse3
1036 1741 1097 1774 set
1133 1740 1270 1774 tamen
1305 1733 1501 1774 Hieronis
1544 1733 1679 1787 potius

323 1812 447 1851 quam
472 1796 718 1851 Hieronymi
743 1796 1026 1837 auctoritatem
1053 1796 1303 1849 sequendam
1328 1796 1369 1836 in
1395 1795 1516 1836 sociis
1542 1795 1681 1850 legen-

324 1860 405 1909 dis,
438 1859 503 1900 vel
534 1858 831 1912 quinquaginta
862 1858 978 1898 annis
1011 1858 1184 1898 feliciter
1214 1864 1423 1911 expertam
1460 1857 1679 1897 amicitiam

281 1936 296 1963 ῖ
323 1936 430 1962 nunc
466 1921 716 1976 incognitae,
761 1920 968 1973 quondam
1003 1919 1157 1959 infideli
1192 1919 1515 1973 praeferendam.
1588 1932 1679 1958 esse

324 1984 446 2024 etiam
471 1983 667 2024 momenti
693 1983 846 2036 ahquid
872 1983 924 2023 ad
949 1982 1174 2030 consilium,
1202 1981 1312 2034 quod
1329 1980 1679 2035 Carthaginiensi-

322 2045 398 2086 bus
430 2045 487 2086 ita
516 2060 598 2099 pax
628 2044 771 2099 negari
800 2051 959 2099 posset,
1001 2050 1047 2084 ut
1077 2058 1159 2084 non
1194 2043 1335 2095 utique
1371 2042 1413 2082 in
1449 2041 1680 2096 praesentia

324 2106 477 2147 bellum
513 2121 607 2147 cum
645 2107 702 2147 eis
744 2113 933 2161 geratur:
989 2121 1080 2147 cum
1118 2104 1318 2146 Romanis
1363 2103 1567 2158 extemplo
1610 2110 1680 2144 aut

323 2183 468 2222 pacem
494 2176 564 2209 aut
588 2169 741 2210 bellum
766 2168 1014 2209 habendum.

279 2242 299 2273 ὃ
409 2230 504 2283 Quo
530 2231 664 2271 minus
692 2231 925 2284 cupiditatis
951 2245 999 2271 ac
1024 2230 1148 2271 studii
1172 2230 1261 2270 visa
1286 2236 1347 2270 est
1367 2228 1495 2269 oratio
1514 2226 1677 2276 habere,

322 2308 369 2333 co
395 2293 488 2347 plus
521 2293 771 2333 auctoritatis
802 2292 956 2333 habuit.
1017 2293 1222 2333 adiectum
1253 2297 1314 2331 est
1343 2288 1599 2344 praetoribus
1632 2303 1679 2329 ac

322 2354 489 2395 delectis
516 2361 750 2394 senatorum
776 2354 948 2394 militare
969 2354 1091 2394 etiam
1112 2353 1346 2401 consilium,
1372 2351 1475 2392 iussi
1495 2357 1534 2391 et
1553 2350 1678 2391 duces

278 2429 295 2458 9
324 2416 512 2456 ordinum
548 2415 827 2470 praefectique
864 2416 1108 2456 auxiliorum
1146 2415 1267 2455 simul
1300 2413 1524 2455 consulere.
1585 2426 1679 2453 cum

323 2492 444 2531 saepe
471 2484 561 2518 acta
585 2492 649 2518 res
676 2484 784 2518 esset
808 2478 969 2532 magnis
996 2476 1304 2525 certaminibus,
1330 2482 1558 2530 postremo,
1584 2473 1680 2527 quia

322 2538 418 2579 belli
443 2553 537 2579 cum
561 2539 760 2580 Romanis
786 2539 955 2594 gerendi
984 2539 1086 2579 ratio
1113 2538 1224 2578 nulla
1255 2535 1497 2591 apparebat,
1534 2549 1676 2590 pacem

321 2599 407 2640 fieri
426 2600 579 2653 placuit
597 2601 784 2653 mittique
804 2615 898 2641 cum
917 2601 974 2642 eis
994 2601 1152 2655 legatos
1167 2600 1219 2640 ad
1236 2614 1323 2640 rem
1344 2597 1674 2640 confirmandam.

281 2669 293 2697 1
405 2661 648 2703 XXVIIII.
684 2663 790 2703 Dies
815 2662 914 2703 haut
938 2663 994 2703 ita
1018 2662 1136 2703 multi
1153 2662 1485 2708 intercesserunt,
1513 2672 1606 2699 cum
1625 2670 1675 2696 ex

321 2721 537 2764 Leontinis
561 2724 686 2777 legati
710 2724 957 2777 praesidium
984 2723 1133 2764 finibus
1160 2723 1244 2764 suis
1271 2727 1432 2763 orantes
1457 2723 1673 2765 venerunt3
