1815 3184
232 1190 270 1220 10

231 1501 266 1529 ll

229 1686 268 1714 12

232 1934 267 1963 13

228 2121 267 2149 14

249 2492 266 2519 10

248 2738 267 2766 4

298 265 380 305 302
599 270 752 305 LIBER
777 270 922 313 XXVI,
950 270 1004 304 33.
1025 269 1079 304 34.
1109 273 1157 313 [a.
1172 281 1206 304 u.
1221 281 1251 304 0.
1265 270 1347 314 544]

298 375 481 415 viderent
511 388 586 414 nec
609 373 803 414 Fulvium
836 373 998 414 avocari
1024 388 1048 413 a
1073 371 1220 427 Capua
1249 387 1325 413 nee
1350 373 1503 414 differri
1530 373 1652 415 Cam-

298 451 426 491 panos
448 436 614 484 vellent,
647 435 920 489 interrogatus
942 434 1183 475 sententiam
1202 434 1263 475 M.
1278 434 1432 476 Atilius
1452 435 1652 490 Regulus,

299 498 414 539 cuius
441 512 492 538 ex
516 497 584 547 iis,
623 497 692 550 qui
718 497 770 538 ad
796 496 985 551 Capuam
1010 495 1190 546 fuerant,
1228 497 1409 537 maxima
1433 497 1652 538 auctoritas

297 567 400 610 erat,
441 561 499 600 ‘in
535 560 722 601 eonsilio'
758 560 889 613 inquit
927 558 1118 600 ‘arbitror
1153 574 1218 600 me
1248 559 1378 601 fuisse
1416 559 1652 601 consulibus

297 622 442 676 Capua
473 629 593 676 capta
624 628 718 662 eum
749 628 1028 675 quaereretur,
1067 621 1185 674 ecqui
1212 620 1518 676 Campanorum
1549 621 1653 662 bene

297 684 464 725 meritus
496 684 546 724 de
578 699 620 724 re
651 683 817 738 publica
847 690 986 724 nostra
1017 690 1137 724 esset.
1203 683 1305 724 duas
1335 683 1526 724 mulieres
1558 697 1652 724 con-

295 753 456 800 pertum
482 753 560 794 est,
587 745 775 787 Vestiam
802 744 985 800 Oppiam
1009 744 1245 786 Atellanam
1272 744 1441 800 Capuae
1466 745 1654 786 habitan-

297 815 377 848 tem
404 815 442 849 et
466 807 694 848 Faueulam
722 807 932 856 Cluviam,
959 822 1064 860 quae
1090 807 1297 859 quondam
1323 813 1540 860 quaestum
1565 821 1652 848 cor-

295 884 392 924 pore
412 869 591 919 fecisset,
612 869 724 910 illam
744 869 891 910 cotidie
911 869 1164 910 sacrificasse
1182 883 1256 923 pro
1277 869 1406 910 salute
1427 876 1464 909 et
1484 868 1654 909 victoria

295 931 437 985 populi
474 932 669 981 Romani,
713 931 819 972 hanc
855 931 1028 986 captivis
1065 931 1281 985 egentibus
1318 931 1511 971 alimenta
1547 930 1652 971 clam

297 994 600 1047 suppeditasse,
646 1000 872 1034 ceterorum
910 993 1093 1034 omnium
1131 992 1438 1047 Campanorum
1475 992 1651 1033 eundem

296 1069 394 1110 erga
419 1070 493 1096 nos
515 1055 695 1096 animum
717 1070 839 1108 quem
862 1054 1267 1110 Carthaginiensium
1287 1055 1417 1096 fuisse
1439 1054 1652 1107 securique

294 1131 514 1170 pereussos
546 1132 570 1157 a
596 1116 648 1169 Ω.
674 1117 823 1158 Fulvio
855 1132 946 1158 esse
978 1117 1109 1171 magis
1141 1131 1315 1170 quorum
1345 1116 1523 1171 dignitas
1548 1116 1653 1156 inter

296 1178 396 1219 alios
423 1193 545 1232 quam
571 1194 746 1232 quorum
771 1179 892 1233 eulpa
917 1179 1133 1220 eminebat.
1195 1194 1267 1233 per
1297 1186 1484 1220 senatum
1509 1178 1577 1233 agi
1601 1178 1651 1218 de

299 1239 543 1294 Campanis,
581 1241 650 1294 qui
688 1241 797 1282 cives
834 1241 1011 1282 Romani
1049 1247 1160 1290 sunt,
1198 1241 1358 1282 iniussu
1393 1240 1534 1295 populi
1569 1254 1652 1280 non

298 1302 415 1343 video
440 1317 581 1356 posse,
618 1303 741 1356 idque
767 1309 806 1343 et
837 1303 946 1357 apud
970 1303 1144 1343 maiores
1171 1309 1332 1343 nostros
1358 1303 1400 1343 in
1426 1301 1650 1343 Satricanis

295 1363 450 1405 factum
482 1379 592 1414 esse,
630 1379 723 1405 cum
754 1364 1020 1414 defecissent,
1057 1373 1103 1405 ut
1131 1364 1192 1405 M.
1224 1364 1432 1405 Antistius
1464 1363 1650 1404 tribunus

295 1425 427 1479 plebis
452 1426 564 1480 prius
590 1427 845 1481 rogationem
870 1426 993 1466 ferret
1019 1427 1220 1479 sciretque
1246 1425 1381 1480 plebs,
1408 1426 1466 1465 uti
1493 1425 1651 1466 senatui

296 1487 346 1528 de
363 1486 586 1529 Satricanis
614 1488 837 1528 sententiae
863 1488 1060 1528 dicendae
1085 1488 1149 1528 ius
1176 1493 1296 1528 esset.
1340 1487 1477 1540 itaque
1503 1501 1651 1527 censeo

296 1563 388 1589 cum
421 1549 592 1590 tribunis
623 1549 756 1603 plebis
787 1550 994 1604 agendum
1031 1564 1140 1598 esse,
1179 1556 1222 1589 ut
1254 1563 1394 1590 eorum
1425 1563 1531 1589 unus
1562 1549 1653 1603 plu-

294 1626 412 1652 resve
442 1612 694 1666 rogationem
728 1611 860 1652 ferant
891 1611 943 1652 ad
973 1610 1154 1665 plebem,
1192 1625 1273 1664 qua
1301 1610 1419 1652 nobis
1447 1612 1651 1652 statuendi

295 1673 345 1713 de
384 1672 607 1727 Campanis
645 1674 707 1714 ius
745 1673 844 1713 fiat’.
919 1673 970 1713 L.
1008 1672 1162 1714 Atilius
1205 1673 1392 1714 tribunus
1429 1672 1562 1727 plebis
1600 1688 1651 1714 ex

295 1735 534 1776 auctoritate
561 1743 726 1776 senatus
753 1734 915 1789 plebem
940 1735 982 1775 in
1007 1735 1109 1776 haee
1133 1735 1259 1776 verba
1283 1735 1461 1790 rogavit:
1490 1739 1650 1776 ‘omnes

296 1797 517 1851 Campani,
544 1796 744 1847 Atellani,
774 1796 970 1846 Calatini,
1005 1796 1211 1846 Sabatini,
1243 1797 1313 1850 qui
1340 1812 1383 1838 se
1408 1797 1652 1837 dediderunt

294 1860 335 1899 in
365 1859 577 1900 arbitrium
608 1860 891 1913 dicionemque
921 1859 1063 1914 populi
1092 1860 1271 1901 Romani
1300 1859 1448 1900 Fulvio
1479 1873 1651 1913 procon-

295 1922 390 1970 suli,
428 1936 614 1976 quosque
650 1937 732 1963 una
770 1937 910 1964 seeum
947 1922 1138 1963 dedidere
1174 1936 1361 1975 quaeque
1396 1937 1479 1962 una
1509 1936 1649 1962 secum

293 1984 502 2033 dedidere,
541 2000 686 2039 agrum
713 1984 957 2038 urbemque,
994 1985 1133 2025 divina
1157 1984 1417 2037 humanaque
1442 1984 1651 2024 utensilia-

293 2061 372 2099 que
404 2046 490 2087 sive
526 2047 626 2100 quid
662 2047 774 2088 aliud
809 2047 1070 2095 dediderunt,
1109 2047 1159 2087 de
1194 2047 1243 2087 iis
1280 2045 1402 2087 rebus
1434 2045 1533 2099 quid
1563 2045 1650 2086 fieri

293 2108 444 2157 velitis,
471 2123 545 2149 vos
572 2123 691 2163 rogo,
720 2108 928 2162 Quirites.9
964 2108 1096 2163 plebis
1118 2108 1176 2149 sie
1194 2108 1313 2148 iussit
1333 2107 1462 2160 ‘quod
1483 2113 1650 2148 senatus

292 2170 467 2219 iuratus,
505 2171 685 2212 maxima
721 2185 836 2225 pars,
874 2177 1038 2211 censeat
1073 2170 1143 2223 qui
1174 2170 1350 2218 adsient,
1388 2169 1432 2209 id
1460 2169 1649 2210 volumus

291 2231 577 2285 iubemusque.
587 2232 596 2249 ’

376 2293 627 2335 XXXHH.
697 2294 766 2336 Ex
802 2294 880 2335 hoe
915 2293 1050 2349 plebei
1093 2294 1195 2335 seito
1233 2299 1399 2334 senatus
1436 2292 1647 2333 consultus

294 2353 456 2409 Oppiae
484 2355 740 2409 Cluviaeque
771 2356 949 2411 primum
980 2356 1088 2397 bona
1118 2370 1164 2397 ae
1195 2355 1424 2396 libertatem
1454 2354 1647 2394 restituit:

293 2417 328 2457 si
353 2432 433 2470 qua
459 2418 538 2459 alia
567 2419 750 2472 praemia
779 2425 918 2473 petere
949 2417 1001 2459 ab
1033 2423 1178 2459 senatu
1208 2417 1377 2466 vellent,
1416 2416 1553 2456 venire
1579 2430 1648 2456 eas

292 2477 481 2520 Romam.
568 2479 795 2535 Campanis
826 2480 869 2520 in
900 2479 1077 2521 familias
1109 2479 1293 2534 singulas
1326 2478 1489 2519 decreta
1525 2477 1646 2526 facta,

292 2554 396 2593 quae
421 2556 503 2582 non
528 2557 676 2597 operae
702 2543 878 2598 pretium
904 2549 967 2583 est
999 2543 1137 2583 omnia
1167 2555 1417 2583 enumerare.
1479 2540 1650 2581 aliorum

293 2601 401 2643 bona
442 2603 714 2657 publicanda,
763 2605 875 2659 ipsos
917 2604 1150 2658 liberosque
1193 2619 1333 2645 eorum
1375 2610 1415 2644 et
1452 2602 1647 2655 coniuges

292 2665 528 2707 vendendas
565 2673 680 2708 extra
715 2667 837 2716 filias,
875 2681 980 2720 quae
1016 2667 1295 2721 enupsissent,
1333 2666 1570 2719 priusquam
1606 2662 1648 2701 in

293 2726 434 2778 populi
457 2726 633 2768 Romani
659 2735 902 2781 potestatem
928 2728 1109 2768 venirent
1119 2743 1129 2775 3
1167 2727 1268 2768 alios
1300 2727 1340 2766 in
1366 2723 1528 2765 vincula
1553 2737 1647 2763 eon-
