1815 3184
494 205 646 239 LIBER
670 204 815 248 XXVI,
840 204 894 238 39.
915 203 969 239 40.
999 205 1047 247 [a.
1064 203 1100 237 C.
1115 202 1197 246 210]
1450 191 1532 233 309

178 315 334 358 rentur,
371 309 538 357 Livius,
576 307 647 361 qui
683 307 765 347 arei
800 306 1086 361 praesidioque
1111 305 1300 346 Romano
1331 310 1529 359 praeerat,
1558 315 1595 345 21

178 372 357 411 intentus
382 371 423 410 in
449 369 581 411 omnis
608 368 843 410 occasiones
869 368 1072 422 gerendae
1097 367 1156 408 rei
1183 366 1231 408 C.
1257 366 1448 407 Persium
1472 365 1533 405 in-

179 433 341 486 pigrum
367 432 498 472 virum
524 445 617 472 eum
636 429 796 470 duobus
817 429 980 470 milibus
1001 436 1040 470 et
1063 427 1336 483 [quingentis]
1359 433 1533 468 armato-

179 509 269 533 rum
295 508 346 533 ex
370 508 461 534 arce
487 492 637 540 emisit,
665 491 735 544 qui
760 506 863 545 vage
884 491 1037 532 effusos
1062 506 1135 545 per
1153 505 1273 545 agros
1292 490 1533 545 palatosque
1559 501 1600 532 22

180 555 346 595 adortus
372 568 464 595 cum
490 554 559 593 diu
584 553 739 607 passim
765 553 996 600 cecidisset,
1034 566 1189 606 paucos
1216 566 1266 592 ex
1291 551 1429 591 multis
1456 558 1535 591 tre-

180 616 276 669 pida
294 615 395 670 fuga
413 615 628 656 incidentis
650 614 904 668 semiapertis
924 621 1133 668 portarum
1152 613 1309 654 foribus
1329 613 1371 653 in
1390 612 1535 653 urbem

181 677 394 731 compulit,
421 692 471 717 ne
498 676 594 717 urbs
621 676 765 717 eodem
790 676 946 730 impetu
971 681 1195 729 caperetur.
1254 675 1311 715 ita
1335 680 1534 727 aequatae
1560 685 1601 716 23

179 753 244 778 res
276 739 328 779 ad
359 738 601 787 Tarentum,
639 737 838 778 Romanis
869 736 1092 777 victoribus
1121 734 1268 790 [terra‚
1301 735 1534 776 Tarentinis

180 799 422 854 victoribus]
461 800 574 840 mari.
636 799 831 839 frumenti
869 813 981 853 spes,
1020 812 1125 851 quae
1156 799 1198 838 in
1227 798 1356 839 oculis
1388 797 1532 845 fuerat,

182 871 375 913 utrosque
401 861 595 901 frustrata
619 860 781 914 pariter.
1510 905 1512 908 v

265 922 470 962 XXXX.
531 922 613 961 Per
648 922 757 961 idem
793 927 955 974 tempus
991 921 1205 961 Laevinus
1243 921 1404 971 consul,
1453 921 1534 961 iam
1563 934 1577 962 1

180 999 329 1038 magna
353 991 467 1037 parte
493 983 587 1023 anni
607 983 871 1030 circumacta,
898 982 940 1021 in
956 979 1141 1039 Siciliam
1166 983 1372 1023 veteribus
1397 983 1536 1022 novis-

179 1060 257 1097 que
279 1045 399 1085 sociis
421 1050 658 1098 expectatus
680 1058 773 1083 cum
793 1043 990 1090 venisset,
1011 1043 1189 1096 primum
1209 1058 1256 1083 ae
1274 1044 1536 1097 potissimum

179 1106 360 1146 omnium
385 1114 497 1145 ratus
526 1104 744 1158 Syracusis
770 1119 877 1144 nova
902 1119 1003 1158 pace
1028 1105 1258 1145 inconditas
1292 1118 1536 1158 componere

177 1182 254 1208 res.
314 1166 593 1221 Agrigentum
618 1166 731 1214 inde,
770 1166 880 1218 quod
911 1165 1006 1205 belli
1031 1165 1233 1218 reliquum
1260 1173 1345 1206 erat
1370 1165 1535 1206 teneba-
1562 1178 1580 1207 ‘2

178 1236 324 1282 turque
344 1244 367 1268 a
383 1227 788 1282 Carthaginiensium
807 1227 943 1267 valido
963 1227 1180 1281 praesidio,
1203 1227 1319 1267 duxit
1337 1227 1535 1281 legiones.

179 1298 218 1331 ct
243 1290 373 1331 adfuit
397 1289 561 1330 fortuna
585 1289 761 1343 incepto.
822 1288 977 1329 Hanno
1004 1296 1088 1329 erat
1113 1289 1336 1343 imperator
1362 1288 1536 1329 Cartha·
1562 1303 1580 1332 3

179 1352 445 1407 giniensium,
478 1351 551 1392 sed
575 1366 738 1392 omnem
763 1351 805 1391 in
829 1350 1009 1391 Muttine
1034 1350 1308 1404 Numidisque
1334 1365 1450 1405 spem
1474 1364 1537 1391 re-

179 1415 354 1469 positam
396 1414 613 1456 habebant.
686 1429 758 1468 per
799 1421 926 1455 totam
965 1414 1149 1456 Siciliam
1185 1430 1318 1470 vagus
1360 1415 1535 1470 praedas
1562 1425 1581 1454 4

180 1476 329 1531 agebat
365 1491 416 1516 ex
452 1476 572 1516 sociis
598 1476 880 1517 Romanorum
915 1491 1048 1530 neque
1083 1477 1299 1518 intercludi
1334 1477 1385 1518 ab
1411 1476 1537 1532 Agri-

180 1546 303 1592 gento
338 1538 380 1577 vi
415 1544 486 1578 aut
521 1544 605 1578 arte
642 1537 725 1578 ulla
759 1552 853 1586 nec,
892 1538 990 1591 quin
1027 1546 1258 1593 erumperet
1294 1538 1365 1579 ubi
1400 1539 1534 1587 vellet,

180 1599 385 1653 prohiberi
416 1605 585 1652 poterat.
647 1599 749 1639 haee
779 1599 866 1640 cius
892 1600 1022 1654 gloria
1047 1601 1142 1653 quia
1172 1601 1254 1640 iam
1279 1600 1535 1654 imperatoris
1562 1612 1581 1640 5

180 1675 343 1713 quoque
374 1660 507 1700 famae
534 1659 757 1708 officiebat,
794 1667 1002 1714 postremo
1027 1661 1069 1701 in
1094 1661 1291 1701 invidiam
1316 1661 1453 1710 vertit,
1492 1668 1537 1701 ut

181 1737 231 1763 ne
257 1722 360 1762 bene
385 1728 527 1776 gestae
552 1721 718 1774 quidem
743 1736 807 1762 res
833 1722 914 1761 iam
927 1721 1125 1763 Hannoni
1143 1729 1310 1776 propter
1328 1730 1536 1762 auctorem

182 1784 278 1824 satis
305 1783 434 1823 laetae
460 1789 609 1823 essent.
665 1782 864 1836 (propter)
890 1790 1096 1837 postremo
1121 1783 1422 1837 praefecturam
1448 1783 1534 1823 eius
1562 1797 1579 1826 6

181 1845 263 1885 filio
290 1860 363 1885 suo
389 1845 517 1893 dedit,
543 1852 669 1893 ratus,
691 1859 783 1884 cum
808 1845 978 1898 imperio
1003 1846 1286 1886 auctoritatem
1312 1860 1474 1899 quoque
1500 1845 1536 1886 ei

180 1908 284 1947 inter
307 1906 507 1947 Numidas
534 1913 779 1960 erepturum.
853 1907 963 1959 quod
987 1906 1109 1961 longe
1134 1907 1250 1947 aliter
1274 1907 1401 1947 venit:
1439 1922 1535 1947 nam
1562 1920 1578 1948 7

181 1976 359 2009 veterem
379 1968 563 2008 favorem
584 1968 670 2008 eius
697 1983 771 2008 sua
790 1968 958 2022 insuper
980 1969 1133 2009 invidia
1153 1969 1284 2018 auxit,
1311 1983 1443 2021 neque
1468 1969 1536 2009 ille

181 2031 464 2085 indignitatem
489 2029 660 2070 iniuriae
686 2029 775 2069 tulit
802 2030 1098 2083 confestimque
1130 2031 1183 2070 ad
1206 2031 1442 2071 Laevinum
1468 2045 1536 2071 oc-

182 2092 312 2132 cultos
337 2092 500 2132 nuntios
527 2092 637 2131 misit
662 2092 712 2132 de
739 2092 934 2132 tradendo
959 2091 1204 2147 Agrigento.
1265 2107 1338 2146 per
1362 2107 1465 2145 quos
1491 2099 1536 2132 ut
1561 2105 1581 2134 8

183 2159 243 2193 cst
270 2153 379 2193 facta
403 2153 503 2193 fides
530 2153 862 2206 compositusque
880 2153 939 2193 rei
958 2154 1162 2208 gerendae
1182 2155 1348 2203 modus,
1375 2161 1536 2207 portam

183 2215 235 2255 ad
260 2229 371 2254 mare
397 2213 594 2254 ferentem
618 2214 822 2254 Numidae
854 2229 947 2255 cum
977 2221 1251 2269 occupassent
1280 2215 1410 2270 pulsis
1441 2216 1536 2256 inde

183 2275 420 2316 custodibus
457 2282 527 2316 aut
559 2276 708 2324 caesis,
746 2276 957 2317 Romanos
989 2278 1040 2318 ad
1076 2277 1118 2317 id
1147 2277 1284 2331 ipsum
1314 2277 1463 2319 missos
1494 2278 1537 2318 in

183 2337 324 2378 urbem
351 2344 607 2391 acceperunt.
646 2345 686 2378 et
711 2352 804 2378 cum
829 2339 991 2392 agmine
1016 2339 1096 2379 iam
1122 2339 1165 2378 in
1190 2339 1325 2380 media
1349 2339 1462 2380 urbis
1488 2354 1536 2380 ac
1562 2353 1580 2383 9

182 2400 318 2440 forum
354 2414 504 2453 magno
544 2399 720 2439 tumultu
755 2399 897 2449 iretur,
941 2407 1053 2441 ratus
1090 2400 1263 2450 Hanno,
1307 2416 1391 2441 non
1426 2400 1537 2442 aliud

183 2477 307 2514 quam
344 2461 564 2501 tumultum
601 2476 648 2502 ac
685 2462 979 2512 secessionem,
1022 2463 1064 2503 id
1096 2463 1207 2515 quod
1238 2469 1277 2503 et
1307 2470 1401 2503 ante
1431 2464 1538 2504 acci-

181 2523 314 2571 derat,
363 2522 634 2564 Numidarum
670 2538 780 2573 esse,
830 2525 882 2564 ad
923 2525 1258 2579 conprimendam
1295 2525 1536 2566 seditionem

182 2584 393 2638 processit.
454 2592 575 2638 atque
600 2585 685 2635 illo,
724 2600 818 2626 cum
844 2586 881 2627 ei
905 2587 1122 2628 multitudo
1148 2587 1277 2628 maior
1301 2601 1425 2640 quam
1450 2588 1536 2629 Nu-
1563 2602 1604 2631 10

179 2646 382 2687 midarum
412 2647 555 2700 procul
586 2647 675 2688 visa
711 2654 751 2688 et
782 2647 936 2689 clamor
964 2648 1178 2690 Romanus
1215 2648 1534 2703 haudquaquam
