<?xml version="1.0" encoding="UTF-8"?>
<!DOCTYPE html PUBLIC "-//W3C//DTD XHTML 1.0 Transitional//EN"
    "http://www.w3.org/TR/xhtml1/DTD/xhtml1-transitional.dtd">
<html xmlns="http://www.w3.org/1999/xhtml" xml:lang="en" lang="en">
 <head>
  <title>
</title>
<meta http-equiv="Content-Type" content="text/html;charset=utf-8" />
  <meta name='ocr-system' content='tesseract 3.04.00' />
  <meta name='ocr-capabilities' content='ocr_page ocr_carea ocr_par ocr_line ocrx_word'/>
</head>
<body>
  <div class='ocr_page' id='page_1' title='image "./aburbeconditalib02livyuoft_0436.png"; bbox 0 0 1815 3184; ppageno 0'>
   <div class='ocr_carea' id='block_1_1' title="bbox 290 374 328 403">
    <p class='ocr_par' dir='ltr' id='par_1_1' title="bbox 290 374 328 403">
     <span class='ocr_line' id='line_1_1' title="bbox 290 374 328 403; baseline 0.026 -1"><span class='ocrx_word' id='word_1_1' title='bbox 290 374 328 403; x_wconf 88' lang='lat'>13</span> 
     </span>
    </p>
   </div>
   <div class='ocr_carea' id='block_1_2' title="bbox 291 557 329 585">
    <p class='ocr_par' dir='ltr' id='par_1_2' title="bbox 291 557 329 585">
     <span class='ocr_line' id='line_1_2' title="bbox 291 557 329 585; baseline 0 0"><span class='ocrx_word' id='word_1_2' title='bbox 291 557 329 585; x_wconf 76' lang='lat'>14</span> 
     </span>
    </p>
   </div>
   <div class='ocr_carea' id='block_1_3' title="bbox 290 680 327 708">
    <p class='ocr_par' dir='ltr' id='par_1_3' title="bbox 290 680 327 708">
     <span class='ocr_line' id='line_1_3' title="bbox 290 680 327 708; baseline -0.027 0"><span class='ocrx_word' id='word_1_3' title='bbox 290 680 304 708; x_wconf 95' lang='grc'>1</span> <span class='ocrx_word' id='word_1_4' title='bbox 310 681 327 707; x_wconf 69' lang='grc' dir='ltr'>Γ)</span> 
     </span>
    </p>
   </div>
   <div class='ocr_carea' id='block_1_4' title="bbox 288 926 326 955">
    <p class='ocr_par' dir='ltr' id='par_1_4' title="bbox 288 926 326 955">
     <span class='ocr_line' id='line_1_4' title="bbox 288 926 326 955; baseline 0.026 -1"><span class='ocrx_word' id='word_1_5' title='bbox 288 926 326 955; x_wconf 88' lang='grc'>16</span> 
     </span>
    </p>
   </div>
   <div class='ocr_carea' id='block_1_5' title="bbox 288 1049 327 1076">
    <p class='ocr_par' dir='ltr' id='par_1_5' title="bbox 288 1049 327 1076">
     <span class='ocr_line' id='line_1_5' title="bbox 288 1049 327 1076; baseline 0 0"><span class='ocrx_word' id='word_1_6' title='bbox 288 1049 327 1076; x_wconf 88' lang='grc'>17</span> 
     </span>
    </p>
   </div>
   <div class='ocr_carea' id='block_1_6' title="bbox 309 1478 328 1506">
    <p class='ocr_par' dir='ltr' id='par_1_6' title="bbox 309 1478 328 1506">
     <span class='ocr_line' id='line_1_6' title="bbox 309 1478 328 1506; textangle 90"><span class='ocrx_word' id='word_1_7' title='bbox 309 1478 328 1506; x_wconf 73' lang='lat'>10</span> 
     </span>
    </p>
   </div>
   <div class='ocr_carea' id='block_1_7' title="bbox 308 2031 326 2059">
    <p class='ocr_par' dir='ltr' id='par_1_7' title="bbox 308 2031 326 2059">
     <span class='ocr_line' id='line_1_7' title="bbox 308 2031 326 2059; baseline 0 0"><span class='ocrx_word' id='word_1_8' title='bbox 308 2031 326 2059; x_wconf 82' lang='lat'>5</span> 
     </span>
    </p>
   </div>
   <div class='ocr_carea' id='block_1_8' title="bbox 307 2278 324 2307">
    <p class='ocr_par' dir='ltr' id='par_1_8' title="bbox 307 2278 324 2307">
     <span class='ocr_line' id='line_1_8' title="bbox 307 2278 324 2307; baseline 0 0"><span class='ocrx_word' id='word_1_9' title='bbox 307 2278 324 2307; x_wconf 84' lang='lat'>6</span> 
     </span>
    </p>
   </div>
   <div class='ocr_carea' id='block_1_9' title="bbox 308 2525 323 2552">
    <p class='ocr_par' dir='ltr' id='par_1_9' title="bbox 308 2525 323 2552">
     <span class='ocr_line' id='line_1_9' title="bbox 308 2525 323 2552; baseline 0 0"><span class='ocrx_word' id='word_1_10' title='bbox 308 2525 323 2552; x_wconf 85' lang='lat'>7</span> 
     </span>
    </p>
   </div>
   <div class='ocr_carea' id='block_1_10' title="bbox 308 2707 326 2736">
    <p class='ocr_par' dir='ltr' id='par_1_10' title="bbox 308 2707 326 2736">
     <span class='ocr_line' id='line_1_10' title="bbox 308 2707 326 2736; baseline 0 0"><span class='ocrx_word' id='word_1_11' title='bbox 308 2707 326 2736; x_wconf 82' lang='lat'>8</span> 
     </span>
    </p>
   </div>
   <div class='ocr_carea' id='block_1_11' title="bbox 355 249 1382 300">
    <p class='ocr_par' dir='ltr' id='par_1_11' title="bbox 355 249 1382 300">
     <span class='ocr_line' id='line_1_11' title="bbox 355 249 1382 300; baseline 0.001 -11"><span class='ocrx_word' id='word_1_12' title='bbox 355 249 437 289; x_wconf 79' lang='grc'>332</span> <span class='ocrx_word' id='word_1_13' title='bbox 663 255 816 289; x_wconf 87' lang='lat' dir='ltr'>LIBER</span> <span class='ocrx_word' id='word_1_14' title='bbox 840 255 1007 299; x_wconf 84' lang='lat' dir='ltr'>XXVII,</span> <span class='ocrx_word' id='word_1_15' title='bbox 1034 256 1065 290; x_wconf 84' lang='lat'>7.</span> <span class='ocrx_word' id='word_1_16' title='bbox 1084 256 1115 289; x_wconf 86' lang='grc'>8.</span> <span class='ocrx_word' id='word_1_17' title='bbox 1144 258 1192 298; x_wconf 86' lang='lat' dir='ltr'>[a.</span> <span class='ocrx_word' id='word_1_18' title='bbox 1206 267 1241 289; x_wconf 89' lang='lat' dir='ltr'>u.</span> <span class='ocrx_word' id='word_1_19' title='bbox 1257 267 1285 290; x_wconf 92' lang='lat' dir='ltr'>c.</span> <span class='ocrx_word' id='word_1_20' title='bbox 1301 256 1382 300; x_wconf 83' lang='lat'>545]</span> 
     </span>
    </p>
   </div>
   <div class='ocr_carea' id='block_1_12' title="bbox 347 356 1708 2750">
    <p class='ocr_par' dir='ltr' id='par_1_12' title="bbox 352 356 1708 1334">
     <span class='ocr_line' id='line_1_12' title="bbox 356 356 1704 410; baseline 0.001 -11"><span class='ocrx_word' id='word_1_21' title='bbox 356 365 456 406; x_wconf 85' lang='lat' dir='ltr'>sent,</span> <span class='ocrx_word' id='word_1_22' title='bbox 482 357 596 398; x_wconf 89' lang='lat' dir='ltr'>iussi.</span> <span class='ocrx_word' id='word_1_23' title='bbox 640 357 891 410; x_wconf 88' lang='lat' dir='ltr'>conquisitos</span> <span class='ocrx_word' id='word_1_24' title='bbox 918 371 987 398; x_wconf 92' lang='lat' dir='ltr'>eos</span> <span class='ocrx_word' id='word_1_25' title='bbox 1014 357 1203 398; x_wconf 88' lang='lat' dir='ltr'>consules</span> <span class='ocrx_word' id='word_1_26' title='bbox 1228 358 1269 397; x_wconf 92' lang='lat' dir='ltr'>in</span> <span class='ocrx_word' id='word_1_27' title='bbox 1286 356 1470 399; x_wconf 85' lang='lat' dir='ltr'>Siciliam</span> <span class='ocrx_word' id='word_1_28' title='bbox 1494 360 1704 409; x_wconf 89' lang='lat' dir='ltr'>miserunt,</span> 
     </span>
     <span class='ocr_line' id='line_1_13' title="bbox 354 418 1707 473; baseline 0.001 -14"><span class='ocrx_word' id='word_1_29' title='bbox 354 419 572 471; x_wconf 85' lang='lat' dir='ltr'>additaque</span> <span class='ocrx_word' id='word_1_30' title='bbox 609 418 754 458; x_wconf 87' lang='lat' dir='ltr'>eadem</span> <span class='ocrx_word' id='word_1_31' title='bbox 788 419 1029 473; x_wconf 79' lang='lat' dir='ltr'>ignominia,</span> <span class='ocrx_word' id='word_1_32' title='bbox 1068 418 1144 459; x_wconf 85' lang='lat' dir='ltr'>sub</span> <span class='ocrx_word' id='word_1_33' title='bbox 1176 433 1257 471; x_wconf 87' lang='lat' dir='ltr'>qua</span> <span class='ocrx_word' id='word_1_34' title='bbox 1289 419 1529 460; x_wconf 84' lang='lat' dir='ltr'>Cannenses</span> <span class='ocrx_word' id='word_1_35' title='bbox 1559 422 1707 462; x_wconf 81' lang='lat' dir='ltr'>milita-</span> 
     </span>
     <span class='ocr_line' id='line_1_14' title="bbox 352 479 1705 533; baseline 0.002 -14"><span class='ocrx_word' id='word_1_36' title='bbox 352 480 451 520; x_wconf 89' lang='lat' dir='ltr'>bant</span> <span class='ocrx_word' id='word_1_37' title='bbox 486 480 637 532; x_wconf 89' lang='lat' dir='ltr'>quique</span> <span class='ocrx_word' id='word_1_38' title='bbox 675 494 725 519; x_wconf 84' lang='lat' dir='ltr'>ex</span> <span class='ocrx_word' id='word_1_39' title='bbox 761 480 958 533; x_wconf 86' lang='lat' dir='ltr'>praetoris</span> <span class='ocrx_word' id='word_1_40' title='bbox 992 479 1069 520; x_wconf 88' lang='lat' dir='ltr'>Cn.</span> <span class='ocrx_word' id='word_1_41' title='bbox 1100 480 1223 520; x_wconf 68' lang='lat' dir='ltr'>Fulvi</span> <span class='ocrx_word' id='word_1_42' title='bbox 1258 481 1438 521; x_wconf 86' lang='lat' dir='ltr'>exercitu</span> <span class='ocrx_word' id='word_1_43' title='bbox 1475 481 1525 522; x_wconf 94' lang='lat' dir='ltr'>ob</span> <span class='ocrx_word' id='word_1_44' title='bbox 1563 483 1705 523; x_wconf 90' lang='lat' dir='ltr'>similis</span> 
     </span>
     <span class='ocr_line' id='line_1_15' title="bbox 353 541 1705 595; baseline 0.001 -14"><span class='ocrx_word' id='word_1_45' title='bbox 353 541 455 581; x_wconf 87' lang='lat' dir='ltr'>iram</span> <span class='ocrx_word' id='word_1_46' title='bbox 479 541 603 595; x_wconf 86' lang='lat' dir='ltr'>fugae</span> <span class='ocrx_word' id='word_1_47' title='bbox 629 541 746 581; x_wconf 87' lang='lat' dir='ltr'>missi</span> <span class='ocrx_word' id='word_1_48' title='bbox 782 555 830 582; x_wconf 92' lang='lat' dir='ltr'>eo</span> <span class='ocrx_word' id='word_1_49' title='bbox 862 541 912 581; x_wconf 90' lang='lat' dir='ltr'>ab</span> <span class='ocrx_word' id='word_1_50' title='bbox 945 548 1089 581; x_wconf 87' lang='lat' dir='ltr'>senatu</span> <span class='ocrx_word' id='word_1_51' title='bbox 1113 541 1286 582; x_wconf 84' lang='lat' dir='ltr'>fuerant.</span> <span class='ocrx_word' id='word_1_52' title='bbox 1350 541 1398 582; x_wconf 88' lang='lat' dir='ltr'>C.</span> <span class='ocrx_word' id='word_1_53' title='bbox 1425 541 1705 583; x_wconf 84' lang='lat' dir='ltr'>Aurunculeio</span> 
     </span>
     <span class='ocr_line' id='line_1_16' title="bbox 353 602 1706 657; baseline 0.001 -14"><span class='ocrx_word' id='word_1_54' title='bbox 353 603 520 643; x_wconf 85' lang='lat' dir='ltr'>caedem</span> <span class='ocrx_word' id='word_1_55' title='bbox 555 603 597 642; x_wconf 92' lang='lat' dir='ltr'>in</span> <span class='ocrx_word' id='word_1_56' title='bbox 635 602 826 643; x_wconf 82' lang='lat' dir='ltr'>Sardinia</span> <span class='ocrx_word' id='word_1_57' title='bbox 856 603 1058 657; x_wconf 81' lang='lat' dir='ltr'>legiones,</span> <span class='ocrx_word' id='word_1_58' title='bbox 1097 602 1246 655; x_wconf 88' lang='lat' dir='ltr'>quibus</span> <span class='ocrx_word' id='word_1_59' title='bbox 1281 603 1329 643; x_wconf 91' lang='lat' dir='ltr'>P.</span> <span class='ocrx_word' id='word_1_60' title='bbox 1362 603 1545 645; x_wconf 81' lang='lat' dir='ltr'>Manlius</span> <span class='ocrx_word' id='word_1_61' title='bbox 1577 604 1706 645; x_wconf 86' lang='lat' dir='ltr'>Volso</span> 
     </span>
     <span class='ocr_line' id='line_1_17' title="bbox 353 664 1706 719; baseline 0.001 -15"><span class='ocrx_word' id='word_1_62' title='bbox 353 680 443 705; x_wconf 89' lang='lat' dir='ltr'>eam</span> <span class='ocrx_word' id='word_1_63' title='bbox 468 665 721 718; x_wconf 87' lang='lat' dir='ltr'>provinciam</span> <span class='ocrx_word' id='word_1_64' title='bbox 747 664 995 713; x_wconf 79' lang='lat' dir='ltr'>obtinuerat,</span> <span class='ocrx_word' id='word_1_65' title='bbox 1023 665 1221 705; x_wconf 80' lang='lat' dir='ltr'>decretae.</span> <span class='ocrx_word' id='word_1_66' title='bbox 1281 665 1330 705; x_wconf 91' lang='lat' dir='ltr'>P.</span> <span class='ocrx_word' id='word_1_67' title='bbox 1354 664 1537 719; x_wconf 82' lang='lat' dir='ltr'>Sulpicio</span> <span class='ocrx_word' id='word_1_68' title='bbox 1563 666 1706 706; x_wconf 87' lang='lat' dir='ltr'>eadem</span> 
     </span>
     <span class='ocr_line' id='line_1_18' title="bbox 352 725 1708 781; baseline 0.001 -15"><span class='ocrx_word' id='word_1_69' title='bbox 352 726 514 780; x_wconf 84' lang='lat' dir='ltr'>legione</span> <span class='ocrx_word' id='word_1_70' title='bbox 540 726 766 779; x_wconf 84' lang='lat' dir='ltr'>cademque</span> <span class='ocrx_word' id='word_1_71' title='bbox 792 726 923 766; x_wconf 86' lang='lat' dir='ltr'>classe</span> <span class='ocrx_word' id='word_1_72' title='bbox 948 725 1239 766; x_wconf 85' lang='lat' dir='ltr'>Macedoniam</span> <span class='ocrx_word' id='word_1_73' title='bbox 1265 725 1446 767; x_wconf 87' lang='lat' dir='ltr'>obtinere</span> <span class='ocrx_word' id='word_1_74' title='bbox 1476 727 1589 767; x_wconf 87' lang='lat' dir='ltr'>iusso</span> <span class='ocrx_word' id='word_1_75' title='bbox 1613 741 1708 781; x_wconf 90' lang='lat' dir='ltr'>pro-</span> 
     </span>
     <span class='ocr_line' id='line_1_19' title="bbox 352 787 1708 842; baseline 0.001 -15"><span class='ocrx_word' id='word_1_76' title='bbox 352 794 542 842; x_wconf 85' lang='lat' dir='ltr'>rogatum</span> <span class='ocrx_word' id='word_1_77' title='bbox 573 788 615 827; x_wconf 90' lang='lat' dir='ltr'>in</span> <span class='ocrx_word' id='word_1_78' title='bbox 646 803 798 828; x_wconf 87' lang='lat' dir='ltr'>annum</span> <span class='ocrx_word' id='word_1_79' title='bbox 828 787 1057 841; x_wconf 86' lang='lat' dir='ltr'>imperium.</span> <span class='ocrx_word' id='word_1_80' title='bbox 1117 787 1282 842; x_wconf 86' lang='lat' dir='ltr'>triginta</span> <span class='ocrx_word' id='word_1_81' title='bbox 1312 788 1626 840; x_wconf 82' lang='lat' dir='ltr'>quinqueremes</span> <span class='ocrx_word' id='word_1_82' title='bbox 1657 803 1708 829; x_wconf 86' lang='lat' dir='ltr'>ex</span> 
     </span>
     <span class='ocr_line' id='line_1_20' title="bbox 354 847 1706 901; baseline 0.001 -13"><span class='ocrx_word' id='word_1_83' title='bbox 354 847 496 889; x_wconf 83' lang='lat' dir='ltr'>Sicilia</span> <span class='ocrx_word' id='word_1_84' title='bbox 526 849 751 889; x_wconf 82' lang='lat' dir='ltr'>Tarentum</span> <span class='ocrx_word' id='word_1_85' title='bbox 789 849 839 889; x_wconf 90' lang='lat' dir='ltr'>ad</span> <span class='ocrx_word' id='word_1_86' title='bbox 873 848 924 901; x_wconf 83' lang='lat' dir='ltr'>Q.</span> <span class='ocrx_word' id='word_1_87' title='bbox 956 848 1133 888; x_wconf 87' lang='lat' dir='ltr'>Fabium</span> <span class='ocrx_word' id='word_1_88' title='bbox 1169 849 1383 890; x_wconf 86' lang='lat' dir='ltr'>consulem</span> <span class='ocrx_word' id='word_1_89' title='bbox 1410 849 1515 889; x_wconf 90' lang='lat' dir='ltr'>mitti</span> <span class='ocrx_word' id='word_1_90' title='bbox 1549 850 1706 897; x_wconf 83' lang='lat' dir='ltr'>iussae3</span> 
     </span>
     <span class='ocr_line' id='line_1_21' title="bbox 354 910 1707 964; baseline 0.001 -14"><span class='ocrx_word' id='word_1_91' title='bbox 354 917 488 950; x_wconf 87' lang='lat' dir='ltr'>cetera</span> <span class='ocrx_word' id='word_1_92' title='bbox 508 910 638 951; x_wconf 87' lang='lat' dir='ltr'>classe</span> <span class='ocrx_word' id='word_1_93' title='bbox 658 911 897 964; x_wconf 86' lang='lat' dir='ltr'>praedatum</span> <span class='ocrx_word' id='word_1_94' title='bbox 917 911 959 950; x_wconf 91' lang='lat' dir='ltr'>in</span> <span class='ocrx_word' id='word_1_95' title='bbox 972 910 1160 950; x_wconf 88' lang='lat' dir='ltr'>Africam</span> <span class='ocrx_word' id='word_1_96' title='bbox 1181 917 1250 951; x_wconf 85' lang='lat' dir='ltr'>aut</span> <span class='ocrx_word' id='word_1_97' title='bbox 1267 911 1404 964; x_wconf 89' lang='lat' dir='ltr'>ipsum</span> <span class='ocrx_word' id='word_1_98' title='bbox 1418 910 1479 951; x_wconf 85' lang='lat' dir='ltr'>M.</span> <span class='ocrx_word' id='word_1_99' title='bbox 1494 911 1707 951; x_wconf 83' lang='lat' dir='ltr'>Valerium</span> 
     </span>
     <span class='ocr_line' id='line_1_22' title="bbox 352 971 1706 1020; baseline -0.001 -8"><span class='ocrx_word' id='word_1_100' title='bbox 352 972 586 1012; x_wconf 75' lang='lat' dir='ltr'>Laevinum</span> <span class='ocrx_word' id='word_1_101' title='bbox 617 973 804 1020; x_wconf 87' lang='lat' dir='ltr'>traicere,</span> <span class='ocrx_word' id='word_1_102' title='bbox 843 978 912 1012; x_wconf 89' lang='lat' dir='ltr'>aut</span> <span class='ocrx_word' id='word_1_103' title='bbox 943 971 1102 1011; x_wconf 86' lang='lat' dir='ltr'>mittere</span> <span class='ocrx_word' id='word_1_104' title='bbox 1135 986 1208 1011; x_wconf 91' lang='lat' dir='ltr'>seu</span> <span class='ocrx_word' id='word_1_105' title='bbox 1238 972 1290 1012; x_wconf 92' lang='lat' dir='ltr'>L.</span> <span class='ocrx_word' id='word_1_106' title='bbox 1320 971 1510 1012; x_wconf 88' lang='lat' dir='ltr'>Cincium</span> <span class='ocrx_word' id='word_1_107' title='bbox 1542 987 1615 1013; x_wconf 90' lang='lat' dir='ltr'>seu</span> <span class='ocrx_word' id='word_1_108' title='bbox 1644 971 1706 1012; x_wconf 87' lang='lat' dir='ltr'>M.</span> 
     </span>
     <span class='ocr_line' id='line_1_23' title="bbox 354 1032 1708 1086; baseline 0 -13"><span class='ocrx_word' id='word_1_109' title='bbox 354 1033 566 1073; x_wconf 73' lang='lat' dir='ltr'>Valerium</span> <span class='ocrx_word' id='word_1_110' title='bbox 591 1033 845 1073; x_wconf 79' lang='lat' dir='ltr'>Messallam.</span> <span class='ocrx_word' id='word_1_111' title='bbox 906 1048 982 1073; x_wconf 91' lang='lat' dir='ltr'>ncc</span> <span class='ocrx_word' id='word_1_112' title='bbox 1013 1033 1062 1073; x_wconf 87' lang='lat' dir='ltr'>de</span> <span class='ocrx_word' id='word_1_113' title='bbox 1087 1032 1295 1086; x_wconf 87' lang='lat' dir='ltr'>Hispania</span> <span class='ocrx_word' id='word_1_114' title='bbox 1325 1033 1545 1086; x_wconf 87' lang='lat' dir='ltr'>quicquam</span> <span class='ocrx_word' id='word_1_115' title='bbox 1576 1040 1708 1073; x_wconf 89' lang='lat' dir='ltr'>muta-</span> 
     </span>
     <span class='ocr_line' id='line_1_24' title="bbox 353 1092 1708 1148; baseline 0 -14"><span class='ocrx_word' id='word_1_116' title='bbox 353 1102 458 1143; x_wconf 86' lang='lat' dir='ltr'>tum,</span> <span class='ocrx_word' id='word_1_117' title='bbox 508 1095 586 1135; x_wconf 90' lang='lat' dir='ltr'>nisi</span> <span class='ocrx_word' id='word_1_118' title='bbox 616 1095 727 1147; x_wconf 86' lang='lat' dir='ltr'>quod</span> <span class='ocrx_word' id='word_1_119' title='bbox 757 1110 839 1134; x_wconf 86' lang='lat' dir='ltr'>non</span> <span class='ocrx_word' id='word_1_120' title='bbox 869 1095 910 1134; x_wconf 88' lang='lat' dir='ltr'>in</span> <span class='ocrx_word' id='word_1_121' title='bbox 940 1109 1092 1134; x_wconf 87' lang='lat' dir='ltr'>annum</span> <span class='ocrx_word' id='word_1_122' title='bbox 1126 1092 1310 1148; x_wconf 83' lang='lat' dir='ltr'>Scipioni</span> <span class='ocrx_word' id='word_1_123' title='bbox 1342 1093 1585 1147; x_wconf 85' lang='lat' dir='ltr'>Silanoque,</span> <span class='ocrx_word' id='word_1_124' title='bbox 1635 1094 1708 1134; x_wconf 89' lang='lat' dir='ltr'>sed</span> 
     </span>
     <span class='ocr_line' id='line_1_25' title="bbox 354 1156 1707 1211; baseline -0.001 -14"><span class='ocrx_word' id='word_1_125' title='bbox 354 1157 483 1197; x_wconf 88' lang='lat' dir='ltr'>donec</span> <span class='ocrx_word' id='word_1_126' title='bbox 518 1158 697 1197; x_wconf 77' lang='lat' dir='ltr'>revocati</span> <span class='ocrx_word' id='word_1_127' title='bbox 733 1156 784 1197; x_wconf 86' lang='lat' dir='ltr'>ab</span> <span class='ocrx_word' id='word_1_128' title='bbox 822 1163 965 1197; x_wconf 85' lang='lat' dir='ltr'>senatu</span> <span class='ocrx_word' id='word_1_129' title='bbox 1001 1156 1154 1204; x_wconf 87' lang='lat' dir='ltr'>forent,</span> <span class='ocrx_word' id='word_1_130' title='bbox 1191 1163 1455 1211; x_wconf 88' lang='lat' dir='ltr'>prorogatum</span> <span class='ocrx_word' id='word_1_131' title='bbox 1491 1156 1707 1210; x_wconf 86' lang='lat' dir='ltr'>imperium</span> 
     </span>
     <span class='ocr_line' id='line_1_26' title="bbox 354 1217 1708 1272; baseline -0.001 -13"><span class='ocrx_word' id='word_1_132' title='bbox 354 1226 427 1259; x_wconf 89' lang='lat' dir='ltr'>est.</span> <span class='ocrx_word' id='word_1_133' title='bbox 487 1219 543 1258; x_wconf 87' lang='lat' dir='ltr'>ita</span> <span class='ocrx_word' id='word_1_134' title='bbox 573 1218 805 1272; x_wconf 65' lang='lat' dir='ltr'>provinciae</span> <span class='ocrx_word' id='word_1_135' title='bbox 837 1218 1142 1270; x_wconf 72' lang='lat' dir='ltr'>exercitumque</span> <span class='ocrx_word' id='word_1_136' title='bbox 1173 1217 1215 1257; x_wconf 88' lang='lat' dir='ltr'>in</span> <span class='ocrx_word' id='word_1_137' title='bbox 1246 1232 1339 1258; x_wconf 89' lang='lat' dir='ltr'>eum</span> <span class='ocrx_word' id='word_1_138' title='bbox 1369 1218 1536 1258; x_wconf 86' lang='lat' dir='ltr'>modum</span> <span class='ocrx_word' id='word_1_139' title='bbox 1561 1218 1708 1272; x_wconf 86' lang='lat' dir='ltr'>partita</span> 
     </span>
     <span class='ocr_line' id='line_1_27' title="bbox 356 1294 538 1334; baseline 0.005 -15"><span class='ocrx_word' id='word_1_140' title='bbox 356 1294 538 1334; x_wconf 79' lang='lat' dir='ltr'>lmperia.</span> 
     </span>
    </p>

    <p class='ocr_par' dir='ltr' id='par_1_13' title="bbox 347 1341 1708 2750">
     <span class='ocr_line' id='line_1_28' title="bbox 439 1341 1708 1381; baseline -0.001 0"><span class='ocrx_word' id='word_1_141' title='bbox 439 1341 560 1381; x_wconf 83' lang='lat' dir='ltr'>VIII.</span> <span class='ocrx_word' id='word_1_142' title='bbox 642 1341 755 1381; x_wconf 85' lang='lat' dir='ltr'>Inter</span> <span class='ocrx_word' id='word_1_143' title='bbox 790 1341 990 1381; x_wconf 86' lang='lat' dir='ltr'>maiorum</span> <span class='ocrx_word' id='word_1_144' title='bbox 1020 1355 1155 1380; x_wconf 87' lang='lat' dir='ltr'>rerum</span> <span class='ocrx_word' id='word_1_145' title='bbox 1192 1355 1309 1380; x_wconf 83' lang='lat' dir='ltr'>curas</span> <span class='ocrx_word' id='word_1_146' title='bbox 1342 1341 1505 1380; x_wconf 84' lang='lat' dir='ltr'>comitia</span> <span class='ocrx_word' id='word_1_147' title='bbox 1539 1341 1708 1380; x_wconf 87' lang='lat' dir='ltr'>maximi</span> 
     </span>
     <span class='ocr_line' id='line_1_29' title="bbox 355 1402 1706 1451; baseline -0.001 -9"><span class='ocrx_word' id='word_1_148' title='bbox 355 1403 550 1451; x_wconf 88' lang='lat' dir='ltr'>curionis,</span> <span class='ocrx_word' id='word_1_149' title='bbox 599 1417 692 1443; x_wconf 90' lang='lat' dir='ltr'>cum</span> <span class='ocrx_word' id='word_1_150' title='bbox 727 1403 768 1442; x_wconf 91' lang='lat' dir='ltr'>in</span> <span class='ocrx_word' id='word_1_151' title='bbox 803 1402 939 1442; x_wconf 89' lang='lat' dir='ltr'>locum</span> <span class='ocrx_word' id='word_1_152' title='bbox 974 1402 1035 1441; x_wconf 88' lang='lat' dir='ltr'>M.</span> <span class='ocrx_word' id='word_1_153' title='bbox 1073 1402 1227 1441; x_wconf 81' lang='lat' dir='ltr'>Aemili</span> <span class='ocrx_word' id='word_1_154' title='bbox 1264 1402 1453 1442; x_wconf 88' lang='lat' dir='ltr'>sacerdos</span> <span class='ocrx_word' id='word_1_155' title='bbox 1491 1408 1706 1450; x_wconf 88' lang='lat' dir='ltr'>crearetur,</span> 
     </span>
     <span class='ocr_line' id='line_1_30' title="bbox 354 1462 1708 1517; baseline -0.001 -13"><span class='ocrx_word' id='word_1_156' title='bbox 354 1472 471 1505; x_wconf 69' lang='lat' dir='ltr'>vetus</span> <span class='ocrx_word' id='word_1_157' title='bbox 498 1464 775 1504; x_wconf 75' lang='lat' dir='ltr'>excitaverunt</span> <span class='ocrx_word' id='word_1_158' title='bbox 802 1471 1024 1511; x_wconf 84' lang='lat' dir='ltr'>certamen,</span> <span class='ocrx_word' id='word_1_159' title='bbox 1061 1463 1240 1516; x_wconf 89' lang='lat' dir='ltr'>patriciis</span> <span class='ocrx_word' id='word_1_160' title='bbox 1266 1462 1511 1517; x_wconf 82' lang='lat' dir='ltr'>negantibus</span> <span class='ocrx_word' id='word_1_161' title='bbox 1539 1462 1587 1503; x_wconf 85' lang='lat' dir='ltr'>C.</span> <span class='ocrx_word' id='word_1_162' title='bbox 1613 1463 1708 1503; x_wconf 83' lang='lat' dir='ltr'>Ma-</span> 
     </span>
     <span class='ocr_line' id='line_1_31' title="bbox 352 1523 1705 1577; baseline -0.001 -12"><span class='ocrx_word' id='word_1_163' title='bbox 352 1525 439 1565; x_wconf 85' lang='lat' dir='ltr'>mili</span> <span class='ocrx_word' id='word_1_164' title='bbox 452 1524 596 1573; x_wconf 77' lang='lat' dir='ltr'>Atelli,</span> <span class='ocrx_word' id='word_1_165' title='bbox 624 1525 693 1577; x_wconf 89' lang='lat' dir='ltr'>qui</span> <span class='ocrx_word' id='word_1_166' title='bbox 712 1539 817 1564; x_wconf 85' lang='lat' dir='ltr'>unus</span> <span class='ocrx_word' id='word_1_167' title='bbox 840 1538 889 1564; x_wconf 86' lang='lat' dir='ltr'>ex</span> <span class='ocrx_word' id='word_1_168' title='bbox 908 1524 1027 1577; x_wconf 85' lang='lat' dir='ltr'>plebe</span> <span class='ocrx_word' id='word_1_169' title='bbox 1046 1523 1231 1577; x_wconf 87' lang='lat' dir='ltr'>petebat,</span> <span class='ocrx_word' id='word_1_170' title='bbox 1257 1523 1489 1564; x_wconf 82' lang='lat' dir='ltr'>habendam</span> <span class='ocrx_word' id='word_1_171' title='bbox 1508 1525 1705 1565; x_wconf 87' lang='lat' dir='ltr'>rationem</span> 
     </span>
     <span class='ocr_line' id='line_1_32' title="bbox 354 1585 1707 1639; baseline -0.001 -12"><span class='ocrx_word' id='word_1_172' title='bbox 354 1601 462 1634; x_wconf 87' lang='lat' dir='ltr'>esse,</span> <span class='ocrx_word' id='word_1_173' title='bbox 489 1587 583 1639; x_wconf 87' lang='lat' dir='ltr'>quia</span> <span class='ocrx_word' id='word_1_174' title='bbox 608 1600 728 1626; x_wconf 82' lang='lat' dir='ltr'>nemo</span> <span class='ocrx_word' id='word_1_175' title='bbox 754 1593 846 1625; x_wconf 89' lang='lat' dir='ltr'>ante</span> <span class='ocrx_word' id='word_1_176' title='bbox 873 1600 967 1625; x_wconf 91' lang='lat' dir='ltr'>eum</span> <span class='ocrx_word' id='word_1_177' title='bbox 992 1585 1071 1625; x_wconf 86' lang='lat' dir='ltr'>nisi</span> <span class='ocrx_word' id='word_1_178' title='bbox 1096 1600 1147 1624; x_wconf 84' lang='lat' dir='ltr'>ex</span> <span class='ocrx_word' id='word_1_179' title='bbox 1171 1585 1354 1639; x_wconf 86' lang='lat' dir='ltr'>patribus</span> <span class='ocrx_word' id='word_1_180' title='bbox 1375 1586 1416 1625; x_wconf 90' lang='lat' dir='ltr'>id</span> <span class='ocrx_word' id='word_1_181' title='bbox 1436 1586 1707 1626; x_wconf 83' lang='lat' dir='ltr'>sacerdotium</span> 
     </span>
     <span class='ocr_line' id='line_1_33' title="bbox 353 1646 1705 1702; baseline -0.001 -13"><span class='ocrx_word' id='word_1_182' title='bbox 353 1649 576 1689; x_wconf 77' lang='lat' dir='ltr'>habuisset.</span> <span class='ocrx_word' id='word_1_183' title='bbox 625 1648 776 1688; x_wconf 87' lang='lat' dir='ltr'>tribuni</span> <span class='ocrx_word' id='word_1_184' title='bbox 802 1647 994 1701; x_wconf 83' lang='lat' dir='ltr'>appellati</span> <span class='ocrx_word' id='word_1_185' title='bbox 1019 1647 1071 1687; x_wconf 87' lang='lat' dir='ltr'>ad</span> <span class='ocrx_word' id='word_1_186' title='bbox 1097 1654 1284 1687; x_wconf 82' lang='lat' dir='ltr'>senatum</span> <span class='ocrx_word' id='word_1_187' title='bbox 1312 1646 1435 1702; x_wconf 88' lang='lat' dir='ltr'>[rem]</span> <span class='ocrx_word' id='word_1_188' title='bbox 1463 1648 1705 1696; x_wconf 83' lang='lat' dir='ltr'>reiecerunt3</span> 
     </span>
     <span class='ocr_line' id='line_1_34' title="bbox 358 1709 1707 1763; baseline -0.001 -12"><span class='ocrx_word' id='word_1_189' title='bbox 358 1718 521 1751; x_wconf 77' lang='lat' dir='ltr'>senatus</span> <span class='ocrx_word' id='word_1_190' title='bbox 547 1710 687 1763; x_wconf 87' lang='lat' dir='ltr'>populi</span> <span class='ocrx_word' id='word_1_191' title='bbox 712 1716 957 1763; x_wconf 87' lang='lat' dir='ltr'>potestatem</span> <span class='ocrx_word' id='word_1_192' title='bbox 982 1709 1096 1749; x_wconf 88' lang='lat' dir='ltr'>fecit:</span> <span class='ocrx_word' id='word_1_193' title='bbox 1122 1709 1178 1749; x_wconf 87' lang='lat' dir='ltr'>ita</span> <span class='ocrx_word' id='word_1_194' title='bbox 1202 1709 1357 1763; x_wconf 90' lang='lat' dir='ltr'>primus</span> <span class='ocrx_word' id='word_1_195' title='bbox 1383 1724 1433 1750; x_wconf 82' lang='lat' dir='ltr'>ex</span> <span class='ocrx_word' id='word_1_196' title='bbox 1457 1709 1576 1763; x_wconf 90' lang='lat' dir='ltr'>plebe</span> <span class='ocrx_word' id='word_1_197' title='bbox 1596 1723 1707 1750; x_wconf 88' lang='lat' dir='ltr'>crea-</span> 
     </span>
     <span class='ocr_line' id='line_1_35' title="bbox 355 1771 1707 1813; baseline -0.001 -1"><span class='ocrx_word' id='word_1_198' title='bbox 355 1780 419 1812; x_wconf 83' lang='lat' dir='ltr'>tus</span> <span class='ocrx_word' id='word_1_199' title='bbox 456 1773 660 1813; x_wconf 82' lang='lat' dir='ltr'>maximus</span> <span class='ocrx_word' id='word_1_200' title='bbox 698 1772 808 1812; x_wconf 89' lang='lat' dir='ltr'>curio</span> <span class='ocrx_word' id='word_1_201' title='bbox 842 1771 891 1813; x_wconf 83' lang='lat' dir='ltr'>C.</span> <span class='ocrx_word' id='word_1_202' title='bbox 928 1771 1140 1812; x_wconf 84' lang='lat' dir='ltr'>Mamilius</span> <span class='ocrx_word' id='word_1_203' title='bbox 1178 1771 1354 1812; x_wconf 90' lang='lat' dir='ltr'>Atellus.</span> <span class='ocrx_word' id='word_1_204' title='bbox 1426 1779 1465 1812; x_wconf 89' lang='lat' dir='ltr'>et</span> <span class='ocrx_word' id='word_1_205' title='bbox 1500 1772 1707 1812; x_wconf 89' lang='lat' dir='ltr'>flaminem</span> 
     </span>
     <span class='ocr_line' id='line_1_36' title="bbox 352 1833 1708 1888; baseline -0.001 -14"><span class='ocrx_word' id='word_1_206' title='bbox 352 1834 518 1875; x_wconf 81' lang='lat' dir='ltr'>Dialem</span> <span class='ocrx_word' id='word_1_207' title='bbox 553 1834 727 1874; x_wconf 70' lang='lat' dir='ltr'>invitum</span> <span class='ocrx_word' id='word_1_208' title='bbox 768 1834 1004 1888; x_wconf 86' lang='lat' dir='ltr'>inaugurari</span> <span class='ocrx_word' id='word_1_209' title='bbox 1041 1834 1175 1888; x_wconf 85' lang='lat' dir='ltr'>coegit</span> <span class='ocrx_word' id='word_1_210' title='bbox 1209 1833 1258 1873; x_wconf 93' lang='lat' dir='ltr'>P.</span> <span class='ocrx_word' id='word_1_211' title='bbox 1296 1833 1484 1874; x_wconf 91' lang='lat' dir='ltr'>Licinius</span> <span class='ocrx_word' id='word_1_212' title='bbox 1520 1833 1708 1887; x_wconf 82' lang='lat' dir='ltr'>pontifex</span> 
     </span>
     <span class='ocr_line' id='line_1_37' title="bbox 351 1895 1707 1937; baseline -0.001 -1"><span class='ocrx_word' id='word_1_213' title='bbox 351 1896 555 1937; x_wconf 85' lang='lat' dir='ltr'>maximus</span> <span class='ocrx_word' id='word_1_214' title='bbox 583 1895 631 1936; x_wconf 84' lang='lat' dir='ltr'>C.</span> <span class='ocrx_word' id='word_1_215' title='bbox 658 1895 868 1935; x_wconf 77' lang='lat' dir='ltr'>Valerium</span> <span class='ocrx_word' id='word_1_216' title='bbox 899 1895 1108 1935; x_wconf 83' lang='lat' dir='ltr'>Flaccum.</span> <span class='ocrx_word' id='word_1_217' title='bbox 1169 1895 1446 1935; x_wconf 70' lang='lat' dir='ltr'>decemvirum</span> <span class='ocrx_word' id='word_1_218' title='bbox 1484 1895 1609 1935; x_wconf 86' lang='lat' dir='ltr'>sacris</span> <span class='ocrx_word' id='word_1_219' title='bbox 1646 1895 1707 1934; x_wconf 85' lang='lat' dir='ltr'>sa-</span> 
     </span>
     <span class='ocr_line' id='line_1_38' title="bbox 352 1955 1703 2009; baseline -0.001 -11"><span class='ocrx_word' id='word_1_220' title='bbox 352 1958 510 1998; x_wconf 88' lang='lat' dir='ltr'>ciundis</span> <span class='ocrx_word' id='word_1_221' title='bbox 537 1964 696 1998; x_wconf 88' lang='lat' dir='ltr'>creatus</span> <span class='ocrx_word' id='word_1_222' title='bbox 721 1957 763 1996; x_wconf 90' lang='lat' dir='ltr'>in</span> <span class='ocrx_word' id='word_1_223' title='bbox 788 1957 923 1997; x_wconf 85' lang='lat' dir='ltr'>locum</span> <span class='ocrx_word' id='word_1_224' title='bbox 951 1956 1002 2009; x_wconf 82' lang='lat' dir='ltr'>Q.</span> <span class='ocrx_word' id='word_1_225' title='bbox 1030 1957 1147 1996; x_wconf 86' lang='lat' dir='ltr'>Muci</span> <span class='ocrx_word' id='word_1_226' title='bbox 1175 1955 1399 2008; x_wconf 75' lang='lat' dir='ltr'>Scaevolae</span> <span class='ocrx_word' id='word_1_227' title='bbox 1425 1956 1627 1996; x_wconf 86' lang='lat' dir='ltr'>demortui</span> <span class='ocrx_word' id='word_1_228' title='bbox 1654 1955 1703 1996; x_wconf 87' lang='lat' dir='ltr'>C.</span> 
     </span>
     <span class='ocr_line' id='line_1_39' title="bbox 350 2017 1706 2072; baseline -0.001 -13"><span class='ocrx_word' id='word_1_229' title='bbox 350 2019 582 2060; x_wconf 87' lang='lat' dir='ltr'>Laetorius.</span> <span class='ocrx_word' id='word_1_230' title='bbox 634 2033 801 2059; x_wconf 87' lang='lat' dir='ltr'>causam</span> <span class='ocrx_word' id='word_1_231' title='bbox 831 2019 1068 2072; x_wconf 87' lang='lat' dir='ltr'>inaugurari</span> <span class='ocrx_word' id='word_1_232' title='bbox 1093 2018 1223 2058; x_wconf 86' lang='lat' dir='ltr'>coacti</span> <span class='ocrx_word' id='word_1_233' title='bbox 1253 2017 1428 2058; x_wconf 86' lang='lat' dir='ltr'>flaminis</span> <span class='ocrx_word' id='word_1_234' title='bbox 1455 2017 1586 2058; x_wconf 90' lang='lat' dir='ltr'>libens</span> <span class='ocrx_word' id='word_1_235' title='bbox 1612 2018 1706 2058; x_wconf 88' lang='lat' dir='ltr'>reti-</span> 
     </span>
     <span class='ocr_line' id='line_1_40' title="bbox 351 2078 1706 2129; baseline -0.001 -8"><span class='ocrx_word' id='word_1_236' title='bbox 351 2081 546 2129; x_wconf 87' lang='lat' dir='ltr'>cuissem,</span> <span class='ocrx_word' id='word_1_237' title='bbox 584 2081 626 2120; x_wconf 91' lang='lat' dir='ltr'>ni</span> <span class='ocrx_word' id='word_1_238' title='bbox 657 2095 707 2120; x_wconf 85' lang='lat' dir='ltr'>ex</span> <span class='ocrx_word' id='word_1_239' title='bbox 738 2080 845 2120; x_wconf 87' lang='lat' dir='ltr'>mala</span> <span class='ocrx_word' id='word_1_240' title='bbox 876 2080 987 2120; x_wconf 87' lang='lat' dir='ltr'>fama</span> <span class='ocrx_word' id='word_1_241' title='bbox 1017 2080 1059 2120; x_wconf 91' lang='lat' dir='ltr'>in</span> <span class='ocrx_word' id='word_1_242' title='bbox 1089 2078 1239 2120; x_wconf 89' lang='lat' dir='ltr'>bonam</span> <span class='ocrx_word' id='word_1_243' title='bbox 1265 2079 1466 2120; x_wconf 73' lang='lat' dir='ltr'>vertisset.</span> <span class='ocrx_word' id='word_1_244' title='bbox 1527 2079 1579 2120; x_wconf 92' lang='lat' dir='ltr'>ob</span> <span class='ocrx_word' id='word_1_245' title='bbox 1606 2079 1706 2119; x_wconf 88' lang='lat' dir='ltr'>adu-</span> 
     </span>
     <span class='ocr_line' id='line_1_41' title="bbox 350 2141 1707 2197; baseline -0.001 -14"><span class='ocrx_word' id='word_1_246' title='bbox 350 2143 588 2183; x_wconf 84' lang='lat' dir='ltr'>lescentiam</span> <span class='ocrx_word' id='word_1_247' title='bbox 614 2142 900 2197; x_wconf 86' lang='lat' dir='ltr'>neglegentem</span> <span class='ocrx_word' id='word_1_248' title='bbox 924 2142 1258 2194; x_wconf 79' lang='lat' dir='ltr'>luxuriosamque</span> <span class='ocrx_word' id='word_1_249' title='bbox 1288 2141 1336 2182; x_wconf 89' lang='lat' dir='ltr'>C.</span> <span class='ocrx_word' id='word_1_250' title='bbox 1356 2141 1531 2182; x_wconf 82' lang='lat' dir='ltr'>Flaccus</span> <span class='ocrx_word' id='word_1_251' title='bbox 1557 2141 1707 2182; x_wconf 84' lang='lat' dir='ltr'>flamen</span> 
     </span>
     <span class='ocr_line' id='line_1_42' title="bbox 351 2202 1705 2258; baseline -0.001 -14"><span class='ocrx_word' id='word_1_252' title='bbox 351 2211 493 2258; x_wconf 88' lang='lat' dir='ltr'>captus</span> <span class='ocrx_word' id='word_1_253' title='bbox 514 2220 537 2244; x_wconf 87' lang='lat' dir='ltr'>a</span> <span class='ocrx_word' id='word_1_254' title='bbox 555 2204 604 2244; x_wconf 89' lang='lat' dir='ltr'>P.</span> <span class='ocrx_word' id='word_1_255' title='bbox 619 2204 782 2244; x_wconf 89' lang='lat' dir='ltr'>Licinio</span> <span class='ocrx_word' id='word_1_256' title='bbox 807 2204 999 2257; x_wconf 88' lang='lat' dir='ltr'>pontifice</span> <span class='ocrx_word' id='word_1_257' title='bbox 1019 2203 1197 2244; x_wconf 88' lang='lat' dir='ltr'>maximo</span> <span class='ocrx_word' id='word_1_258' title='bbox 1218 2210 1321 2252; x_wconf 86' lang='lat' dir='ltr'>erat,</span> <span class='ocrx_word' id='word_1_259' title='bbox 1346 2203 1399 2243; x_wconf 91' lang='lat' dir='ltr'>L.</span> <span class='ocrx_word' id='word_1_260' title='bbox 1414 2203 1565 2244; x_wconf 87' lang='lat' dir='ltr'>Flacco</span> <span class='ocrx_word' id='word_1_261' title='bbox 1590 2202 1705 2244; x_wconf 87' lang='lat' dir='ltr'>fratri</span> 
     </span>
     <span class='ocr_line' id='line_1_43' title="bbox 350 2265 1706 2320; baseline 0 -15"><span class='ocrx_word' id='word_1_262' title='bbox 350 2280 545 2320; x_wconf 89' lang='lat' dir='ltr'>germano</span> <span class='ocrx_word' id='word_1_263' title='bbox 571 2266 838 2319; x_wconf 83' lang='lat' dir='ltr'>cognatisque</span> <span class='ocrx_word' id='word_1_264' title='bbox 865 2265 953 2306; x_wconf 90' lang='lat' dir='ltr'>aliis</span> <span class='ocrx_word' id='word_1_265' title='bbox 980 2265 1032 2306; x_wconf 90' lang='lat' dir='ltr'>ob</span> <span class='ocrx_word' id='word_1_266' title='bbox 1059 2266 1201 2306; x_wconf 86' lang='lat' dir='ltr'>eadem</span> <span class='ocrx_word' id='word_1_267' title='bbox 1226 2265 1325 2305; x_wconf 77' lang='lat' dir='ltr'>vitia</span> <span class='ocrx_word' id='word_1_268' title='bbox 1349 2265 1520 2305; x_wconf 76' lang='lat' dir='ltr'>invisus.</span> <span class='ocrx_word' id='word_1_269' title='bbox 1580 2265 1635 2314; x_wconf 88' lang='lat' dir='ltr'>is,</span> <span class='ocrx_word' id='word_1_270' title='bbox 1661 2271 1706 2305; x_wconf 83' lang='lat' dir='ltr'>ut</span> 
     </span>
     <span class='ocr_line' id='line_1_44' title="bbox 351 2326 1706 2380; baseline -0.001 -13"><span class='ocrx_word' id='word_1_271' title='bbox 351 2328 531 2367; x_wconf 88' lang='lat' dir='ltr'>animum</span> <span class='ocrx_word' id='word_1_272' title='bbox 563 2327 650 2367; x_wconf 85' lang='lat' dir='ltr'>eius</span> <span class='ocrx_word' id='word_1_273' title='bbox 683 2341 780 2367; x_wconf 84' lang='lat' dir='ltr'>cura</span> <span class='ocrx_word' id='word_1_274' title='bbox 811 2341 1020 2367; x_wconf 86' lang='lat' dir='ltr'>sacrorum</span> <span class='ocrx_word' id='word_1_275' title='bbox 1051 2334 1090 2367; x_wconf 90' lang='lat' dir='ltr'>et</span> <span class='ocrx_word' id='word_1_276' title='bbox 1121 2327 1457 2367; x_wconf 85' lang='lat' dir='ltr'>caerimoniarum</span> <span class='ocrx_word' id='word_1_277' title='bbox 1488 2326 1613 2380; x_wconf 89' lang='lat' dir='ltr'>cepit,</span> <span class='ocrx_word' id='word_1_278' title='bbox 1650 2326 1706 2366; x_wconf 87' lang='lat' dir='ltr'>ita</span> 
     </span>
     <span class='ocr_line' id='line_1_45' title="bbox 347 2386 1706 2442; baseline -0.001 -13"><span class='ocrx_word' id='word_1_279' title='bbox 347 2394 514 2442; x_wconf 81' lang='lat' dir='ltr'>repente</span> <span class='ocrx_word' id='word_1_280' title='bbox 540 2389 652 2429; x_wconf 89' lang='lat' dir='ltr'>exuit</span> <span class='ocrx_word' id='word_1_281' title='bbox 676 2389 865 2441; x_wconf 86' lang='lat' dir='ltr'>antiquos</span> <span class='ocrx_word' id='word_1_282' title='bbox 891 2403 1044 2437; x_wconf 86' lang='lat' dir='ltr'>mores,</span> <span class='ocrx_word' id='word_1_283' title='bbox 1079 2396 1123 2428; x_wconf 89' lang='lat' dir='ltr'>ut</span> <span class='ocrx_word' id='word_1_284' title='bbox 1147 2403 1267 2429; x_wconf 90' lang='lat' dir='ltr'>nemo</span> <span class='ocrx_word' id='word_1_285' title='bbox 1293 2394 1377 2429; x_wconf 87' lang='lat' dir='ltr'>tota</span> <span class='ocrx_word' id='word_1_286' title='bbox 1400 2388 1610 2428; x_wconf 81' lang='lat' dir='ltr'>iuventute</span> <span class='ocrx_word' id='word_1_287' title='bbox 1634 2386 1706 2427; x_wconf 87' lang='lat' dir='ltr'>ha-</span> 
     </span>
     <span class='ocr_line' id='line_1_46' title="bbox 350 2448 1706 2504; baseline 0 -15"><span class='ocrx_word' id='word_1_288' title='bbox 350 2448 514 2490; x_wconf 88' lang='lat' dir='ltr'>beretur</span> <span class='ocrx_word' id='word_1_289' title='bbox 543 2450 653 2503; x_wconf 90' lang='lat' dir='ltr'>prior</span> <span class='ocrx_word' id='word_1_290' title='bbox 682 2465 756 2490; x_wconf 87' lang='lat' dir='ltr'>nec</span> <span class='ocrx_word' id='word_1_291' title='bbox 787 2449 996 2504; x_wconf 89' lang='lat' dir='ltr'>probatior</span> <span class='ocrx_word' id='word_1_292' title='bbox 1028 2450 1274 2504; x_wconf 85' lang='lat' dir='ltr'>primoribus</span> <span class='ocrx_word' id='word_1_293' title='bbox 1304 2457 1486 2504; x_wconf 87' lang='lat' dir='ltr'>patrum,</span> <span class='ocrx_word' id='word_1_294' title='bbox 1525 2449 1608 2490; x_wconf 86' lang='lat' dir='ltr'>suis</span> <span class='ocrx_word' id='word_1_295' title='bbox 1633 2463 1706 2502; x_wconf 88' lang='lat' dir='ltr'>pa-</span> 
     </span>
     <span class='ocr_line' id='line_1_47' title="bbox 350 2510 1703 2564; baseline -0.001 -14"><span class='ocrx_word' id='word_1_296' title='bbox 350 2511 446 2551; x_wconf 88' lang='lat' dir='ltr'>riter</span> <span class='ocrx_word' id='word_1_297' title='bbox 470 2511 712 2564; x_wconf 89' lang='lat' dir='ltr'>alienisque,</span> <span class='ocrx_word' id='word_1_298' title='bbox 751 2519 871 2552; x_wconf 90' lang='lat' dir='ltr'>esset.</span> <span class='ocrx_word' id='word_1_299' title='bbox 942 2511 1064 2552; x_wconf 88' lang='lat' dir='ltr'>huius</span> <span class='ocrx_word' id='word_1_300' title='bbox 1095 2511 1230 2552; x_wconf 87' lang='lat' dir='ltr'>famae</span> <span class='ocrx_word' id='word_1_301' title='bbox 1262 2526 1466 2552; x_wconf 90' lang='lat' dir='ltr'>consensu</span> <span class='ocrx_word' id='word_1_302' title='bbox 1497 2510 1626 2551; x_wconf 86' lang='lat' dir='ltr'>elatus</span> <span class='ocrx_word' id='word_1_303' title='bbox 1652 2510 1703 2549; x_wconf 85' lang='lat' dir='ltr'>ad</span> 
     </span>
     <span class='ocr_line' id='line_1_48' title="bbox 350 2572 1701 2628; baseline -0.001 -17"><span class='ocrx_word' id='word_1_304' title='bbox 350 2572 500 2612; x_wconf 88' lang='lat' dir='ltr'>iustam</span> <span class='ocrx_word' id='word_1_305' title='bbox 535 2573 729 2613; x_wconf 88' lang='lat' dir='ltr'>fiduciam</span> <span class='ocrx_word' id='word_1_306' title='bbox 765 2574 829 2613; x_wconf 91' lang='lat' dir='ltr'>sui</span> <span class='ocrx_word' id='word_1_307' title='bbox 863 2588 950 2614; x_wconf 89' lang='lat' dir='ltr'>rem</span> <span class='ocrx_word' id='word_1_308' title='bbox 984 2573 1261 2615; x_wconf 85' lang='lat' dir='ltr'>intermissam</span> <span class='ocrx_word' id='word_1_309' title='bbox 1290 2588 1363 2628; x_wconf 87' lang='lat' dir='ltr'>per</span> <span class='ocrx_word' id='word_1_310' title='bbox 1394 2572 1543 2613; x_wconf 86' lang='lat' dir='ltr'>multos</span> <span class='ocrx_word' id='word_1_311' title='bbox 1575 2585 1701 2612; x_wconf 88' lang='lat' dir='ltr'>annos</span> 
     </span>
     <span class='ocr_line' id='line_1_49' title="bbox 351 2633 1701 2689; baseline -0.001 -16"><span class='ocrx_word' id='word_1_312' title='bbox 351 2633 402 2673; x_wconf 89' lang='lat' dir='ltr'>ob</span> <span class='ocrx_word' id='word_1_313' title='bbox 427 2634 712 2688; x_wconf 85' lang='lat' dir='ltr'>indignitatem</span> <span class='ocrx_word' id='word_1_314' title='bbox 743 2635 955 2675; x_wconf 86' lang='lat' dir='ltr'>flaminum</span> <span class='ocrx_word' id='word_1_315' title='bbox 985 2635 1165 2689; x_wconf 85' lang='lat' dir='ltr'>priorum</span> <span class='ocrx_word' id='word_1_316' title='bbox 1196 2635 1402 2689; x_wconf 70' lang='lat' dir='ltr'>repetivit,</span> <span class='ocrx_word' id='word_1_317' title='bbox 1444 2635 1485 2674; x_wconf 90' lang='lat' dir='ltr'>in</span> <span class='ocrx_word' id='word_1_318' title='bbox 1516 2638 1701 2674; x_wconf 86' lang='lat' dir='ltr'>senatum</span> 
     </span>
     <span class='ocr_line' id='line_1_50' title="bbox 352 2693 1700 2750; baseline 0.001 -17"><span class='ocrx_word' id='word_1_319' title='bbox 352 2701 395 2734; x_wconf 88' lang='lat' dir='ltr'>ut</span> <span class='ocrx_word' id='word_1_320' title='bbox 431 2695 623 2736; x_wconf 87' lang='lat' dir='ltr'>introiret.</span> <span class='ocrx_word' id='word_1_321' title='bbox 694 2697 928 2750; x_wconf 86' lang='lat' dir='ltr'>ingressum</span> <span class='ocrx_word' id='word_1_322' title='bbox 963 2711 1058 2737; x_wconf 90' lang='lat' dir='ltr'>eum</span> <span class='ocrx_word' id='word_1_323' title='bbox 1100 2697 1253 2737; x_wconf 85' lang='lat' dir='ltr'>curiam</span> <span class='ocrx_word' id='word_1_324' title='bbox 1296 2711 1389 2737; x_wconf 89' lang='lat' dir='ltr'>cum</span> <span class='ocrx_word' id='word_1_325' title='bbox 1424 2696 1477 2735; x_wconf 90' lang='lat' dir='ltr'>L.</span> <span class='ocrx_word' id='word_1_326' title='bbox 1513 2693 1700 2734; x_wconf 85' lang='lat' dir='ltr'>Licinius</span> 
     </span>
    </p>
   </div>
  </div>
 </body>
</html>
