1815 3184
439 234 592 268 LIBER
618 235 726 278 XXI,
752 234 805 268 312.
827 234 880 267 33.
910 235 958 276 [a.
975 231 1013 265 C.
1030 231 1111 274 218]
1405 224 1414 238 ⁶

1436 221 1457 230 ,-

1414 220 1430 248 Na

1405 249 1427 260 t

101 341 292 382 informia
316 340 492 394 inposita
517 337 708 392 rupibus,
741 352 889 391 pecora
913 337 1176 388 iumentaque
1208 333 1360 374 torrida
1391 332 1461 372 fri-

100 418 217 458 gore,
255 403 442 442 homines
475 400 626 441 intonsi
652 407 691 439 et
722 399 883 447 inculti,
921 397 1113 438 animalia
1144 394 1461 447 inanimaliaque

101 465 237 505 omnia
261 464 436 519 rigentia
460 463 575 517 gelu,
603 470 737 502 cetera
761 462 853 501 visu
878 475 1002 513 qumn
1023 460 1135 498 dictu
1154 457 1357 505 foediora,
1385 466 1463 496 ter-

100 541 234 567 rorem
269 533 529 567 renovarunt.
591 523 842 579 erigentibus
878 523 917 562 in
955 522 1110 576 primos
1148 535 1297 575 agmen
1334 519 1461 560 clivos

101 596 378 643 apparuerunt
403 587 649 628 inminentes
676 585 854 625 tumulos
880 584 1105 625 insidentes
1138 582 1340 630 montani,
1379 581 1460 634 qui,

103 651 137 690 si
163 650 289 691 valles
317 650 558 691 occultiores
579 648 846 695 insedissent,
874 646 1002 687 coorti
1022 646 1074 686 ad
1092 660 1274 699 pugnam
1296 650 1462 697 repente

102 712 310 766 ingentem
348 711 493 765 fugam
531 718 793 763 stragemque
830 708 1053 748 dedissent.
1113 705 1326 747 Hannibal
1368 719 1465 745 con-

105 775 248 815 sistere
275 775 394 828 signa
418 773 556 821 iussit3
592 770 807 823 Gallisque
833 771 885 811 ad
911 770 1082 810 visenda
1106 769 1197 809 loca
1226 766 1464 822 praemissis

102 843 323 890 postquam
360 835 543 889 conperit
579 833 796 874 transitum
833 847 882 872 ea
917 846 1000 872 non
1036 845 1146 879 esse,
1192 837 1327 870 castra
1361 829 1465 869 inter

103 900 349 952 confragosa
380 896 518 937 omnia
542 902 843 949 praeruptaque
870 908 995 946 quam
1021 892 1305 933 extentissima
1329 897 1465 944 potest

102 960 208 1000 valle
238 960 358 999 locat.
413 966 501 997 tum
532 972 605 1011 per
637 956 804 996 eosdem
831 953 995 1003 Gallos,
1029 954 1140 994 haud
1167 968 1263 993 sane
1290 952 1464 992 multum

101 1022 243 1076 lingua
268 1019 533 1072 moribusque
559 1017 834 1065 abhorrentis,
861 1030 955 1056 cum
977 1029 1019 1056 se
1039 1015 1348 1055 inmiscuissent
1369 1028 1466 1053 con-

102 1083 250 1135 loquiis
288 1088 595 1128 montanorum,
641 1079 830 1127 edoctus,
875 1077 1053 1118 interdiu
1089 1083 1249 1116 tantum
1286 1074 1466 1115 obsideri

103 1144 272 1192 saltum,
311 1150 428 1184 nocte
460 1142 502 1182 in
534 1156 608 1182 sua
645 1155 849 1194 quemque
886 1139 1012 1179 dilabi
1049 1145 1174 1186 tecta,
1211 1138 1303 1178 luce
1335 1136 1467 1190 prima

103 1206 228 1247 subiit
259 1205 459 1253 tumulos,
497 1211 541 1244 ut
574 1218 624 1243 ex
657 1210 797 1257 aperto
830 1210 952 1254 atque
983 1201 1160 1241 interdiu
1190 1200 1274 1240 vim
1299 1214 1373 1253 per
1398 1214 1469 1238 an-

103 1268 261 1324 gustias
288 1268 487 1308 facturus.
543 1266 608 1306 die
634 1265 783 1305 deinde
810 1263 1043 1305 simulando
1069 1262 1181 1303 aliud
1206 1277 1330 1315 quam
1356 1260 1468 1314 quod

104 1330 324 1385 parabatur
355 1335 618 1382 consumpto,
658 1342 752 1367 cum
785 1327 930 1367 eodem
963 1340 1044 1378 quo
1077 1324 1343 1365 constiterant
1378 1323 1469 1363 loco

105 1399 237 1433 castra
262 1390 606 1438 communissent,
633 1389 704 1430 ubi
728 1389 907 1443 primum
930 1388 1138 1442 digressos
1164 1386 1332 1426 tumulis
1352 1399 1469 1425 mon-
1517 1399 1529 1410 ·“

105 1467 220 1495 tanos
246 1454 485 1505 laxatasque
514 1452 642 1492 sensit
667 1451 895 1499 custodias,
934 1449 1120 1504 pluribus
1151 1448 1317 1504 ignibus
1344 1462 1468 1500 quam

105 1532 177 1571 pro
202 1530 372 1556 numero
398 1515 651 1555 manentium
676 1514 719 1553 in
745 1514 925 1567 speciem
952 1512 1073 1553 factis
1094 1510 1468 1566 impedimentisque

107 1594 200 1619 cum
226 1578 360 1631 equite
385 1576 535 1617 relictis
568 1583 607 1616 et
639 1591 834 1616 maxuma
866 1582 981 1629 parte
1013 1574 1216 1629 peditum,
1254 1573 1343 1626 ipse
1375 1586 1467 1612 curn

107 1640 326 1694 expeditis,
360 1639 556 1679 acerrimo
588 1652 752 1691 quoque
778 1638 883 1686 viro,
916 1637 1065 1691 raptim
1091 1635 1305 1691 angustias
1332 1632 1469 1674 evadit

106 1703 237 1755 iisque
263 1701 363 1755 ipsis
390 1700 576 1748 tumulis,
603 1714 707 1753 quos
733 1699 873 1740 hostes
900 1706 1132 1746 tenuerant,
1160 1697 1358 1738 consedit.

190 1762 417 1803 XXXIII.
478 1761 618 1802 Prima
650 1762 797 1802 deinde
829 1761 920 1801 luce
953 1769 1086 1802 castra
1117 1766 1293 1800 motaet
1320 1772 1468 1813 agmen

107 1826 275 1866 relicum
294 1825 484 1865 incedere
504 1824 649 1877 coepit.
687 1824 770 1863 iam
789 1823 974 1864 montani
995 1823 1114 1878 signo
1135 1822 1232 1862 (lato
1252 1836 1303 1862 ex
1324 1819 1470 1864 castel-

107 1888 155 1927 lis
182 1888 233 1927 ad
261 1888 477 1927 stationem
504 1886 665 1926 solitam
692 1885 1009 1934 conveniebant,
1047 1899 1141 1925 cum
1173 1893 1341 1937 repente
1374 1897 1470 1922 con-

109 1950 283 2003 spiciunt
316 1949 416 1990 alios
448 1962 540 1988 arce
572 1955 772 2002 occupata
804 1963 878 1988 sua
910 1962 1033 2001 super
1064 1954 1187 2000 caput
1219 1943 1468 1991 inminentis,

109 2013 208 2052 alios
234 2013 301 2052 via
326 2011 498 2052 transire
522 2010 666 2051 hostis.
717 2017 890 2063 utraque
917 2009 1040 2050 simul
1066 2009 1227 2049 obiecta
1251 2022 1316 2048 res
1342 2005 1470 2047 oculis

110 2074 336 2126 animisque
362 2072 578 2113 inmobiles
604 2087 825 2126 parumper
850 2087 919 2112 eos
947 2071 1107 2119 defixit3
1135 2070 1302 2118 deinde,
1329 2076 1374 2108 ut
1393 2077 1472 2107 tre-

111 2136 360 2190 pidationem
400 2135 444 2174 in
487 2134 688 2189 angustiis
726 2148 883 2186 suoque
919 2133 1056 2187 ipsum
1094 2131 1273 2172 tumultu
1309 2129 1470 2170 misceri

112 2213 259 2252 agmen
291 2197 447 2245 videre,
485 2197 600 2249 equis
632 2196 810 2236 maxime
842 2195 1131 2242 consternatis,
1169 2192 1370 2246 quidquid
1401 2192 1472 2232 ad-

112 2260 303 2299 iecissent
328 2258 407 2312 ipsi
433 2258 596 2298 terroris
624 2259 722 2298 satis
750 2258 801 2298 ad
826 2257 1047 2311 perniciem
1074 2256 1162 2296 fore
1187 2255 1282 2303 rati,
1316 2268 1389 2308 per
1413 2253 1473 2293 di-

113 2337 231 2361 versa
256 2320 426 2374 rupibus
453 2319 566 2359 iuxta
591 2319 701 2359 invia
727 2334 773 2359 ac
795 2319 915 2359 (levia
937 2318 1096 2358 adsueti
1117 2318 1348 2357 decurrunt.
1386 2322 1470 2355 tum

113 2399 208 2424 vero
235 2382 355 2423 simul
381 2381 432 2422 ab
457 2381 655 2429 hostibus,
672 2382 792 2421 simul
818 2381 868 2422 ab
894 2380 1108 2433 iniquitate
1131 2380 1315 2420 locorum
1341 2378 1472 2418 Poeni

113 2444 467 2499 oppugnabantur,
495 2443 670 2497 plusque
696 2443 800 2483 inter
823 2443 956 2496 ipsos,
985 2441 1062 2482 sibi
1084 2455 1246 2495 quoque
1266 2440 1469 2488 tendente,

114 2520 156 2548 ut
182 2506 362 2561 periculo
387 2505 500 2559 prius
527 2506 731 2554 evaderet,
759 2520 882 2558 quam
904 2520 997 2544 cum
1022 2503 1210 2544 hostibus
1237 2502 1469 2543 certaminis

113 2576 210 2609 erat.
260 2568 353 2620 equi
380 2568 558 2608 maxime
583 2568 778 2608 infestum
805 2582 954 2621 agmen
980 2564 1204 2614 faciebant,
1231 2565 1300 2618 qui
1326 2571 1365 2605 et
1390 2564 1471 2604 cla-

113 2630 294 2671 moribus
315 2630 506 2679 dissonis,
534 2645 637 2683 quos
659 2644 825 2670 nemora
846 2629 967 2669 etiam
981 2641 1330 2682 repercussaeque
1343 2626 1470 2667 valles

114 2692 337 2747 augebant,
365 2693 489 2733 territi
513 2691 770 2746 trepidabant
793 2699 830 2732 ct
850 2691 919 2731 icti
938 2690 1042 2731 forte
1063 2696 1132 2730 aut
1151 2689 1350 2730 vulnerati
1370 2689 1472 2729 adeo

1495 963 1533 992 10

1498 1275 1532 1302 11

1496 1581 1534 1610 13

1496 1832 1513 1859 Na

1498 2206 1517 2231 4

1499 2330 1517 2358 ὁ

1497 2579 1514 2607 ti
