1815 3184
527 238 679 273 LmER
701 239 889 284 XXVIII,
916 240 969 274 19.
997 241 1046 283 [a.
1062 239 1101 274 0.
1115 239 1197 283 206]
1456 230 1539 272 405

187 343 295 384 cium
333 358 426 384 cum
461 342 581 384 tertia
615 349 732 398 parte
770 342 982 398 copiarum
1019 343 1072 383 ad
1103 341 1375 384 Castulonem
1411 357 1543 397 oppu-

186 406 399 460 gnandum
429 405 570 454 mittit3
607 405 697 460 ipse
728 419 822 445 cum
854 412 989 445 cetero
1021 405 1202 445 exercitu
1235 404 1386 458 quintis
1412 405 1542 445 ferme

187 468 239 508 ad
258 467 451 522 Iliturgin
475 467 620 508 castris
645 467 846 521 pervenit.
885 467 1050 507 clausae
1077 474 1194 507 erant
1215 475 1360 521 portae
1385 466 1542 507 omnia-

185 544 264 582 que
306 529 506 570 instructa
548 536 589 569 et
622 536 767 584 parata
815 529 868 568 ad
905 528 1257 583 oppugnationem
1299 529 1541 569 arcendam:

186 592 288 632 adeo
315 590 584 639 conscientia,
612 590 710 644 quid
737 606 780 631 se
806 590 974 631 meritos
1002 591 1171 638 scirent,
1203 605 1277 645 pro
1302 590 1455 630 indicto
1482 590 1541 630 eis

184 654 292 694 bello
330 653 477 694 fuerat.
537 653 633 692 hinc
668 660 709 693 et
745 653 900 693 hortari
935 652 1085 692 milites
1124 651 1266 707 Scipio
1304 667 1422 692 orsus
1460 659 1540 692 est:

183 715 297 770 ipsos
324 714 553 756 claudendo
578 722 718 769 portas
745 714 950 754 indicasse
971 714 1205 768 Hispanos,
1233 714 1331 767 quid
1355 721 1400 754 ut
1424 713 1542 754 time-

183 784 275 817 rent
299 777 432 817 meriti
458 785 609 817 essent.
646 777 785 829 itaque
811 777 940 817 multo
965 777 1247 818 infestioribus
1276 777 1422 817 animis
1449 791 1543 816 cum

184 838 243 879 eis
270 853 393 891 quam
419 853 512 878 cum
539 836 955 892 Carthaginiensibus
986 838 1142 878 bellum
1175 839 1403 893 gerendum
1429 853 1540 879 esse:

184 901 337 955 quippe
363 915 455 940 cum
485 900 564 940 illis
590 915 718 954 prope
751 900 838 940 sine
870 900 931 940 ira
955 900 1005 940 de
1030 901 1202 954 imperio
1234 908 1274 941 et
1297 900 1430 954 gloria
1455 914 1542 940 cer-

184 963 279 1010 tari,
317 962 368 1002 ab
404 962 468 1002 his
504 962 700 1016 perfidiae
737 970 776 1002 et
813 961 1066 1002 crudelitatis
1105 970 1145 1002 et
1181 962 1348 1002 sceleris
1384 976 1541 1016 poenas

184 1024 437 1078 expetendas
464 1038 570 1063 esse.
619 1023 784 1063 venisse
810 1031 993 1077 tempus,
1021 1038 1101 1076 quo
1127 1031 1167 1064 et
1185 1024 1410 1063 nefandam
1431 1038 1542 1063 com-

183 1085 415 1125 militonum
438 1098 583 1125 necem
608 1091 649 1124 et
672 1084 714 1124 in
742 1091 873 1124 semet
897 1084 1031 1138 ipsos,
1059 1085 1094 1125 si
1119 1086 1265 1125 eodem
1291 1085 1393 1138 fuga
1418 1085 1544 1125 delati

183 1147 337 1195 forent,
384 1146 628 1186 instructam
670 1146 860 1186 fraudem
896 1145 1216 1195 ulciscerentur,
1266 1154 1307 1187 et
1342 1146 1385 1186 in
1421 1161 1543 1186 omne

182 1215 344 1262 tempus
370 1207 489 1262 gravi
513 1208 760 1248 documento
788 1207 1014 1256 sancirent,
1041 1223 1093 1248 ne
1119 1208 1212 1261 quis
1237 1222 1435 1260 umquam
1457 1208 1543 1248 Ro-

181 1284 350 1309 manum
376 1269 508 1309 civem
538 1269 763 1310 militemve
795 1269 837 1309 in
870 1269 955 1309 ulla
986 1270 1153 1310 fortuna
1177 1277 1455 1324 opportunum
1482 1269 1544 1309 111-

180 1330 309 1371 iuriae
335 1330 518 1371 duceret.
580 1331 631 1371 ab
658 1331 735 1371 hae
762 1331 1045 1372 cohortatione
1077 1331 1193 1371 ducis
1224 1331 1381 1371 incitati
1408 1331 1540 1371 scalas

182 1392 322 1432 electis
347 1407 421 1446 per
444 1392 678 1447 manipulos
705 1393 803 1434 viris
830 1393 1038 1442 dividunt3
1075 1394 1226 1448 partito
1259 1393 1441 1434 exercitu
1472 1393 1542 1442 ita,

182 1461 227 1494 ut
262 1454 369 1508 parti
405 1454 521 1495 alteri
545 1454 717 1495 Laelius
754 1463 969 1510 praeesset
1004 1455 1187 1510 legatus,
1226 1456 1388 1496 duobus
1420 1455 1543 1496 simul

182 1516 283 1556 locis
310 1515 477 1570 ancipiti
502 1524 656 1557 terrore
681 1518 827 1558 urbem
852 1518 1162 1572 adgrediuntur.
1216 1533 1299 1558 non
1325 1518 1410 1557 dux
1434 1532 1541 1557 unus

183 1585 253 1618 aut
288 1577 427 1632 plures
459 1578 666 1633 principes
699 1579 948 1634 oppidanos,
993 1580 1068 1620 sed
1099 1595 1197 1620 suus
1229 1579 1414 1634 ipsorum
1446 1593 1544 1619 con-

184 1639 357 1679 scientia
394 1639 538 1694 culpae
574 1647 710 1680 metus
756 1640 809 1680 ad
850 1641 1157 1681 defendendam
1198 1640 1360 1695 inpigre
1397 1641 1543 1681 urbem

183 1702 388 1751 hortatur3
432 1709 473 1742 et
508 1702 798 1751 meminerant,
836 1710 877 1743 et
913 1703 1191 1743 admonebant
1227 1703 1348 1751 alios,
1387 1702 1544 1757 suppli-

183 1763 290 1804 cium
317 1777 369 1803 ex
395 1778 457 1812 se,
483 1779 567 1804 non
592 1763 805 1804 victoriam
829 1764 933 1818 peti:
971 1764 1043 1805 ubi
1069 1764 1243 1817 quisque
1268 1772 1444 1805 mortem
1469 1780 1543 1819 op—

182 1832 358 1879 peteret,
391 1824 433 1864 id
457 1825 629 1874 referre,
661 1832 799 1865 utrum
823 1826 866 1866 in
890 1841 1031 1880 pugna
1056 1834 1097 1867 et
1120 1826 1162 1866 in
1189 1826 1295 1874 acie,
1327 1826 1398 1866 ubi
1423 1826 1542 1867 Mars

184 1885 413 1927 communis
440 1893 479 1926 et
504 1886 659 1926 victum
685 1902 809 1941 saepe
836 1887 1013 1942 erigeret
1037 1895 1077 1928 et
1097 1888 1312 1942 adfligeret
1330 1887 1541 1936 victorem,

184 1963 237 1988 an
266 1948 486 2002 postmodo
518 1956 699 1988 cremata
735 1956 773 1989 et
805 1949 939 1989 diruta
968 1949 1070 1990 urbe
1101 1956 1195 1990 ante
1227 1965 1299 1990 ora
1330 1956 1543 2004 captarum

183 2009 506 2062 liberorumque,
544 2009 650 2050 inter
683 2011 856 2051 verbera
887 2019 927 2051 et
951 2011 1134 2061 vincula,
1172 2012 1310 2053 onmia
1335 2012 1459 2053 foeda
1484 2019 1544 2051 at-

184 2085 262 2124 que
287 2071 459 2126 indigna
483 2072 597 2126 passi
623 2072 893 2127 exspirarent.
948 2073 1073 2128 igitur
1097 2089 1181 2115 non
1205 2074 1392 2114 militaris
1418 2074 1542 2115 modo

184 2140 297 2173 aetas
325 2142 395 2173 aut
419 2134 495 2173 viri
521 2142 699 2183 tantum,
740 2135 814 2175 sed
838 2135 1016 2176 feminae
1042 2136 1241 2190 puerique
1268 2151 1392 2191 super
1418 2135 1543 2176 animi

184 2195 449 2249 corporisque
489 2196 595 2236 vires
633 2197 808 2246 adsunt,
856 2198 1138 2252 pugnantibus
1176 2199 1259 2238 tela
1294 2198 1541 2248 ministrant,

185 2272 286 2297 saxa
316 2257 358 2297 in
388 2272 527 2298 muros
559 2258 838 2299 munientibus
871 2268 1032 2314 gerunt.
1092 2275 1176 2301 non
1205 2260 1374 2300 libertas
1409 2260 1543 2301 solum

184 2319 402 2373 agebatur,
453 2333 558 2372 quae
595 2320 777 2361 virorum
814 2321 982 2362 fortium
1019 2329 1179 2362 tantum
1214 2330 1384 2376 pectora
1420 2323 1541 2372 acuit,

184 2381 258 2420 sed
293 2380 439 2420 ultima
474 2381 657 2422 omnium
695 2382 898 2437 supplicia
934 2392 975 2424 et
1010 2383 1134 2424 foeda
1169 2398 1281 2423 mors
1313 2384 1366 2424 ob
1399 2384 1541 2425 oculos

183 2450 282 2483 erat.
344 2443 676 2484 accendebantur
707 2444 831 2484 animi
863 2454 904 2485 et
929 2445 1150 2486 certamine
1182 2445 1335 2486 laboris
1362 2460 1409 2486 ac
1434 2446 1542 2501 peri-

183 2504 263 2544 culi
294 2511 416 2557 atque
446 2504 538 2559 ipso
569 2505 676 2546 inter
707 2521 751 2547 se
783 2515 1020 2561 conspectu.
1080 2507 1220 2560 itaque
1250 2515 1363 2548 tanto
1396 2509 1541 2549 ardore

182 2574 390 2606 certamen
414 2566 561 2607 initum
587 2575 668 2616 est,
695 2576 741 2608 ut
766 2569 942 2610 domitor
966 2569 1034 2610 ille
1061 2569 1185 2610 totius
1210 2569 1443 2623 Hispaniae
1470 2585 1541 2610 ex-

183 2628 333 2668 ercitus
360 2628 412 2668 ab
436 2628 557 2670 unius
584 2630 725 2684 oppidi
749 2630 961 2672 iuventute
995 2646 1119 2686 saepe
1144 2631 1334 2686 repulsus
1364 2647 1387 2672 a
1411 2633 1539 2673 muris

183 2689 294 2730 haud
319 2689 418 2731 satis
445 2690 594 2733 decoro
618 2692 776 2747 proelio
803 2693 1039 2749 trepidaret.
1093 2693 1136 2734 id
1160 2693 1231 2734 ubi
1258 2693 1359 2733 vidit
1385 2693 1539 2750 Scipio,

1570 1530 1610 1559 10

1571 1716 1607 1744 11

1572 1962 1609 1991 12

1571 2087 1609 2116 13

1570 2272 1610 2301 14

1569 2520 1608 2549 15

1568 2709 1606 2739 16
