1815 3184
305 683 323 712 ΚΟ

307 867 324 895 20

305 2282 322 2312 9

286 2467 325 2496 10

288 2712 324 2740 11

350 255 434 296 334
666 261 817 295 LIBER
842 260 1009 304 XXVII,
1035 261 1065 293 8.
1087 261 1118 294 9.
1148 263 1195 303 [a.
1209 272 1243 294 u.
1258 271 1287 295 c.
1301 262 1383 305 545]

349 365 532 413 veheret,
558 364 666 404 unde
691 363 904 411 exercitui,
936 363 1006 416 qui
1030 363 1082 403 ad
1108 363 1331 403 Tarentum
1358 364 1512 404 aestiva
1536 374 1699 406 acturus

349 432 476 474 esset,
502 432 642 479 posset
668 424 865 479 praeberi.

434 487 579 528 VIIII.
641 486 835 528 Ceterum
859 486 1120 540 transportati
1150 486 1298 547 milites
1328 486 1369 526 in
1397 485 1581 528 Siciliam
1604 512 1636 516 —
1661 496 1701 528 et

349 555 463 589 erant
499 548 629 589 maior
663 563 758 602 pars
799 548 942 588 Latini
978 548 1154 589 nominis
1198 548 1482 601 sociorumque
1511 573 1544 577 —
1574 563 1700 603 prope

349 610 489 664 magni
513 616 648 650 motus
673 624 798 650 causa
822 609 954 649 fuere:
997 609 1100 650 adeo
1131 624 1182 650 ex
1211 610 1347 664 parvis
1380 624 1502 666 saepe
1531 625 1700 664 magnae

349 686 440 711 rum
471 678 679 712 momenta
708 686 843 712 rerum
874 671 1064 724 pendent.
1124 670 1310 712 fremitus
1347 672 1455 712 enim
1484 672 1588 712 inter
1616 672 1702 712 La-

349 733 455 772 tinos
494 733 709 785 sociosque
744 733 787 772 in
823 732 1004 773 conciliis
1042 739 1174 781 ortus,
1212 733 1417 774 decimum
1454 748 1607 773 annum
1641 733 1702 773 di-

349 792 541 843 lectibus,
580 794 792 848 stipendiis
830 808 873 835 se
909 794 1130 835 exhaustos
1168 808 1277 835 esse:
1320 794 1535 847 quotannis
1573 794 1702 834 ferme

350 854 464 894 clade
489 870 640 910 magna
665 869 867 910 pugnare3
911 855 1012 896 alios
1043 855 1085 895 in
1115 855 1201 896 acie
1233 855 1383 905 oceidi3
1432 855 1533 896 alios
1559 854 1702 896 morbo

350 915 530 966 absumi3
567 917 700 972 magis
733 917 862 971 perire
895 916 972 957 sibi
1003 917 1153 966 civem,
1190 917 1260 969 qui
1291 916 1342 957 ab
1366 916 1556 957 Romano
1586 916 1702 957 miles

348 977 478 1019 lectus
511 978 580 1027 sit,
618 993 742 1031 quam
772 978 842 1031 qui
873 977 924 1018 ab
949 977 1092 1018 Poeno
1123 985 1290 1032 captus,
1324 978 1474 1032 quippe
1505 977 1556 1018 ab
1587 977 1703 1019 hoste

350 1040 477 1093 gratis
514 1040 663 1080 remitti
698 1041 738 1080 in
774 1039 965 1094 patriam,
1003 1040 1054 1080 ab
1079 1039 1277 1081 Romanis
1315 1047 1429 1080 extra
1464 1040 1625 1080 Italiam
1660 1040 1703 1080 in

352 1101 518 1141 exilium
544 1102 679 1141 verius
705 1116 828 1154 quam
858 1101 900 1141 in
930 1101 1117 1141 militIam
1146 1101 1339 1155 ablegari.
1400 1108 1589 1142 octavum
1619 1101 1702 1141 iam

350 1161 406 1202 ibi
424 1177 577 1202 annum
604 1177 817 1203 senescere
839 1161 1100 1203 Cannensem
1125 1163 1306 1211 militem,
1334 1163 1574 1203 moriturum
1595 1169 1701 1211 ante,

351 1239 475 1277 quam
501 1225 621 1265 Italia
645 1225 794 1273 hostis,
820 1225 970 1278 quippe
995 1239 1103 1266 nunc
1127 1239 1220 1266 cum
1240 1225 1415 1265 maxime
1441 1225 1589 1265 florens
1608 1225 1706 1265 viri-

350 1286 446 1334 bus,
473 1286 655 1326 excedat.
717 1286 751 1326 si
774 1293 932 1326 veteres
965 1286 1113 1326 milites
1145 1301 1228 1326 non
1257 1286 1424 1326 redeant
1448 1286 1490 1326 in
1514 1286 1702 1340 patriam,

350 1347 446 1388 novi
470 1347 675 1401 legantur,
701 1346 815 1388 brevi
833 1347 1037 1387 neminem
1059 1348 1378 1401 superfuturum.
1415 1347 1566 1399 itaque,
1592 1347 1703 1399 quod

349 1409 587 1462 propediem
615 1423 680 1449 res
712 1409 802 1462 ipsa
832 1415 1030 1462 negatura
1061 1408 1129 1456 sit,
1165 1408 1404 1462 priusquam
1435 1409 1487 1448 ad
1517 1408 1703 1448 ultimam

351 1470 613 1510 solitudinen'i
649 1477 771 1522 atque
807 1476 1031 1524 egestatem
1066 1469 1322 1522 perveniant,
1360 1469 1595 1524 negandum
1629 1483 1703 1523 po-

350 1531 446 1585 pulo
466 1531 653 1571 Romano
680 1545 782 1571 esse.
834 1531 868 1570 si
894 1530 1184 1571 consentientis
1209 1531 1250 1570 in
1275 1531 1353 1571 1100
1379 1531 1511 1571 300103
1537 1531 1703 1571 videant

350 1593 538 1641 Romani,
559 1592 741 1646 profecto
761 1592 810 1632 de
829 1606 931 1646 pace
955 1606 1047 1632 cum
1064 1591 1474 1646 Carthaginiensibus
1495 1592 1703 1647 iungenda

352 1655 615 1708 cogitaturos.
676 1654 792 1695 aliter
821 1668 1045 1707 numquam
1076 1654 1170 1695 vivo
1201 1653 1436 1695 Hannibale
1472 1654 1559 1695 sine
1595 1653 1702 1695 bello

350 1715 513 1756 Italiam
537 1716 638 1756 fore.

434 1777 553 1818 Haec
584 1784 675 1819 acta
704 1778 745 1818 in
776 1777 971 1819 conciliis.
1031 1778 1197 1833 triginta
1228 1785 1314 1818 tum
1345 1778 1527 1819 coloniae
1563 1778 1704 1832 populi

349 1839 527 1880 Romani
552 1848 683 1880 era-nt:
727 1854 778 1880 ex
802 1840 851 1881 iis
878 1840 1113 1888 duodecim,
1151 1840 1451 1880 cumomnium
1475 1840 1702 1894 legationes

349 1900 507 1941 Romae
533 1908 688 1950 essent,
725 1909 979 1957 negaverunt
1009 1901 1247 1942 consulibus
1273 1915 1384 1951 esse,
1420 1902 1528 1941 unde
1553 1901 1702 1942 milites

348 1962 647 2016 pecuniamque
672 1963 826 2004 darent.
882 1977 953 2013 eae
978 1962 1092 2004 fuere
1116 1962 1275 2012 Ardea,
1300 1962 1475 2017 Nepete,
1503 1961 1701 2012 Sutrium,

349 2023 478 2072 Alba,
496 2023 699 2073 Carseoli,
717 2024 844 2074 Cora,
861 2023 1037 2074 Suessa,
1054 2024 1217 2073 Cercei‚
1234 2023 1361 2073 Setia,
1379 2023 1515 2073 Cales,
1535 2024 1701 2074 Narnia,

349 2084 596 2127 Interamna.
656 2101 764 2127 nova
799 2101 841 2126 re
873 2086 1062 2128 consules
1093 2086 1163 2127 icti
1198 2100 1292 2127 cum
1323 2085 1547 2127 absterrere
1578 2100 1648 2127 eos
1680 2102 1704 2127 a

349 2153 433 2187 tam
458 2146 687 2188 detestabili
713 2148 883 2189 consilio
908 2148 1075 2197 vellent,
1108 2148 1348 2202 castigando
1373 2148 1703 2202 increpandoque

348 2208 441 2262 plus
466 2222 590 2261 quam
614 2209 758 2250 leniter
782 2210 942 2264 agendo
966 2209 1221 2264 profecturos
1246 2210 1340 2258 rati,
1367 2224 1436 2250 003
1462 2224 1584 2250 ausos
1611 2224 1703 2251 esse

350 2270 587 2311 consulibus
624 2271 758 2312 dicere
795 2271 980 2320 aiebant,
1028 2272 1139 2325 quod
1174 2271 1363 2313 consules
1399 2271 1442 2311 in
1478 2278 1624 2313 senatu
1658 2278 1704 2312 ut

349 2333 656 2385 pronuntiarent
680 2334 722 2374 in
746 2334 927 2374 animum
953 2334 1145 2375 inducere
1169 2348 1252 2375 non
1275 2340 1461 2388 possent:
1487 2349 1569 2375 non
1594 2333 1702 2374 enim

349 2394 683 2436 detrectationem
719 2410 809 2436 eam
844 2410 1060 2437 munerum
1095 2396 1279 2445 militiae,
1319 2396 1391 2436 sed
1421 2402 1603 2449 apertam
1634 2396 1704 2435 de-

350 2455 567 2497 sectionem
593 2472 616 2497 a
640 2457 791 2511 populo
809 2457 997 2498 Romano
1023 2472 1126 2498 esse.
1168 2458 1345 2498 redirent
1369 2458 1506 2510 itaque
1531 2470 1702 2511 propere

350 2517 392 2556 111
417 2518 594 2560 colonias
621 2526 660 2559 et
686 2526 896 2572 tamquam
920 2519 1123 2573 integram
1146 2534 1251 2568 rem,
1277 2518 1402 2560 locuti
1426 2518 1558 2573 magis
1579 2532 1701 2570 quam

350 2579 439 2619 ausi
475 2586 631 2620 tantum
667 2580 804 2629 nefas,
842 2595 935 2622 cum
973 2581 1057 2622 suis
1094 2581 1364 2622 consulerent.
1436 2581 1700 2621 admonerent

349 2654 431 2679 non
457 2639 692 2694 Campanos
718 2657 850 2695 neque
876 2642 1119 2683 Tarentinos
1146 2657 1236 2684 esse
1262 2657 1351 2690 eos,
1379 2641 1451 2682 sed
1475 2641 1697 2686 Romanos,

351 2700 445 2740 inde
481 2702 698 2751 oriundos,
747 2703 841 2744 inde
876 2704 918 2744 in
953 2703 1133 2744 colonias
1169 2709 1291 2756 atque
1333 2703 1374 2742 in
1415 2716 1559 2755 agrum
1593 2698 1700 2740 bello
