1815 3184
459 231 612 265 LIBER
637 230 786 273 XXVI,
811 230 864 263 26.
885 230 939 263 27.
969 232 1016 273 [a.
1034 229 1070 263 C.
1086 229 1258 272 211210]
1462 218 1546 260 295

189 336 318 379 Siculi
353 336 395 376 in
431 341 618 377 senatum
654 334 975 375 introducantur.
1036 333 1229 374 dilectum
1265 347 1391 387 prope
1428 347 1452 372 a
1482 331 1543 372 M.
1569 344 1588 372 8

189 398 382 441 Cornelio
412 413 486 452 per
517 403 644 438 totam
678 395 862 437 Siciliam
892 394 1098 444 habitum,
1135 401 1180 435 ut
1210 409 1335 448 quam
1365 393 1545 449 plurumi

187 468 377 516 questum
414 461 464 501 de
503 474 546 500 se
576 459 753 500 Romam
789 458 991 507 venireut3
1039 457 1212 498 eundem
1250 457 1393 498 litteris
1429 455 1544 497 falsis

187 524 331 564 urbem
355 522 553 577 inplesse,
591 520 745 562 bellum
774 520 816 560 in
842 519 983 561 Sicilia
1015 534 1125 569 esse,
1164 528 1208 559 ut
1234 534 1350 559 suam
1380 519 1543 560 laudem

187 586 356 626 minuat.
416 583 615 625 moderati
651 583 777 624 animi
812 582 983 638 gloriam
1021 597 1069 623 eo
1100 582 1165 622 die
1197 582 1369 636 adeptus
1401 579 1544 621 consul
1571 592 1588 620 9

190 654 378 688 senatum
403 646 575 694 dimisit3
613 659 661 686 ac
685 659 812 699 prope
838 644 1038 685 iustitium
1064 643 1248 684 omnium
1273 657 1410 683 rerum
1434 641 1545 682 futu-

188 725 278 750 rum
315 708 548 757 videbatur,
598 708 728 748 donec
764 706 865 747 alter
901 706 1044 747 consul
1081 706 1133 746 ad
1169 704 1314 746 urbem
1350 704 1542 745 venisset.

189 772 334 819 otium,
372 777 416 811 ut
442 769 561 818 solet,
600 769 791 810 excitavit
816 767 947 822 plebis
979 782 1181 808 rumores:
1219 766 1316 808 belli
1346 765 1546 807 diuturni·
1574 779 1613 807 10

189 840 314 874 tatem
340 839 378 873 et
403 838 584 872 vastatos
616 845 737 886 agros
764 830 870 870 circa
895 829 1056 878 urbem,
1094 844 1176 882 qua
1206 828 1357 869 infesto
1382 829 1546 884 agmine

188 896 288 936 isset
324 893 560 942 Hannibal,
610 893 853 933 exhaustam
891 891 1106 932 dilectibus
1144 891 1307 931 Italiam
1344 898 1383 931 et
1419 905 1546 945 prope

188 956 405 1010 quotannis
432 970 574 996 caesos
601 954 802 995 exercitus
829 952 1122 1006 querebantur,
1150 960 1191 993 et
1215 952 1405 993 consules
1432 952 1547 993 belli·
1576 966 1610 992 11

189 1034 307 1061 cosos
339 1018 460 1059 ambo
491 1018 599 1057 viros
631 1030 827 1069 acresque
859 1015 979 1055 nimis
1013 1022 1052 1055 et
1077 1014 1234 1055 seroces
1261 1021 1437 1063 creatos,
1475 1014 1546 1067 qui

187 1081 253 1121 vel
277 1081 318 1120 in
343 1094 443 1134 paee
470 1078 687 1131 tranquilla
712 1077 864 1118 bellum
896 1076 1073 1117 excitare
1099 1083 1287 1130 possent,
1326 1076 1479 1116 nedum
1504 1076 1545 1115 iu

188 1141 293 1183 bello
318 1141 517 1194 respirare
543 1140 750 1180 civitatem
774 1138 909 1179 forent
934 1138 1108 1192 passuri.

270 1202 466 1243 XXVII.
527 1201 749 1255 Interrupit
774 1200 848 1241 hos
876 1215 1084 1241 sermones
1110 1207 1247 1248 nocte,
1285 1214 1390 1253 quae
1416 1199 1544 1253 pridie
1574 1213 1587 1240 1

187 1264 471 1319 Quinquatrus
496 1263 592 1313 fuit,
630 1263 815 1318 pluribus
843 1263 965 1303 simul
989 1262 1089 1303 locis
1115 1262 1223 1303 circa
1248 1261 1383 1302 forum
1408 1262 1547 1302 incen-

187 1328 300 1368 dium
337 1334 483 1368 ortum.
567 1327 712 1367 eodem
749 1333 933 1380 tempore
975 1332 1131 1379 septem
1174 1324 1391 1373 tabernae,
1441 1338 1546 1377 quae

186 1397 330 1444 postea
354 1389 552 1442 quinque,
591 1395 630 1428 et
661 1388 933 1443 argentariae,
973 1402 1078 1441 quae
1109 1401 1218 1428 nune
1248 1401 1380 1428 novae
1406 1386 1546 1441 appel-

187 1452 337 1499 lantur,
365 1465 513 1491 arsere.
562 1451 844 1504 conprehensa
868 1456 1012 1504 postea
1036 1450 1197 1504 privata
1221 1449 1408 1490 aedificia
1426 1475 1458 1478 —
1476 1464 1547 1489 ne-

188 1527 267 1566 que
293 1513 401 1553 enim
427 1519 515 1552 tum
544 1511 739 1553 basilicae
771 1519 885 1553 erant
903 1537 953 1561 —,
992 1512 1297 1566 conprehensae
1322 1511 1546 1552 lautumiae

188 1575 405 1628 forumque
430 1574 694 1628 piscatorium
720 1580 759 1615 et
784 1574 932 1614 atrium
956 1574 1129 1629 regium.
1168 1574 1281 1614 aedis
1295 1573 1450 1614 Vestae
1476 1574 1545 1613 vix
1572 1585 1589 1612 4

189 1637 400 1678 defensast
424 1637 619 1677 tredecim
645 1636 822 1678 maxime
849 1651 1059 1677 servorum
1085 1650 1225 1690 opera,
1253 1636 1322 1688 qui
1347 1636 1389 1676 in
1413 1634 1547 1689 publi-

190 1714 284 1740 cum
319 1699 519 1753 redempti
555 1713 602 1739 ac
639 1713 763 1739 manu
799 1698 914 1739 missi
951 1705 1057 1739 suut.
1119 1704 1237 1738 nocte
1273 1712 1320 1738 ac
1353 1697 1418 1737 die
1451 1711 1548 1737 cou-

189 1763 390 1803 tinuatum
427 1761 661 1802 incendium
697 1761 793 1810 fuit3
836 1775 910 1801 nec
947 1760 1018 1800 ulli
1050 1759 1220 1801 dubium
1251 1766 1336 1800 erat
1367 1760 1547 1800 humana
1573 1772 1591 1800 5

190 1824 232 1865 id
257 1823 399 1864 fraude
425 1824 580 1864 factum
612 1838 721 1872 esse,
759 1823 870 1876 quod
899 1822 1086 1877 pluribus
1118 1822 1239 1863 simul
1269 1822 1388 1871 locis,
1427 1828 1465 1862 et
1495 1821 1545 1862 iis

189 1887 379 1935 diversis,
406 1887 523 1942 ignes
549 1886 676 1926 coorti
701 1893 851 1927 essent.
900 1886 1037 1938 itaque
1064 1885 1206 1926 consul
1232 1899 1281 1925 ex
1307 1884 1545 1925 auctoritate
1573 1898 1590 1925 <5

190 1956 355 1990 senatus
381 1964 454 2003 pro
480 1948 668 1989 contione
695 1948 838 1996 edixit,
878 1947 948 2000 qui
978 1962 1152 2000 quorum
1178 1961 1300 2001 opera
1330 1946 1372 1987 id
1397 1945 1548 1987 confia-

190 2018 277 2051 tum
300 2010 535 2051 incendium
566 2010 841 2064 profiteretur,
886 2009 1112 2063 praemium
1143 2008 1230 2049 fore
1261 2008 1389 2049 libero
1424 2022 1549 2062 pecu-

190 2073 318 2121 niam,
357 2087 475 2113 servo
499 2071 742 2113 libertatem,
804 2086 851 2111 eo
882 2071 1063 2125 praemio
1094 2071 1285 2111 inductus
1313 2069 1548 2124 Campano-

190 2149 281 2174 rum
314 2133 577 2175 Calaviorum
609 2149 752 2175 servus
777 2158 809 2162 -
834 2133 987 2173 Manus
1020 2133 1057 2173 ei
1088 2147 1240 2173 nomen
1276 2139 1360 2173 erat
1386 2156 1418 2159 —
1442 2132 1547 2172 indi-

191 2196 299 2236 cavit
323 2195 510 2237 dominos
536 2203 576 2237 et
600 2196 780 2250 quinque
806 2202 1016 2249 praeterea
1041 2195 1211 2235 iuvenes
1236 2193 1395 2235 nobiles
1423 2193 1547 2235 Can]-

191 2271 338 2311 panos,
365 2271 539 2310 quorum
564 2264 753 2312 parentes
774 2256 863 2310 aQ.
878 2256 1026 2297 Fulvio
1053 2256 1186 2297 securi
1210 2256 1394 2310 percussi
1420 2262 1546 2305 erant,

190 2319 231 2359 id
256 2319 489 2359 incendium
514 2319 663 2360 fecisse
694 2320 902 2374 vulgoque
932 2318 1114 2360 facturos
1146 2318 1244 2367 alia,
1282 2318 1323 2358 ni
1349 2333 1549 2372 conpren-

191 2381 350 2421 dantur.
411 2381 680 2435 conprehensi
716 2381 796 2435 ipsi
832 2381 1093 2434 familiaeque
1130 2395 1284 2422 eorum.
1345 2386 1385 2420 et
1415 2380 1547 2434 primo
1573 2392 1592 2422 8

191 2441 427 2483 elevabatur
473 2443 596 2483 index
643 2443 940 2496 indiciumque:
988 2443 1118 2498 pridie
1167 2457 1259 2483 eum
1308 2441 1547 2483 verberibus

191 2505 436 2559 castigatum
461 2504 512 2546 ab
538 2505 714 2546 dominis
747 2505 1006 2555 discessisse,
1044 2520 1117 2560 per
1140 2505 1243 2546 iram
1268 2519 1316 2545 ac
1340 2504 1547 2545 levitatem

191 2581 241 2606 ex
277 2581 320 2606 re
356 2566 524 2607 fortuita
559 2567 712 2608 crimen
749 2574 1038 2608 commentum.
1112 2574 1292 2608 ceterum
1328 2573 1373 2607 ut
1409 2581 1545 2607 coram
1573 2579 1590 2609 9

191 2627 518 2683 coarguebantur
543 2635 581 2669 et
607 2630 794 2682 quaestio
820 2645 870 2670 ex
896 2630 1091 2671 ministris
1122 2629 1316 2670 facinoris
1348 2628 1437 2670 foro
1463 2644 1547 2669 me-

190 2689 257 2730 dio
294 2689 434 2731 haberi
470 2697 614 2745 coepta
650 2698 729 2741 est,
773 2691 875 2733 fassi
912 2707 1073 2741 omnes,
1123 2698 1244 2746 atque
1280 2691 1323 2732 in
1359 2690 1546 2732 dominos

1573 1336 1590 1365 10

1574 1461 1591 1489 00

1575 2083 1590 2111 ⁸1
