1815 3184
422 224 576 260 LIBER
600 222 767 268 XXVII,
794 221 848 256 42.
867 221 921 255 43.
950 219 1147 266 [a.c.207]
1376 206 1458 250 373

116 331 499 379 obambulaverant,
542 335 657 384 parte
693 326 778 368 ulla
813 325 1023 373 cernebat,
1061 323 1221 364 duobus
1253 320 1458 375 equitibus

116 393 373 450 speculatum
413 391 457 432 in
500 398 635 431 castra
675 387 914 444 praemissis
956 392 1177 442 postquam
1226 384 1325 425 satis
1373 389 1462 423 tuta

115 456 254 498 onmia
283 470 375 497 esse
407 454 667 509 exploratum
691 459 772 500 est,
803 450 945 491 inferri
971 450 1090 503 signa
1113 447 1251 496 iussit,
1284 452 1462 487 tantum·
1489 459 1528 489 13

116 533 194 572 que
220 517 276 558 ibi
300 523 502 565 moratus,
529 516 627 555 dum
652 514 803 554 milites
830 513 882 554 ad
905 512 1104 567 praedam
1123 510 1374 558 discurrunt,
1399 522 1463 548 re-

115 580 252 635 ceptui
289 579 436 620 deinde
468 577 614 618 cecinit
643 576 853 629 multoque
884 582 978 615 ante
1007 581 1172 614 noctem
1202 571 1341 626 copias
1371 570 1464 611 red-

116 643 244 683 duxit.
281 649 446 698 postero
467 641 531 681 die
550 639 684 695 prima
701 639 791 679 luce
811 638 1041 693 profectus,
1066 635 1229 690 magnis
1248 633 1462 675 itineribus
1490 645 1531 675 14

115 706 270 746 famam
300 712 341 745 et
364 703 541 757 vestigia
565 701 741 757 agminis
769 715 945 753 sequens
972 699 1084 739 haud
1107 697 1252 753 procul
1275 695 1465 739 Venusia

115 767 278 808 hostem
310 765 560 818 adsequitur.
618 763 675 804 ibi
712 777 874 816 quoque
910 760 1175 802 tumultuaria
1203 773 1345 814 pugna
1374 757 1464 807 fuit,

117 844 243 884 supra
274 829 354 868 duo
386 827 499 867 milia
521 827 759 868 Poenorum
791 838 924 865 caesa.
983 823 1078 864 inde
1109 821 1320 863 nocturnis
1349 835 1468 861 mon—

116 891 305 944 tanisque
341 889 555 930 itineribus
591 888 778 936 Poenus,
823 902 874 927 ne
910 886 1047 927 locum
1081 883 1296 940 pugnandi
1337 883 1465 932 daret,

115 953 406 1008 BIetapontum
430 951 559 1006 petiit.
607 952 762 991 Hanno
787 949 882 989 inde
901 948 987 989 -is
1013 948 1123 988 enim
1146 946 1352 1002 praesidio
1379 945 1465 987 eius

115 1015 195 1056 loci
229 1014 464 1069 praefuerat
487 1038 520 1042 —
550 1012 593 1052 in
621 1011 808 1052 Bruttios
845 1025 938 1050 cum
973 1009 1117 1064 paucis
1155 1009 1208 1049 ad
1242 1008 1467 1049 exercitum

115 1091 269 1117 novum
305 1075 627 1129 comparandum
663 1073 837 1122 missus,
873 1071 1087 1112 Hannibal
1123 1070 1252 1125 copiis
1290 1069 1378 1110 eius
1416 1069 1469 1109 ad

116 1153 212 1179 suas
250 1137 399 1177 additis
435 1135 668 1179 Venusiam
707 1142 816 1175 retro
860 1134 1009 1187 quibus
1046 1139 1216 1173 venerat
1251 1131 1467 1172 itineribus

113 1199 294 1255 repetiit,
321 1207 443 1252 atque
468 1198 563 1238 inde
591 1196 822 1238 Canusium
846 1195 1045 1250 procedit.
1105 1208 1333 1247 numquam
1356 1194 1466 1234 Nero

115 1261 301 1316 vestigiis
334 1260 464 1301 hostis
497 1260 712 1300 abstiterat
736 1268 777 1300 et
802 1258 855 1310 Q.
881 1258 1096 1307 Fulvium,
1129 1271 1223 1297 cum
1246 1255 1469 1311 1110101100-

116 1330 203 1364 tum
237 1324 327 1378 ipse
362 1323 703 1378 proficisceretur,
739 1321 782 1362 in
811 1322 1029 1370 Lucanos,
1066 1334 1118 1361 ne
1148 1318 1263 1374 regio
1295 1333 1345 1359 ea
1380 1317 1468 1358 sine

115 1386 322 1441 praesidio
348 1392 477 1435 esset,
510 1385 765 1426 arcessierat.

200 1447 478 1488 XXXXIH.
537 1447 652 1488 Inter
676 1447 778 1487 haec
804 1447 855 1487 ab
880 1444 1165 1494 Hasdrubale,
1197 1450 1419 1499 postquam
1446 1457 1470 1483 a

115 1509 354 1553 Placentiae
396 1509 610 1550 obsidione
653 1508 873 1558 abscessit,
917 1514 1109 1561 quattuor
1148 1506 1260 1548 Galli
1296 1505 1468 1558 equites,

118 1573 198 1613 duo
223 1571 426 1613 Numidae
458 1585 552 1611 cum
580 1571 725 1611 litteris
752 1570 870 1611 missi
895 1570 947 1610 ad
971 1568 1253 1609 Hannibalem
1279 1582 1373 1608 cum
1396 1582 1470 1621 per

117 1634 298 1675 medium
323 1633 485 1674 hostem
510 1640 638 1674 totam
662 1633 792 1673 ferme
817 1631 1118 1687 longitudinem
1140 1630 1287 1670 Italiae
1312 1628 1470 1670 emensi

118 1704 276 1745 essent,
304 1696 402 1736 dum
424 1696 717 1750 bletapontum
742 1695 957 1735 cedentem
982 1691 1266 1733 Hannibalem
1291 1705 1469 1744 sequun-

118 1766 196 1807 tur,
221 1758 387 1798 incertis
412 1758 627 1798 itineribus
653 1757 881 1797 Tarentum
907 1755 1032 1796 delati
1057 1770 1081 1795 a
1105 1754 1223 1809 vagis
1249 1768 1322 1809 per
1348 1767 1470 1809 agros

117 1821 426 1876 pabulatoribus
451 1821 652 1861 Romanis
678 1820 731 1860 ad
756 1818 958 1872 Quintum
984 1817 1206 1859 Claudium
1230 1822 1470 1872 propraeto-

116 1899 205 1925 rem
230 1884 500 1924 deducuntur.
560 1898 655 1924 eum
679 1882 811 1937 primo
837 1880 1003 1922 incertis
1028 1880 1273 1934 inplicantes
1298 1892 1470 1932 respon-

119 1946 193 1995 sis,
230 1954 276 1986 ut
305 1953 439 1986 metus
470 1952 768 1986 tormentorum
805 1944 995 1984 admotus
1033 1941 1154 1983 fateri
1188 1956 1288 1982 vera
1322 1939 1470 1994 coegit,

119 2009 389 2058 edocuerunt,
432 2008 589 2049 litteras
629 2022 673 2048 se
710 2007 761 2047 ab
797 2004 1064 2046 Hasdrubale
1101 2004 1154 2045 ad
1189 2002 1472 2044 Hannibalem

119 2071 239 2112 ferre.
300 2085 393 2111 cum
428 2070 478 2111 iis
514 2070 659 2110 litteris
697 2069 802 2110 sicut
838 2074 955 2109 erant
987 2066 1159 2122 signatis
1191 2066 1245 2107 L.
1269 2063 1471 2119 Verginio

120 2133 282 2173 tribuno
313 2133 489 2173 militum
520 2132 696 2173 ducendi
728 2132 781 2172 ad
807 2130 1030 2172 Claudium
1061 2129 1273 2170 consulem
1304 2127 1473 2167 tradun-

120 2203 196 2235 tur.
257 2195 361 2236 duae
393 2195 515 2235 simul
545 2202 703 2235 turmae
730 2192 979 2234 Samnitium
1003 2190 1198 2247 praesidii
1223 2204 1350 2230 causa
1373 2187 1472 2229 mis-

121 2273 203 2298 sae.
264 2257 333 2310 qui
361 2257 432 2297 ubi
458 2257 511 2297 ad
535 2256 747 2297 consulem
771 2261 1049 2311 pervenerunt
1073 2253 1315 2305 litteraeque
1340 2251 1471 2292 lectae

120 2335 192 2375 per
228 2318 494 2374 interpretem
530 2326 625 2359 sunt
661 2326 701 2359 et
737 2333 789 2359 ex
826 2317 999 2372 captivis
1036 2314 1316 2371 percunctatio
1349 2313 1471 2362 facta,

120 2392 206 2422 tum
227 2379 426 2423 Claudius
452 2397 535 2423 11011
558 2382 601 2422 id
625 2388 788 2436 tempus
815 2395 908 2422 csse
932 2379 992 2420 rei
1015 2378 1204 2434 publicae
1229 2384 1364 2426 ratus,
1391 2390 1471 2429 quo

121 2445 302 2486 consiliis
339 2445 555 2487 ordinariis
592 2444 828 2500 provinciae
866 2457 964 2484 suae
1002 2442 1175 2495 quisque
1210 2440 1362 2481 finibus
1399 2454 1471 2493 per

121 2508 325 2549 exercitus
369 2523 465 2549 suos
509 2521 602 2548 cum
645 2506 763 2548 hoste
806 2505 1010 2547 destinato
1048 2505 1099 2545 ab
1137 2511 1283 2544 senatu
1318 2501 1472 2543 bellum

120 2579 299 2627 gereret:
327 2571 563 2612 audendum
585 2569 740 2623 aliquid
757 2567 1032 2623 inprovisum,
1058 2566 1333 2621 inopinatum,
1360 2563 1471 2618 quod

120 2641 312 2688 coeptum
342 2649 425 2675 non
454 2633 655 2674 minorem
687 2639 787 2686 aput
818 2630 929 2671 cives
962 2644 1085 2683 quam
1116 2627 1246 2669 hostis
1272 2634 1469 2668 terrorem

119 2697 292 2748 faceret,
316 2703 597 2753 perpetratum
621 2694 664 2735 in
682 2709 879 2750 magnam
897 2692 1096 2734 laetitiam
1115 2706 1166 2733 ex
1185 2705 1337 2745 magno
1357 2696 1470 2730 metu

1493 770 1532 800 15

1494 956 1533 986 16

1495 1204 1532 1234 17

1494 1703 1512 1732 10

1498 2389 1516 2418 6

1497 2577 1513 2605 7
