1815 3184
282 197 338 238 40
603 206 757 241 LIBER
781 207 892 249 XXI,
918 207 974 240 47.
994 206 1048 240 48.
1077 208 1124 249 [a.
1139 217 1173 240 u.
1190 217 1220 240 e.
1233 206 1315 250 536]

241 327 256 354 7
282 309 466 363 Magone
493 310 648 362 equites
674 309 959 363 Hispanorum
985 308 1198 362 expeditos
1224 309 1485 363 praemissos.
1541 311 1637 351 dum

282 371 513 419 Hannibal,
552 371 660 410 circa
692 371 844 410 flumen
876 369 1150 424 legationibus
1178 369 1392 412 Gallorum
1423 372 1637 413 audiendis

281 441 481 480 moratus,
520 432 651 471 traicit
687 432 854 485 gravius
892 432 1075 485 peditum
1113 448 1280 487 agmen,
1319 433 1479 473 interim
1509 433 1638 489 Mago

281 495 521 547 equitesque
554 493 605 534 ab
637 494 811 534 transitu
842 493 1022 534 fluminis
1055 495 1119 535 die
1152 496 1272 535 unius
1299 495 1441 535 itinere
1466 495 1639 536 Placen-

281 557 378 596 tiam
403 556 455 596 ad
480 555 619 596 hostes
647 555 910 596 contendunt.
970 555 1181 597 Hannibal
1208 557 1349 611 paucis
1374 564 1468 611 post
1493 557 1637 598 diebus

281 632 353 657 sex
379 617 491 657 milia
516 633 539 658 a
564 617 776 657 Placentia
802 625 936 658 castra
961 619 1229 658 communivit
1255 625 1294 659 et
1318 626 1482 672 postero
1508 619 1572 658 die
1597 619 1638 659 in

280 688 504 733 conspectu
528 679 710 719 hostium
736 679 823 720 acie
848 679 1012 720 derecta
1036 687 1281 734 potestatem
1306 695 1469 735 pugnae
1496 680 1603 721 feeit.

365 741 683 782 XXXXVIH.
735 741 975 794 Insequenti
1002 749 1121 783 nocte
1147 743 1293 783 caedes
1319 743 1360 782 in
1386 743 1529 783 castris
1554 741 1638 783 Ro-

279 804 430 853 manis,
468 803 647 844 tumultu
682 812 821 844 tamen
857 819 981 857 quam
1018 819 1060 844 re
1098 805 1239 854 maior,
1283 804 1334 845 ab
1371 804 1637 845 auxiliaribus

281 864 413 907 Gallis
440 866 549 906 facta
575 872 648 906 est.
692 866 744 906 ad
770 866 851 906 duo
879 866 989 906 milia
1015 866 1196 920 peditum
1225 874 1263 907 et
1289 867 1453 907 (lucenti
1479 866 1637 919 equites

278 927 472 982 vigilibus
499 927 551 968 ad
576 934 715 981 portas
741 928 952 968 trucidatis
974 928 1026 968 ad
1045 927 1324 968 Hannibalem
1346 928 1636 982 transfugiunt,

278 1004 382 1042 quos
402 989 568 1029 Poenus
589 988 767 1044 benigne
787 989 1000 1030 adlocutus
1022 996 1061 1030 et
1086 1004 1157 1044 spe
1184 990 1412 1044 ingentium
1438 990 1637 1030 donorum

279 1066 474 1092 accensos
500 1052 541 1091 in
567 1051 752 1092 civitates
778 1066 983 1104 quemque
1010 1067 1105 1092 suas
1132 1052 1183 1092 ad
1210 1051 1487 1092 sollicitandos
1507 1066 1637 1105 popu-

277 1113 423 1153 larium
454 1113 612 1154 animos
645 1114 810 1154 (limisit.
874 1113 1014 1168 Scipio
1051 1114 1216 1154 caedem
1250 1128 1340 1154 eam
1372 1114 1535 1168 signum
1568 1113 1637 1154 de-

278 1171 466 1215 fectionis
505 1175 688 1214 omnium
727 1173 940 1216 Gallorum
979 1190 1070 1215 esse
1107 1182 1220 1216 ratus
1260 1182 1552 1228 contactosque
1589 1189 1636 1215 eo

280 1235 432 1277 scelere
469 1236 580 1276 velut
615 1236 764 1277 iniecta
799 1236 911 1277 rabie
947 1237 999 1277 ad
1036 1253 1148 1277 arma
1191 1237 1337 1286 ituros,
1386 1251 1636 1290 quamquam

277 1299 416 1353 gravis
453 1298 587 1339 adhuc
624 1299 792 1339 vulnere
831 1306 934 1347 erat,
978 1306 1114 1339 tamen
1150 1307 1294 1352 quarta
1329 1298 1469 1353 vigilia
1504 1299 1635 1339 noctis

276 1360 530 1413 insequentis
562 1360 685 1401 tacito
718 1360 882 1415 agmine
913 1360 1121 1416 profectus
1155 1361 1207 1400 ad
1240 1360 1434 1401 Trebiam
1465 1360 1635 1400 fluvium

277 1422 357 1462 iam
400 1422 441 1461 in
482 1421 572 1462 loca
614 1421 757 1462 altiora
793 1421 990 1474 collisque
1027 1422 1305 1475 impeditiores
1343 1422 1467 1474 equiti
1504 1429 1637 1462 castra

278 1491 427 1524 movet.
477 1484 612 1524 minus
639 1498 762 1536 quam
788 1484 840 1524 ad
866 1483 1057 1524 Ticinum
1084 1484 1246 1533 fefellit3
1275 1484 1494 1537 missisque
1519 1483 1634 1524 Han-

278 1545 389 1585 nibal
422 1545 598 1599 primum
629 1545 839 1594 Numidis,
880 1545 1027 1585 deinde
1064 1546 1174 1586 omni
1211 1546 1394 1599 equitatu
1431 1544 1637 1586 turbasset

276 1608 417 1660 utiquc
447 1607 718 1648 novissimum
753 1622 920 1661 agmen,
953 1608 994 1648 ni
1020 1608 1212 1648 aviditate
1237 1608 1414 1662 praedae
1439 1608 1480 1647 in
1506 1622 1637 1648 vacua

277 1669 466 1710 Romana
497 1676 631 1710 castra
661 1669 865 1710 Numidae
897 1670 1181 1711 devertissent.
1232 1669 1289 1710 ibi
1320 1669 1418 1709 dum
1449 1684 1636 1723 perscru-

277 1738 409 1771 tantes
435 1730 525 1771 loca
551 1731 687 1772 onmia
713 1740 940 1772 castrorum
968 1731 1079 1773 nullo
1107 1732 1205 1772 satis
1231 1732 1357 1786 digno
1383 1746 1520 1772 morae
1544 1746 1637 1785 pre-

276 1793 332 1833 tio
358 1801 519 1846 tempus
546 1800 697 1841 terunt,
727 1793 902 1834 emissus
929 1793 1057 1834 hostis
1085 1801 1146 1834 est
1172 1793 1221 1834 de
1242 1793 1454 1843 manibus,
1482 1800 1634 1834 etcum

276 1855 358 1895 iam
395 1862 677 1909 transgressos
718 1855 911 1896 Trebiam
942 1855 1153 1896 Romanos
1191 1856 1463 1908 metantisque
1501 1862 1636 1895 castra

277 1917 608 1970 conspexissent,
641 1931 796 1970 paucos
823 1924 1071 1957 moratorum
1098 1917 1333 1957 occiderunt
1359 1917 1458 1957 citra
1482 1917 1635 1957 flumen

276 1978 536 2032 interceptos.
583 1977 724 2033 Scipio
749 1993 824 2019 nec
850 1979 1109 2019 vexationem
1135 1979 1313 2019 vulneris
1341 1979 1382 2018 in
1407 1979 1474 2018 via
1498 1978 1634 2018 iactati

275 2040 381 2080 ultra
415 2041 574 2095 patiens
612 2048 652 2081 et
688 2041 888 2095 collegam
919 2066 952 2069 —
981 2041 1064 2081 iam
1101 2041 1209 2081 enim
1247 2048 1286 2081 et
1315 2048 1551 2081 revocatum
1584 2055 1633 2080 ex

278 2101 419 2143 Sicilia
444 2103 629 2143 audierat
654 2128 687 2132 —
711 2111 823 2144 ratus
857 2103 1175 2157 expectandum,
1212 2102 1368 2151 locum,
1406 2102 1476 2155 qui
1507 2117 1633 2156 prope

275 2164 426 2204 flumen
459 2165 688 2206 tutissimus
717 2165 875 2206 stativis
903 2172 965 2206 est
992 2165 1120 2213 visus,
1153 2164 1356 2205 delectum
1383 2164 1631 2205 communiit.

274 2241 350 2267 nec
371 2227 512 2281 procul
533 2228 626 2267 inde
641 2227 852 2268 Hannibal
874 2243 966 2268 cum
988 2228 1261 2277 consedisset,
1287 2234 1486 2281 quantum
1506 2227 1634 2267 victo-

276 2289 335 2329 ria
355 2289 534 2342 equestri
554 2289 698 2339 elatus,
725 2297 883 2330 tantum
904 2290 1050 2330 anxius
1071 2290 1221 2344 inopia,
1249 2304 1353 2343 quae
1368 2304 1440 2343 per
1453 2289 1633 2330 hostium

276 2366 396 2405 agros
418 2360 580 2392 euntem
607 2367 811 2405 nusquam
837 2352 1089 2406 praeparatis
1117 2351 1413 2393 commeatibus
1441 2351 1569 2392 maior
1591 2351 1633 2390 in

276 2413 362 2453 dies
390 2414 637 2467 excipiebat,
669 2414 722 2454 ad
748 2413 996 2455 Clastidium
1021 2415 1176 2463 vicum,
1208 2429 1289 2468 quo
1320 2428 1518 2468 magnum
1550 2412 1634 2452 fru-

275 2475 401 2515 menti
438 2491 654 2516 numerum
691 2483 984 2531 congesserant
1019 2476 1216 2525 Romani,
1253 2476 1386 2516 mittit.
1446 2474 1503 2515 ibi
1539 2489 1630 2515 curn

277 2537 360 2575 vim
396 2544 604 2590 pararent,
649 2553 743 2592 spes
780 2538 889 2578 sacta
924 2538 1185 2592 proditionis,
1229 2552 1304 2578 nec
1341 2551 1438 2579 sane
1481 2550 1631 2590 magno

276 2598 426 2651 pretio,
464 2600 642 2640 nummis
680 2600 813 2640 aureis
850 2599 1180 2653 quadringentis,
1217 2599 1350 2639 Dasio
1381 2597 1631 2638 Brundisino

276 2659 484 2712 praefecto
508 2661 686 2715 praesidi
712 2669 900 2716 corrupto
928 2661 1099 2702 traditur
1122 2661 1350 2703 Hannibali
1371 2659 1627 2701 Clastidium.
