1815 3184
267 354 286 384 8

267 600 283 628 9

246 721 284 750 10

245 906 281 934 11

247 1275 285 1303 13

245 1520 284 1548 14

244 1704 282 1733 15

264 1890 282 1918 [ό

265 2139 270 2146 ι

265 2151 281 2165 ι)

264 2260 283 2288 4

311 229 395 269 402
590 236 744 270 LIBER
768 213 952 280 ΧΧἯΠ,
980 237 1100 270 1017.
1128 238 1228 280 [a.u.
1245 236 1369 276 e.548]

314 349 420 380 sunt.
470 339 543 378 sed
568 338 728 379 obsidio
753 338 794 378 in
819 338 910 379 loco
935 339 1046 380 nudo
1069 346 1190 392 atque
1215 338 1328 393 inopi
1352 339 1422 379 vix
1445 340 1488 379 in
1505 356 1659 394 paucos

312 401 399 440 dies
419 400 641 440 tolerabilis
663 407 767 448 erat,
793 400 930 452 itaque
956 400 1220 441 transitiones
1242 401 1295 440 ad
1315 400 1476 441 hostem
1494 402 1659 444 fiebant.

309 469 519 515 postremo
563 462 646 501 dux
687 461 777 516 ipse
819 462 994 502 navibus
1038 461 1178 502 accitis
1207 486 1242 490 —
1270 476 1346 502 nec
1388 463 1532 516 procul
1566 463 1660 505 inde

311 523 452 562 aberat
498 537 611 563 mare
642 548 674 551 —
703 531 824 563 nocte
872 523 1013 564 relicto
1061 523 1244 564 exercitu
1286 523 1416 564 Gadis
1466 524 1660 579 perfugit.

312 582 452 638 Scipio
490 584 590 638 fuga
627 584 741 625 ducis
778 585 959 626 hostium
992 585 1131 625 audita
1162 585 1305 626 decem
1335 585 1447 625 milia
1465 587 1660 640 peditum,

309 646 419 686 mille
452 646 610 699 equites
641 646 834 699 relinquit
866 646 1009 687 Silano
1042 647 1094 687 ad
1125 654 1354 687 castrorum
1384 647 1660 697 obsidionem,

310 708 398 763 ipse
437 724 531 749 cum
568 709 713 750 ceteris
752 709 881 764 copiis
920 709 1267 764 septuagensimis
1300 710 1444 750 castris
1474 711 1660 765 protinus

309 771 444 811 causis
469 772 705 826 regulorum
733 772 1039 824 civitatiumque
1066 772 1384 826 cognoscendis,
1410 780 1456 812 ut
1479 770 1663 826 praemia

311 833 362 873 ad
387 848 527 873 veram
553 833 791 874 meritorum
813 833 1140 874 aestimationem
1159 833 1282 873 tribui
1302 841 1485 888 possent,
1511 833 1662 873 Tarra-

311 909 455 935 conem
497 895 630 935 rediit.
700 902 795 949 post
836 894 1134 948 profectionem
1175 895 1262 935 eius
1298 894 1528 935 blasinissa
1569 909 1663 935 cum

312 955 454 996 Silano
480 956 586 996 clam
612 971 880 1010 congressus,
906 964 952 996 ut
977 957 1029 996 ad
1053 972 1162 997 nova
1187 957 1357 998 consilia
1376 964 1542 1011 gentem
1562 971 1662 1009 quo-

310 1033 388 1071 que
415 1033 531 1058 suam
558 1018 845 1059 oboedientem
871 1018 1060 1067 haberet,
1099 1033 1192 1058 cum
1222 1019 1364 1073 paucis
1394 1019 1661 1073 popularibus

311 1079 353 1119 in
377 1079 567 1119 Africam
592 1080 768 1129 traiecit,
795 1095 877 1120 non
902 1089 986 1120 tam
1014 1080 1193 1120 evidenti
1219 1095 1266 1121 eo
1292 1088 1475 1135 tempore
1503 1079 1662 1120 subitae

312 1141 549 1181 mutationis
577 1156 719 1190 causa,
758 1156 882 1194 quam
914 1142 1160 1182 documento
1192 1150 1287 1196 post
1310 1142 1353 1181 id
1378 1150 1540 1196 tempus
1567 1156 1663 1181 con-

312 1203 567 1243 stantissima
604 1204 656 1242 ad
691 1203 877 1243 ultimam
909 1211 1118 1244 senectam
1148 1204 1246 1251 fide,
1295 1218 1346 1244 ne
1377 1211 1465 1243 tum
1495 1203 1661 1255 quidem

312 1280 405 1305 eum
431 1265 518 1304 sine
543 1265 746 1319 probabili
772 1279 897 1305 causa
921 1265 1084 1305 fecisse.
1122 1265 1253 1319 Blago
1278 1265 1373 1305 inde
1398 1265 1582 1305 remissis
1610 1264 1660 1303 ab

309 1327 576 1367 Hasdrubale
606 1327 781 1367 navibus
809 1326 939 1368 Gadis
971 1327 1090 1381 petit,
1129 1328 1252 1367 ceteri
1284 1328 1435 1367 deserti
1467 1328 1517 1367 ab
1549 1327 1662 1366 duci-

309 1384 405 1432 bus,
444 1398 539 1437 pars
566 1383 825 1432 transitione,
864 1384 965 1436 fuga
996 1383 1198 1437 dissupati
1229 1398 1301 1437 per
1326 1383 1535 1437 proximas
1562 1383 1661 1422 civi-

309 1453 413 1485 tates
453 1451 571 1493 sunt,
620 1445 733 1484 nulla
775 1459 945 1485 numero
983 1451 1053 1484 aut
1088 1445 1243 1484 viribus
1288 1460 1434 1484 manus
1471 1444 1660 1498 insignis.

309 1506 387 1546 hoc
430 1506 608 1546 maxime
651 1506 773 1546 modo
818 1506 942 1545 ductu
985 1514 1107 1558 atque
1145 1505 1328 1560 auspicio
1363 1506 1413 1546 P.
1453 1504 1661 1560 Scipionis

308 1568 416 1622 pulsi
435 1567 643 1621 Hispania
663 1566 1031 1621 Carthaginienses
1059 1575 1172 1615 sunt,
1200 1575 1344 1620 quarto
1371 1567 1528 1608 decimo
1555 1582 1661 1607 anno

308 1637 402 1683 post
432 1629 587 1669 bellum
618 1629 782 1677 initum,
821 1629 962 1681 quinto
995 1643 1119 1681 quam
1148 1629 1197 1669 P.
1232 1627 1372 1683 Scipio
1408 1628 1662 1684 provinciam

310 1698 349 1731 et
374 1691 599 1731 exereitum
626 1691 795 1745 accepit.
857 1690 967 1730 haud
991 1691 1120 1731 multo
1146 1698 1241 1745 post
1268 1690 1455 1740 Silanus,
1482 1690 1662 1732 debella-

310 1760 395 1792 tum
420 1753 623 1801 referens,
651 1752 931 1793 Tarraconem
957 1752 1009 1792 ad
1035 1751 1273 1807 Scipionem
1298 1752 1431 1793 rediit.

392 1813 541 1855 XVII.
590 1813 643 1854 L.
672 1812 812 1868 Scipio
840 1828 933 1853 cum
957 1814 1096 1854 multis
1122 1814 1329 1854 nobilibus
1356 1813 1528 1868 captivis
1557 1828 1661 1854 nun-

309 1876 387 1915 tius
431 1884 620 1930 receptae
657 1876 888 1930 Hispaniae
929 1876 1108 1916 Romam
1149 1883 1213 1916 est
1256 1876 1420 1916 missus.
1493 1882 1533 1915 et
1568 1889 1660 1915 011111

309 1937 432 1977 ceteri
467 1937 623 1977 laetitia
660 1938 872 1992 gloriaque
908 1937 1066 1991 ingenti
1098 1952 1189 1977 eam
1218 1952 1306 1978 rem
1337 1937 1462 1991 vulgo
1493 1937 1659 1983 ferrent,

308 2014 433 2047 1111115,
472 1999 541 2052 qui
566 2009 771 2053 gesserat,
810 1999 1069 2053 inexplebilis
1097 1999 1257 2039 virtutis
1283 2013 1487 2051 veraeque
1512 1997 1658 2043 laudis,

307 2076 480 2114 parvum
516 2060 646 2101 instar
683 2076 842 2109 eorum,
892 2075 997 2113 quae
1035 2075 1107 2115 spe
1145 2074 1192 2100 ac
1222 2059 1505 2115 magnitudine
1537 2058 1662 2099 animi

268 2137 280 2150 ³
309 2122 585 2177 concepisset,
621 2130 809 2176 receptas
840 2122 1069 2176 Hispanias
1107 2122 1295 2162 ducebat.
1356 2122 1438 2161 iam
1472 2120 1662 2161 Africam

308 2200 584 2239 magnamque
624 2183 921 2238 Carthaginem
960 2192 1000 2224 et
1036 2184 1077 2224 in
1115 2198 1235 2224 suum
1272 2183 1397 2223 decus
1428 2197 1660 2235 nomenque

309 2247 419 2286 velut
445 2254 771 2287 consummatam
798 2245 885 2285 eius
912 2245 1008 2285 belli
1039 2245 1213 2300 gloriam
1239 2245 1464 2299 spectabat.
1523 2244 1661 2296 itaque

307 2308 657 2362 praemoliendam
684 2307 760 2347 sibi
784 2316 897 2347 ratus
923 2307 1004 2347 iam
1029 2322 1116 2347 rem
1137 2307 1497 2359 conciliandosque
1516 2320 1662 2359 regum

308 2371 575 2423 gentiumque
613 2370 795 2417 animos,
847 2368 1085 2423 Syphacem
1127 2369 1305 2423 primum
1341 2382 1483 2422 regem
1520 2366 1661 2408 statuit

309 2440 522 2486 temptare.
582 2431 932 2471 Masaesuliorum
964 2431 998 2470 is
1030 2446 1103 2470 rex
1134 2438 1239 2470 erat:
1276 2428 1524 2477 Asasaesuli,
1558 2442 1660 2482 gens

310 2494 455 2533 adfinis
480 2494 662 2542 EIauris,
700 2493 742 2533 in
771 2492 984 2547 regionem
1011 2492 1242 2547 Hispaniae
1274 2491 1452 2531 maxime
1478 2504 1559 2543 qua
1584 2489 1662 2529 sita

309 2570 416 2595 nova
426 2554 638 2609 Carthago
659 2563 722 2596 est
743 2562 942 2609 spectant.
976 2554 1123 2594 foedus
1139 2569 1187 2594 ea
1202 2560 1446 2608 tempestate
1465 2551 1555 2606 regi
1568 2564 1658 2590 cum

312 2615 726 2670 Carthaginiensibus
748 2624 833 2656 erat
842 2633 852 2665 3
880 2616 990 2668 quod
1016 2616 1127 2655 haud
1145 2615 1312 2670 gravius
1334 2614 1371 2654 ei
1397 2613 1658 2662 sanctiusque

311 2691 434 2729 quam
471 2679 594 2733 vulgo
631 2678 837 2726 barbaris,
881 2678 1029 2730 quibus
1069 2692 1119 2717 ex
1156 2678 1321 2717 fortuna
1354 2675 1507 2729 pendet
1541 2671 1656 2717 fides,
