1815 3184
293 240 376 280 406
576 244 729 279 LIBER
752 243 940 286 XXVIII,
968 244 1020 277 19.
1042 244 1096 277 ΞΟ.
1125 246 1172 286 [a.
1188 255 1222 277 u.
1237 255 1266 277 c.
1280 244 1362 287 548]

291 349 464 395 veritus,
502 361 553 386 ne
578 345 695 386 vanis
722 345 936 386 conatibus
964 360 1132 386 suorum
1157 353 1198 386 et
1221 345 1410 387 hostibus
1443 357 1644 388 cresceret

293 410 452 450 animus
478 416 518 448 et
543 407 709 462 segnior
732 407 850 448 miles
874 407 1004 456 fieret,
1032 407 1196 448 sibimet
1221 409 1455 449 conandum
1479 423 1527 449 ac
1550 424 1645 464 par-

292 480 374 511 tem
410 469 580 524 periculi
617 469 916 523 capessendam
953 484 1045 510 esse
1075 477 1208 519 ratus,
1244 470 1445 524 increpita
1479 471 1645 525 ignavia

290 533 467 572 militum
492 531 590 571 ferri
616 531 749 572 scalas
774 530 889 571 iubet
913 538 953 571 et
978 546 1022 572 se
1047 531 1203 586 ipsum,
1243 532 1277 573 si
1302 532 1427 572 ceteri
1453 539 1646 572 cuncten-

228 609 267 637 17
293 604 376 641 tur,
415 607 683 633 escensurum
719 592 910 633 minatur.
970 592 1053 633 iam
1091 593 1273 633 subierat
1310 593 1421 633 haud
1450 593 1647 634 mediocri

292 655 474 711 periculo
498 654 682 702 moenia,
720 668 814 694 cum
840 655 994 695 clamor
1018 655 1200 708 undique
1227 656 1277 695 ab
1305 655 1488 696 sollicitis
1514 655 1647 696 vicem

291 717 548 771 imperatoris
575 716 772 757 militibus
800 717 986 757 sublatus
1009 717 1226 769 scalaeque
1251 717 1390 757 multis
1415 717 1535 757 simul
1554 733 1648 772 par-

227 792 266 822 18
292 779 401 819 tibus
439 778 542 832 erigi
578 785 760 832 coeptae.
828 785 868 818 et
903 792 954 818 ex
990 778 1118 818 altera
1152 785 1269 832 parte
1300 779 1471 819 Laelius
1508 779 1646 819 instat.

293 848 381 880 tum
413 840 520 880 victa
551 839 851 894 oppidanorum
883 840 945 879 vis
984 840 1234 892 deiectisque
1270 841 1647 896 propugnatoribus

293 908 546 956 occupantur
583 900 700 941 muri.
762 916 835 941 arx
871 901 994 942 etiam
1026 902 1077 941 ab
1109 916 1158 942 ea
1186 909 1321 955 parte,
1361 916 1441 955 qua
1475 902 1649 957 inexpu—

293 965 471 1019 gnabilis
497 964 732 1012 videbatur,
758 963 864 1004 inter
889 964 1110 1004 tumultum
1134 971 1255 1019 capta
1280 971 1355 1005 est.

251 1041 263 1068 1
377 1026 486 1067 XX.
547 1026 810 1080 Transfugae
847 1026 961 1075 Afri,
1007 1026 1076 1079 qui
1113 1033 1201 1066 tum
1235 1026 1342 1067 inter
1378 1026 1528 1067 auxilia
1563 1027 1649 1067 Ro-

293 1104 416 1129 mana
449 1096 582 1137 erant,
621 1096 662 1129 et
691 1088 909 1142 oppidanis
946 1088 988 1128 in
1019 1103 1067 1129 ea
1098 1089 1252 1129 tuenda
1281 1089 1390 1129 unde
1421 1088 1648 1143 periculum

293 1150 510 1190 videbatur
536 1150 666 1191 versis
692 1158 733 1190 et
756 1149 958 1190 Romanis
985 1150 1256 1190 subeuntibus
1289 1164 1370 1202 qua
1395 1150 1506 1190 adire
1531 1156 1647 1204 pote-

292 1219 403 1261 rant,
435 1219 740 1266 conspexerunt
765 1211 1035 1252 editissimam
1059 1211 1172 1251 urbis
1199 1218 1376 1265 partem,
1415 1226 1520 1264 quae
1544 1226 1647 1266 rupe

293 1274 478 1328 praealta
501 1274 737 1328 tegebatur,
774 1288 908 1326 neque
940 1288 1063 1328 opere
1093 1273 1177 1314 ullo
1208 1274 1409 1314 munitam
1435 1281 1475 1314 et
1500 1275 1551 1314 ab
1577 1275 1648 1314 de-

249 1348 267 1376 3
294 1336 529 1377 fensoribus
561 1351 747 1376 vacuam.
807 1336 962 1376 levium
993 1349 1211 1390 corporum
1241 1335 1428 1376 homines
1458 1343 1497 1375 et
1519 1335 1649 1375 multa

294 1397 586 1438 exercitatione
623 1397 851 1452 pernicium
888 1397 1027 1437 clavos
1066 1411 1207 1437 secum
1242 1397 1398 1437 ferreos
1432 1396 1647 1450 portantis,

294 1474 375 1513 qua
398 1475 472 1514 per
496 1460 767 1513 inaequaliter
792 1458 1015 1499 eminentia
1038 1459 1153 1513 rupis
1184 1465 1393 1513 poterant,
1433 1459 1647 1499 scandunt.

250 1533 268 1559 4
296 1521 427 1561 sicubi
463 1521 584 1561 nimis
624 1521 798 1561 arduum
835 1528 875 1560 et
910 1520 1001 1560 leve
1035 1535 1181 1560 saxum
1212 1520 1471 1568 occurrebat,
1509 1519 1648 1561 clavos

292 1599 366 1638 per
390 1584 553 1624 modica
576 1583 791 1624 intervalla
817 1584 993 1637 figentes
1015 1597 1108 1623 cum
1133 1583 1245 1623 velut
1265 1583 1418 1637 gradus
1437 1582 1648 1631 fecissent,

249 1657 266 1685 5
293 1645 414 1700 primi
453 1645 661 1698 sequentis
700 1644 952 1685 extrahentis
984 1660 1127 1694 manu,
1166 1644 1363 1699 postremi
1395 1644 1649 1686 sublevantis

295 1722 365 1747 eos
398 1707 466 1760 qui
496 1706 723 1761 praeirent,
761 1706 802 1746 in
835 1721 1041 1747 summum
1073 1707 1271 1755 evadunt3
1309 1706 1404 1747 inde
1430 1706 1651 1747 decurrunt

250 1780 267 1808 6
295 1782 389 1808 cum
419 1768 597 1809 clamore
633 1768 676 1808 in
711 1769 858 1809 urbem
894 1768 976 1808 iam
1013 1776 1176 1823 captam
1213 1769 1264 1808 ab
1288 1767 1503 1809 Romanis.
1563 1774 1650 1808 tum

294 1845 391 1871 vero
418 1830 626 1885 apparuit,
654 1831 705 1870 ab
730 1830 790 1870 ira
815 1837 855 1871 et
880 1830 931 1870 ab
958 1830 1051 1871 odio
1075 1831 1221 1870 urbem
1241 1837 1522 1884 oppugnatam
1543 1844 1648 1870 esse.

294 1907 416 1933 nemo
453 1892 643 1947 capiendi
679 1893 817 1941 vivos,
860 1907 983 1934 nemo
1018 1892 1254 1947 patentibus
1292 1892 1344 1932 ad
1380 1891 1650 1945 direptionem

296 1954 486 1995 omnibus
513 1955 691 2008 praedae
717 1969 875 1995 memor
907 1963 986 1995 est:
1025 1954 1230 1995 trucidant
1260 1953 1427 1994 inermis
1451 1953 1567 1993 iuxta
1592 1960 1650 1993 at-

295 2031 374 2069 que
401 2024 599 2066 armatos,
637 2016 813 2057 feminas
843 2017 997 2072 pariter
1028 2031 1075 2057 ac
1105 2016 1235 2065 viros3
1271 2030 1403 2068 usque
1436 2015 1488 2055 ad
1517 2015 1651 2055 infan-

275 2078 398 2118 -tium
429 2079 597 2119 caedem
628 2079 689 2119 ira
719 2078 898 2119 crudelis
929 2078 1130 2133 pervenit.
1189 2078 1329 2132 ignem
1354 2077 1502 2118 deinde
1533 2076 1651 2117 tectis

294 2141 466 2181 iniciunt
491 2155 539 2181 ac
565 2141 729 2182 diruunt
755 2156 860 2194 quae
884 2141 1075 2181 incendio
1102 2140 1263 2181 absumi
1287 2147 1515 2192 nequeuntg
1549 2138 1651 2179 adeo

296 2203 473 2259 vestigia
509 2218 670 2256 quoque
707 2203 821 2244 urbis
865 2203 1107 2258 extinguere
1148 2216 1195 2243 ac
1233 2202 1369 2243 delere
1410 2200 1653 2242 memoriam

296 2266 477 2307 hostium
503 2265 612 2306 sedis
640 2265 753 2307 cordi
780 2273 856 2306 est.

252 2338 270 2367 8
382 2326 655 2368 Castulonem
678 2327 774 2368 inde
791 2325 931 2381 Scipio
958 2327 1184 2367 exercitum
1210 2325 1338 2375 ducit,
1365 2340 1490 2379 quam
1508 2324 1651 2364 urbem

296 2404 379 2429 non
403 2389 585 2444 Hispani
609 2389 733 2430 modo
760 2403 989 2437 convenae,
1028 2389 1102 2429 sed
1124 2388 1275 2429 Punici
1301 2388 1424 2428 etiam
1449 2385 1651 2428 exercitus

253 2462 270 2491 9
298 2465 349 2490 ex
381 2450 581 2505 dissipata
611 2450 768 2505 passim
797 2450 899 2505 fuga
927 2450 1124 2504 reliquiae
1161 2451 1411 2491 tutabantur.
1472 2448 1546 2489 sed
1582 2447 1652 2487 ad-

297 2520 466 2552 ventum
481 2512 689 2567 Scipionis
714 2520 987 2568 praevenerat
1011 2513 1124 2553 fama
1149 2512 1277 2553 cladis
1296 2511 1651 2566 Iliturgitanorum

233 2585 272 2613 lo
299 2581 508 2627 terrorque
540 2575 688 2615 deinde
721 2589 768 2615 ac
800 2574 1033 2630 desperatio
1064 2575 1291 2615 invaserat:
1335 2573 1447 2615 etin
1479 2569 1650 2612 diversis

299 2636 432 2675 causis
459 2650 553 2676 cum
579 2636 657 2677 sibi
682 2637 856 2690 quisque
888 2636 1122 2678 consultum
1153 2635 1241 2676 sine
1267 2634 1434 2675 alterius
1459 2637 1650 2686 respectu

299 2696 439 2744 vellet,
476 2697 608 2751 primo
634 2699 758 2738 tacita
784 2698 983 2753 suspicio,
1015 2697 1163 2738 deinde
1190 2704 1331 2751 aperta
1357 2693 1561 2736 discordia
1586 2705 1648 2732 se-

249 1226 266 1254 [ὓ

252 2093 268 2121 λ1
