1815 3184
427 235 577 287 LIBER
599 234 765 279 XXVII,
790 236 844 269 40.
863 235 918 269 41.
947 238 995 279 [a.
1010 234 1144 278 0207]
1379 227 1459 268 371

118 338 292 379 multum
310 338 447 379 intulit
454 356 464 388 3
491 339 543 380 ad
557 345 749 392 quattuor
766 338 879 380 milia
897 338 1110 380 hominum
1130 338 1290 388 occidit,
1312 353 1461 380 novem
1489 352 1525 380 11

119 402 238 457 signa
255 402 447 443 militaria
465 402 585 457 cepit.
622 408 807 443 moverat
826 417 878 442 ex
895 402 1078 443 hibernis
1099 403 1152 443 ad
1165 402 1319 442 famam
1332 401 1462 442 hostis

118 463 171 515 Q.
189 463 409 513 Claudius,
435 464 504 517 qui
521 479 595 519 per
612 464 735 505 urbes
756 463 844 518 agri
865 461 1082 505 Sallentini
1105 471 1240 505 castra
1264 463 1464 518 disposita

118 526 308 568 habebat.
356 527 495 579 itaque
519 541 572 567 ne
597 540 690 567 cum
715 526 876 567 duobus
903 526 1149 567 exercitibus
1177 525 1298 566 simul
1323 525 1464 566 confli-
1490 537 1530 566 12

118 596 251 643 geret,
288 588 501 630 Hannibal
535 596 656 629 nocte
692 595 827 629 castra
862 603 914 629 ex
949 603 1049 642 agro
1080 588 1305 629 Tarentino
1336 587 1465 628 movit

118 658 239 703 atque
258 650 301 690 in
313 650 499 692 Bruttios
521 650 737 691 concessit.
765 648 964 691 Claudius
984 650 1026 690 in
1042 648 1294 690 SaHentinos
1315 664 1464 704 agmen
1492 661 1531 691 13

117 713 336 762 convertit,
368 712 575 753 Hostilius
602 710 792 767 Capuam
815 718 961 767 petens
987 712 1134 753 obvius
1160 712 1213 752 ad
1235 711 1465 754 Venusiam

117 774 195 815 fuit
219 775 378 816 consuli
404 774 594 816 Claudio.
653 774 710 814 ibi
741 789 792 815 ex
822 782 996 827 utroque
1028 774 1209 815 exercitu
1240 773 1370 814 electa
1392 788 1464 828 pe-
1492 786 1530 814 14

118 837 248 877 ditum
280 837 553 892 quadraginta
581 836 711 885 milia,
745 836 826 877 duo
850 836 963 876 milia
987 843 1027 876 et
1051 835 1266 890 quingenti
1292 835 1463 888 equites,

117 899 264 952 quibus
287 899 429 939 consul
450 899 649 939 adversus
661 897 944 938 Hannibalem
966 912 1055 938 rem
1079 904 1259 952 gereret:
1284 897 1463 950 reliquas

116 961 255 1016 copias
275 960 482 1002 Hostilius
503 959 693 1015 Capuam
712 960 860 1000 ducere
884 960 1044 1009 iussus,
1069 966 1116 1000 ut
1136 958 1190 1011 Q.
1204 959 1352 1000 Fulvio
1370 974 1465 1014 pro-

115 1023 276 1063 consuli
301 1023 491 1063 traderet.

199 1083 429 1124 XXXXI.
460 1082 674 1124 Hannibal
694 1083 877 1135 undique
897 1089 1107 1123 contracto
1126 1082 1321 1131 exercitu,
1342 1095 1465 1135 quem
1493 1094 1507 1122 1

113 1145 156 1185 in
179 1145 361 1186 hibernis
388 1152 458 1186 aut
480 1145 523 1185 in
546 1145 763 1200 praesidiis
790 1145 879 1200 agri
902 1144 1041 1185 Brutti
1066 1145 1284 1194 habuerat,
1309 1145 1352 1184 in
1376 1145 1466 1185 Lu-

113 1220 239 1248 canos
266 1207 319 1248 ad
346 1205 624 1248 Grumentum
654 1206 766 1247 venit
798 1221 871 1261 spe
901 1206 1127 1261 recipiendi
1157 1206 1328 1261 oppida,
1360 1220 1465 1260 quae

112 1283 186 1324 per
216 1276 373 1310 metum
404 1269 457 1310 ad
483 1268 697 1310 Romanos
730 1268 994 1309 defecissent.
1055 1268 1201 1310 eodem
1232 1284 1256 1309 a
1278 1268 1466 1311 Venusia
1491 1279 1509 1307 2

114 1331 258 1372 consul
281 1331 498 1372 Romanus
530 1331 753 1386 exploratis
786 1330 1000 1372 itineribus
1028 1330 1257 1379 contendit,
1289 1338 1330 1371 et
1353 1330 1465 1371 mille

113 1393 199 1434 fere
219 1400 260 1434 et
277 1393 523 1448 quingentos
543 1408 693 1448 passus
715 1400 851 1434 castra
868 1393 977 1434 locat
997 1394 1048 1434 ab
1069 1393 1200 1434 hoste.
1245 1391 1465 1434 Grumenti
1491 1402 1509 1431 3

113 1455 329 1497 moenibus
359 1470 488 1510 prope
517 1455 745 1496 iniunctum
775 1455 991 1496 videbatur
1022 1456 1261 1496 Poenorum
1290 1455 1462 1504 vallum3

115 1516 328 1571 quingenti
362 1533 512 1572 passus
543 1518 778 1558 intererant.
839 1526 975 1559 castra
1002 1518 1164 1558 Punica
1194 1532 1242 1558 ac
1272 1517 1464 1560 Romana
1488 1529 1508 1556 4

113 1579 219 1619 inter
242 1579 403 1620 iacebat
427 1593 617 1634 campus3
644 1579 769 1621 colles
794 1579 1065 1620 imminebant
1089 1579 1189 1619 nudi
1215 1579 1380 1620 sinistro
1406 1579 1465 1619 la-

116 1640 192 1681 teri
225 1639 652 1696 Carthaginiensium,
690 1641 834 1682 dextro
864 1641 1168 1690 Romanorum,
1204 1641 1359 1682 neutris
1398 1656 1466 1682 su-

116 1703 264 1757 specti,
303 1704 413 1756 quod
443 1703 544 1744 nihil
584 1703 712 1744 silvae
747 1717 881 1756 neque
920 1703 973 1743 ad
1007 1703 1178 1744 insidias
1215 1703 1466 1744 latebrarum

115 1764 335 1805 habebant.
395 1765 437 1805 in
467 1765 602 1806 medio
634 1780 780 1820 campo
813 1765 864 1805 ab
896 1764 1141 1806 stationibus
1171 1773 1464 1820 procursantes
1491 1776 1509 1805 5

115 1826 339 1867 certamina
362 1827 474 1867 haud
501 1827 600 1868 satis
627 1827 754 1882 digna
778 1827 890 1868 dictu
915 1828 1119 1869 serebant.
1167 1828 1209 1868 id
1233 1828 1356 1869 modo
1379 1828 1465 1869 Ro-

114 1903 282 1929 manum
314 1903 511 1942 quaerere
543 1890 786 1944 apparebat,
823 1904 875 1930 ne
907 1889 1019 1931 abire
1050 1890 1213 1932 hostem
1236 1897 1463 1945 pateretur:

114 1951 327 1992 Hannibal
358 1950 504 2007 e[labi]
538 1951 634 1992 inde
666 1952 835 2006 cupiens
867 1952 962 1993 totis
993 1952 1147 1993 viribus
1172 1952 1215 1993 in
1240 1953 1370 1994 aciem
1395 1953 1465 1994 de-

116 2013 351 2054 scendebat.
411 2022 498 2054 tum
529 2014 673 2055 consul
703 2014 870 2069 ingenio
902 2014 1033 2055 hostis
1064 2030 1184 2064 usus,
1218 2029 1297 2068 quo
1328 2015 1464 2055 minus
1491 2027 1508 2056 6

115 2074 157 2114 in
187 2082 271 2115 tam
302 2075 453 2130 apertis
487 2075 660 2117 collibus
688 2075 822 2116 timeri
844 2076 1019 2117 insidiae
1043 2084 1252 2132 poterant,
1285 2077 1465 2130 quinque

116 2135 295 2178 cohortis
327 2137 476 2178 additis
504 2138 684 2192 quinque
709 2138 929 2193 manipulis
956 2146 1076 2180 nocte
1101 2139 1244 2194 iugum
1270 2154 1465 2193 superare

117 2205 158 2239 et
180 2198 223 2238 in
248 2199 403 2239 aversis
430 2200 603 2241 collibus
630 2200 843 2241 considere
867 2201 994 2242 iubet.
1049 2208 1211 2256 tempus
1237 2201 1462 2255 exurgendi
1492 2215 1507 2242 7

117 2276 168 2301 cx
198 2260 357 2302 insidiis
390 2269 430 2302 ct
455 2262 724 2317 adgrediendi
748 2263 910 2304 hostem
934 2263 999 2304 Ti.
1027 2262 1249 2304 Claudium
1273 2264 1466 2304 Asellum

117 2322 325 2363 tribunum
343 2323 518 2364 militum
537 2332 577 2365 et
594 2325 644 2366 Ρ.
661 2323 884 2366 Claudium
901 2326 1157 2380 praefectum
1183 2326 1341 2367 socium
1365 2327 1464 2368 edo-

116 2392 199 2433 cet,
226 2399 329 2437 quos
356 2399 448 2426 cum
473 2386 522 2427 iis
548 2386 748 2428 mittebat.
786 2387 875 2442 ipse
895 2388 986 2429 luce
1006 2388 1138 2443 prima
1163 2388 1302 2443 copias
1329 2389 1460 2430 omnis
1487 2399 1506 2429 8

115 2446 300 2500 peditum
332 2448 595 2502 equitumque
625 2449 669 2489 in
699 2449 830 2490 aciem
860 2450 1013 2491 eduxit.
1072 2450 1196 2505 paulo
1226 2460 1322 2505 post
1346 2459 1388 2492 et
1412 2451 1463 2492 ab

116 2509 352 2550 Hannibale
385 2510 549 2565 signum
577 2526 742 2566 pugnae
766 2511 1024 2566 propositum
1048 2519 1130 2562 est,
1163 2512 1397 2566 clamorque
1421 2513 1464 2554 in

116 2571 261 2614 castris
293 2573 345 2614 ad
377 2588 490 2614 arma
520 2573 834 2615 discurrentium
864 2580 928 2615 est
957 2574 1156 2615 sublatus.
1215 2574 1311 2615 inde
1337 2589 1462 2628 eques

114 2634 325 2689 pedesque
367 2635 552 2676 certatim
593 2636 722 2691 portis
763 2651 881 2677 ruere
919 2651 966 2677 ac
1001 2637 1128 2692 palati
1161 2652 1236 2692 per
1272 2651 1462 2692 campum

115 2712 336 2752 properare
357 2698 409 2738 ad
427 2698 571 2740 hostis.
609 2713 711 2753 quos
730 2699 801 2740 ubi
820 2700 974 2742 effusos
993 2700 1136 2742 consu]
1149 2699 1273 2749 videt,
1299 2700 1461 2743 tribuno
1487 2713 1505 2744 9

1167 2765 1234 2799 24*
