1815 3184
429 245 583 280 LIBER
607 246 774 290 XXIIII,
802 245 960 280 42-44.
989 248 1038 289 [a.
1054 245 1091 280 C.
1107 246 1184 280 214.
1200 247 1282 290 213]
1450 239 1532 279 207

180 363 274 390 cum
313 348 722 403 Carthaginiensibus
766 349 937 399 bellum,
986 349 1028 389 in
1063 355 1308 404 potestatem
1348 351 1535 392 redactos

180 410 256 451 sub
283 425 432 451 corona
456 411 727 451 vendiderunt
751 411 976 464 urbemque
1003 426 1142 452 eorum
1169 411 1365 453 delerunt.

262 472 540 513 XXXXHI.
601 473 719 513 Haec
744 474 785 513 in
803 473 1011 528 Hispania
1030 473 1081 525 Q.
1101 473 1251 522 Fabio,
1277 473 1338 514 M.
1361 473 1535 516 Claudio

179 534 415 575 consulibus
441 542 569 589 gesta.
629 535 788 576 Romae
820 550 914 576 eum
944 535 1096 576 tribuni
1124 535 1257 589 plebis
1287 536 1383 576 novi
1407 537 1537 591 magi-

179 605 350 636 stratum
370 596 560 645 inissent,
587 597 792 651 extemplo
813 596 1052 638 censoribus
1067 596 1114 637 P.
1129 597 1254 637 Furio
1275 604 1313 637 et
1332 597 1392 638 M.
1407 596 1536 638 Atilio

178 672 201 696 a
229 655 328 711 [M.]
356 656 525 698 Metello
556 657 716 698 tribuno
746 658 878 712 plebis
910 659 996 699 dies
1023 659 1131 698 dicta
1161 659 1213 698 ad
1236 659 1435 712 populum
1461 666 1534 699 est.

179 726 437 771 quaestorem
468 734 562 760 eum
591 720 778 774 proximo
810 735 916 761 anno
948 721 1140 774 adempto
1171 735 1276 773 equo
1307 720 1415 761 tribu
1449 736 1536 761 mo-

179 788 321 820 verant
345 788 466 834 atque
492 782 692 822 aerarium
717 781 898 822 fecerant
922 787 1088 836 propter
1119 782 1440 822 coniurationem
1466 782 1536 822 de-

178 842 373 882 serendae
404 842 548 883 Italiae
579 844 631 883 ad
663 843 830 884 Cannas
862 844 1026 884 factam.
1088 851 1149 884 set
1179 859 1326 885 novem
1353 844 1535 884 tribuno-

175 918 267 943 rum
292 904 442 944 auxilio
468 904 581 945 vetiti
607 897 774 945 causam
799 905 840 944 in
865 905 1108 959 magistratu
1134 905 1268 945 dicere
1294 906 1534 958 dimissique

176 964 348 1005 fuerant.
409 980 459 1006 ne
494 965 669 1006 lustrum
700 966 942 1019 perficerent
972 981 1081 1007 mors
1112 966 1321 1020 prohibuit
1345 966 1395 1007 P.
1421 966 1533 1006 Furi.

175 1025 235 1065 M.
262 1026 415 1067 Atilius
441 1027 686 1080 magistratu
712 1042 754 1067 se
781 1027 1000 1067 abdicavit.

260 1087 439 1129 Comitia
469 1088 699 1129 consularia
729 1088 868 1129 habita
899 1088 950 1129 ab
984 1088 1036 1140 Q.
1062 1088 1194 1128 Fabio
1219 1088 1406 1128 Maximo
1438 1103 1534 1128 con-

173 1148 274 1189 sule.
324 1150 449 1190 creati
474 1150 664 1190 eonsules
691 1149 812 1190 ambo
838 1149 1029 1190 absentes
1058 1149 1110 1202 Q.
1137 1149 1294 1190 Fabius
1319 1149 1531 1190 Maximus

171 1210 350 1251 consulis
376 1211 484 1252 filius
511 1218 550 1251 et
576 1211 639 1251 Ti.
669 1210 939 1265 Sempronius
968 1210 1182 1252 Gracchus
1208 1211 1368 1251 iterum.
1416 1226 1534 1266 prae-

172 1278 278 1312 tores
309 1272 411 1313 fiunt
441 1273 502 1313 M.
528 1272 682 1313 Atilius
714 1280 771 1322 et,
809 1273 878 1326 qui
909 1279 997 1313 tum
1027 1273 1179 1314 aediles
1212 1273 1372 1313 curules
1405 1281 1531 1321 erant,

170 1333 219 1375 P.
248 1331 518 1388 Sempronius
545 1334 778 1376 Tuditanus
816 1342 856 1375 et
887 1334 964 1376 Cn.
996 1335 1170 1375 Fulvius
1204 1334 1461 1376 Centimalus
1493 1342 1534 1375 et

170 1396 232 1436 M.
251 1395 455 1437 Aemilius
481 1397 682 1451 Lepidus.
730 1397 850 1438 ludos
877 1397 1060 1438 scenicos
1086 1411 1159 1451 per
1183 1397 1458 1450 quadriduum
1484 1412 1532 1438 eo

171 1472 277 1498 anno
303 1458 480 1512 primum
506 1458 637 1499 factos
663 1458 714 1499 ab
741 1459 950 1500 curulibus
977 1459 1177 1500 aedilibus
1198 1459 1419 1500 memoriae
1439 1474 1532 1513 pro-

172 1520 289 1560 ditur.
351 1520 493 1560 aedilis
519 1520 752 1562 Tuditanus
777 1521 843 1561 hic
869 1528 973 1570 erat,
1011 1522 1081 1574 qui
1106 1522 1158 1562 ad
1185 1521 1352 1562 Cannas
1379 1536 1530 1575 pavore

171 1581 260 1622 aliis
287 1581 327 1621 in
352 1588 464 1622 tanta
489 1581 604 1622 clade
630 1582 883 1636 torpentibus
909 1597 982 1636 per
1006 1583 1164 1624 medios
1190 1583 1329 1624 hostes
1356 1584 1484 1624 duxit.

254 1643 312 1683 Iis
333 1643 506 1684 comitiis
527 1643 719 1697 perfectis
740 1651 904 1685 auctore
921 1643 972 1696 Ω.
987 1644 1119 1685 Fabio
1139 1646 1307 1686 consule
1326 1646 1530 1700 designati

171 1706 359 1747 eonsules
385 1706 563 1752 Romam
588 1706 774 1747 accersiti
804 1706 1091 1761 magistratum
1122 1707 1300 1747 inierunt
1324 1714 1531 1748 senatum-

169 1782 249 1821 que
274 1769 323 1809 de
350 1768 457 1809 bello
483 1783 531 1809 ae
554 1768 775 1822 provinciis
809 1769 893 1809 suis
925 1774 1240 1822 praetorumque
1271 1776 1310 1810 et
1340 1770 1391 1810 de
1416 1784 1531 1810 exer-

169 1830 335 1878 citibus,
363 1830 511 1883 quibus
537 1831 689 1883 quique
713 1837 971 1884 praeessent,
998 1831 1302 1871 consuluerunt.

246 1892 548 1933 XXXXHH.
598 1892 743 1946 Itaque
763 1893 996 1947 provinciae
1022 1899 1143 1946 atque
1165 1894 1366 1935 exercitus
1388 1894 1527 1935 divisi:

168 1954 320 1995 bellum
346 1969 438 1995 cum
458 1955 695 1996 Hannibale
721 1954 958 1996 consulibus
985 1955 1224 1996 mandatum
1245 1962 1285 1997 et
1304 1957 1528 1998 exereitum

167 2031 292 2065 unus,
331 2031 454 2069 quem
478 2017 567 2071 ipse
595 2016 864 2071 Sempronius
891 2016 1106 2066 habuerat,
1145 2017 1263 2067 alter,
1301 2033 1424 2070 quem
1448 2018 1485 2058 F
1487 2034 1530 2059 a-

168 2077 259 2118 bius
286 2078 440 2119 consul.
490 2093 562 2119 eae
587 2078 707 2119 binae
733 2085 846 2119 erant
871 2078 1053 2133 legiones
1063 2095 1072 2128 3
1098 2078 1159 2119 M.
1180 2079 1386 2120 Aemilius
1411 2095 1528 2133 prae-

167 2145 247 2187 tor,
285 2139 400 2180 cuius
438 2141 654 2195 peregrina
690 2156 778 2181 sors
815 2147 918 2189 erat,
955 2141 1054 2181 iuris
1092 2141 1269 2182 dictione
1305 2141 1366 2182 M.
1399 2141 1527 2183 Atilio

168 2201 349 2256 collegae
385 2203 561 2255 praetori
598 2203 755 2244 urbano
792 2204 986 2244 mandata
1014 2204 1238 2245 Luceriam
1274 2204 1528 2258 provinciam

167 2262 336 2304 haberet
370 2263 635 2318 legionesque
673 2265 794 2314 duas,
838 2264 988 2318 quibus
1027 2264 1078 2317 Q.
1115 2265 1291 2315 Fabius,
1335 2266 1405 2318 qui
1441 2272 1528 2306 tum

168 2325 309 2365 consul
335 2333 437 2374 erat,
475 2334 636 2380 praetor
660 2326 905 2380 praefuerat.
965 2327 1014 2368 P.
1043 2326 1288 2381 Sempronio
1319 2328 1528 2382 provincia

167 2385 420 2436 Ariminum,
449 2386 527 2428 Cn.
543 2388 692 2428 Fulvio
708 2386 909 2429 Suessula
928 2403 1020 2429 eum
1040 2388 1147 2430 binis
1172 2389 1270 2429 item
1294 2389 1526 2444 legionibus

167 2455 407 2498 evenerunt,
446 2456 492 2489 ut
527 2449 700 2490 Fulvius
738 2449 915 2491 urbanas
952 2450 1135 2505 legiones
1172 2451 1355 2500 duceret,
1400 2451 1528 2492 Tudi-

166 2516 284 2550 tanus
311 2526 334 2552 a
358 2510 419 2551 Μ.
446 2510 679 2565 Pomponio
711 2512 924 2565 acciperet.
984 2519 1204 2567 prorogata
1233 2513 1404 2567 imperia
1433 2528 1526 2567 pro-

164 2571 422 2625 vinciaeque,
449 2572 510 2614 M.
533 2573 708 2615 Claudio
731 2573 873 2615 Sicilia
897 2574 1047 2616 finibus
1073 2575 1151 2624 eis,
1178 2575 1327 2628 quibus
1352 2591 1526 2631 regnum

165 2632 357 2675 Hieronis
384 2635 549 2685 fuisset,
587 2636 768 2677 Lentulo
792 2637 1046 2691 propraetori
1070 2638 1280 2692 provincia
1305 2645 1441 2687 vetus,
1475 2637 1523 2678 T.

165 2693 343 2736 Otacilio
368 2696 512 2738 classis
531 2722 562 2726 —-
583 2698 785 2739 exereitus
811 2698 912 2738 nulli
937 2698 1064 2739 additi
1089 2699 1249 2749 novi—‚
1275 2699 1336 2740 M.
1358 2699 1522 2741 Valerio

1563 489 1578 517 1

1562 550 1579 579 2

1562 734 1580 762 3

1560 983 1580 1010 4

1560 1107 1578 1135 5

1559 1224 1577 1253 6

1560 1411 1575 1438 7

1556 1531 1575 1560 8

1556 1656 1573 1686 9

1551 2522 1571 2550 4

1550 2712 1567 2742 5
