1815 3184
263 2335 280 2363 10

307 239 389 279 202
600 243 754 277 LIBER
779 241 950 287 XXIIH,
976 243 1031 277 38.
1048 243 1102 277 39.
1131 245 1227 286 [a.u.
1243 243 1367 287 0.540]

305 364 378 389 vos
415 347 602 387 fraudem
640 346 762 386 deum
799 346 930 400 primo
966 345 1239 400 benignitate,
1289 346 1384 386 dein
1417 353 1553 388 vestra
1588 348 1667 403 ipsi

305 411 452 450 virtute
478 408 565 448 dies
591 413 815 460 noctesque
840 408 1061 462 perstando
1093 422 1140 448 30
1164 407 1448 462 pervigilando
1478 408 1520 447 in
1545 410 1666 450 armis

305 470 476 511 vitastis.
526 469 683 509 utinam
704 469 874 510 relicum
894 477 1055 523 tempus
1082 483 1157 510 nec
1182 469 1374 523 patiendo
1399 469 1569 511 infanda
1591 486 1667 512 nec

305 532 493 573 faciendo
530 532 691 572 traduci
726 530 886 585 posset!
945 531 1048 571 11300
1085 531 1245 571 occulta
1279 531 1321 571 in
1358 531 1503 572 fraude
1533 533 1667 573 cautio

305 600 386 642 est,
423 608 502 646 qua
530 593 593 634 usi
619 593 753 633 adhuc
781 608 922 634 sumus
932 609 943 642 3
981 592 1046 632 cui
1077 592 1272 646 quoniam
1302 608 1447 646 parum
1473 593 1666 642 succedit,

305 662 442 710 aperte
462 670 508 695 ac
528 655 741 709 propalam
762 655 898 695 claves
918 660 1128 708 portarum
1155 661 1393 708 reposcunt,
1421 669 1523 707 quas
1548 655 1668 695 simul

305 717 610 765 tradiderimus,
641 716 1048 771 Carthaginiensium
1074 716 1280 770 extemplo
1306 715 1459 756 Henna
1483 716 1558 757 erit
1582 716 1669 757 foe-

306 779 480 832 diusque
505 778 571 819 11ἰο
585 778 880 819 trucidabimur
904 793 1031 832 quam
1049 777 1313 832 Murgantiae
1333 778 1583 832 praesidium
1608 778 1668 818 in-

308 840 526 881 terfectum
541 847 614 881 est.
647 847 809 881 noctem
824 856 949 881 unam
963 854 1085 895 aegre
1099 840 1151 880 ad
1167 839 1483 880 consultandum
1498 840 1667 894 sumpsi,

306 917 387 955 qua
413 917 485 943 vos
507 902 698 942 certiores
718 902 890 956 periculi
908 902 1098 943 instantis
1117 901 1309 942 facerem.
1359 908 1446 942 orta
1463 901 1555 942 luce
1575 916 1672 942 con-

305 965 458 1004 tionem
483 963 661 1004 habituri
686 973 782 1005 sunt
807 965 860 1005 ad
885 964 1184 1005 criminandum
1209 978 1275 1004 me
1301 963 1671 1017 concitandumque

306 1026 349 1066 in
373 1040 445 1066 vos
471 1026 683 1079 populum.
743 1026 883 1079 itaque
909 1026 1086 1067 crastino
1113 1026 1178 1067 die
1203 1033 1273 1066 aut
1298 1032 1435 1066 vestro
1461 1033 1531 1066 aut
1555 1025 1672 1066 Hen-

306 1087 496 1127 nensium
530 1088 730 1142 sanguine
755 1087 909 1128 Henna
940 1087 1217 1128 inundabitur.
1279 1101 1354 1127 nec
1383 1087 1672 1141 praeoccupati

307 1163 423 1202 spem
455 1148 580 1188 ullam
612 1163 687 1189 1100
719 1155 968 1203 occupantes
1000 1149 1170 1203 periculi
1201 1149 1421 1201 quicquam
1451 1147 1669 1189 habebitis.

307 1210 377 1262 qui
402 1210 512 1263 prior
537 1210 744 1250 strinxerit
769 1210 941 1258 ferrum,
969 1211 1055 1251 eius
1082 1210 1250 1250 victoria
1275 1210 1361 1250 erit.
1404 1209 1549 1249 intenti
1573 1224 1670 1265 ergo

309 1285 451 1311 omnes
477 1271 704 1324 armatique
736 1272 902 1326 signum
934 1271 1239 1325 exspectabitis.
1301 1285 1378 1326 ego
1409 1271 1452 1311 in
1482 1271 1670 1312 contione

309 1347 378 1373 ero
404 1339 443 1373 et
468 1339 650 1387 temPUS,
689 1334 827 1386 quoad
857 1334 994 1374 omnia
1018 1334 1217 1374 instructa
1249 1333 1346 1381 sint,
1384 1333 1588 1386 loquendo
1614 1333 1671 1373 al-

308 1394 583 1447 tercandoque
610 1395 781 1435 traham.
831 1409 925 1435 cum
950 1402 1046 1449 toga
1073 1395 1236 1449 signum
1262 1394 1432 1442 dedero,
1459 1401 1546 1434 tum
1571 1395 1671 1434 mihi

307 1456 487 1509 undique
513 1456 689 1497 clamore
716 1456 877 1497 sublato
898 1456 1059 1496 turbam
1080 1456 1260 1495 invadite
1280 1470 1328 1496 ac
1349 1455 1514 1495 sternite
1535 1457 1673 1497 onmia

308 1518 434 1566 ferro,
461 1525 500 1558 et
525 1526 666 1559 cavete
692 1518 913 1571 quicquam
934 1517 1129 1571 supersit,
1156 1517 1272 1557 cuius
1298 1526 1368 1557 aut
1386 1517 1448 1558 vis
1469 1524 1539 1558 aut
1558 1518 1671 1559 fraus

309 1579 441 1619 timeri
470 1580 613 1633 possit.
674 1594 767 1626 vos,
808 1578 936 1619 Ceres
968 1586 1097 1619 mater
1127 1593 1175 1619 ac
1205 1577 1473 1633 Proserpina,
1516 1594 1671 1633 precor,

307 1640 431 1680 ceteri
457 1641 594 1694 superi
617 1640 848 1693 infernique
874 1640 933 1689 di,
967 1640 1038 1693 qui
1062 1639 1168 1680 hanc
1193 1639 1356 1690 urbem,
1389 1640 1464 1681 hos
1491 1648 1671 1682 sacratos

306 1701 420 1742 lacus
451 1702 651 1755 lucosque
683 1702 835 1751 colitis,
873 1708 918 1742 ut
947 1702 1004 1742 ita
1035 1701 1154 1743 nobis
1186 1702 1370 1744 volentes
1401 1703 1566 1757 propitii
1600 1704 1672 1743 ad-

307 1763 413 1811 sitis,
451 1763 485 1804 si
510 1764 720 1813 vitandae,
758 1778 840 1804 non
866 1763 1059 1804 ferendae
1085 1763 1242 1805 fraudis
1269 1779 1395 1805 causa
1425 1764 1503 1805 1100
1529 1765 1672 1806 consili

307 1825 504 1878 capimus.
554 1826 740 1880 pluribus
767 1841 861 1875 vos,
894 1826 1061 1874 milites,
1089 1825 1290 1876 hortarer,
1324 1827 1358 1868 si
1385 1841 1478 1867 eum
1504 1827 1671 1868 armatis

307 1886 514 1928 dimicatio
553 1887 692 1929 futura
728 1895 856 1929 esset:
894 1888 1090 1936 inermes,
1129 1888 1316 1929 incautos
1354 1889 1406 1929 ad
1443 1889 1673 1929 satietatem

309 1948 584 1999 trucidabitis,
612 1956 650 1990 et
676 1949 856 1991 consulis
878 1956 1011 1990 castra
1035 1949 1078 1989 in
1102 1950 1332 2003 propinquo
1360 1957 1471 1999 sunt,
1498 1965 1549 1991 110
1574 1950 1673 2004 quid

309 2009 360 2051 ab
385 2010 621 2052 Himilcone
647 2018 686 2052 et
713 2010 1127 2066 Carthaginiensibus
1154 2011 1288 2052 timeri
1311 2011 1472 2066 possit'.

392 2073 686 2115 XXXVIIII.
732 2074 828 2125 ,Ab
865 2074 943 2114 hac
986 2073 1269 2114 adhortatione
1306 2074 1467 2115 dimissi
1503 2088 1674 2128 corpora

307 2142 461 2176 curant.
522 2144 687 2190 postero
725 2136 790 2177 die
826 2136 894 2177 alii
931 2135 1020 2176 aliis
1056 2135 1157 2177 locis
1190 2136 1241 2176 ad
1273 2135 1500 2177 obsidenda
1529 2136 1674 2177 itinera

307 2196 638 2251 claudendosque
676 2199 903 2253 opposituri
941 2213 984 2239 se
1021 2198 1174 2248 exitus,
1212 2213 1307 2253 pars
1338 2199 1520 2239 maxima
1550 2213 1674 2253 super

307 2258 511 2300 theatrum
537 2261 744 2314 circaque,
782 2261 945 2302 adsueti
977 2268 1017 2302 et
1043 2268 1136 2302 ante
1163 2261 1397 2316 spectaculo
1423 2261 1671 2310 contionum,

308 2322 548 2364 consistunt.
607 2324 833 2378 productus
860 2325 913 2364 ad
942 2324 1142 2378 populum
1168 2340 1191 2365 a
1216 2323 1525 2378 magistratibus
1556 2338 1673 2378 prae-

308 2383 440 2426 fectus
464 2385 679 2427 Romanus
706 2391 801 2427 cum
827 2387 1007 2427 consulis
1035 2387 1084 2427 de
1117 2401 1165 2427 ca
1196 2401 1239 2427 rc
1264 2387 1329 2428 ius
1355 2401 1403 2427 ac
1426 2393 1671 2440 potestatem

309 2459 417 2495 esse,
455 2462 538 2488 non
563 2463 698 2497 suam,
737 2455 776 2489 et
806 2448 1002 2502 pleraque
1034 2449 1177 2489 eadem
1209 2463 1315 2501 quae
1345 2449 1476 2502 pridie
1501 2447 1673 2489 dixisset

308 2513 347 2548 et
370 2508 501 2562 primo
534 2510 688 2550 sensim
721 2524 769 2551 30
800 2510 938 2564 plures
970 2511 1140 2551 reddere
1173 2510 1328 2560 claves,
1367 2510 1461 2550 dein
1485 2510 1567 2550 iam
1593 2524 1673 2549 una

308 2583 407 2609 voce
443 2570 486 2610 id
521 2586 663 2612 omnes
699 2571 887 2612 iuberent
923 2572 1212 2625 cunctantique
1250 2579 1290 2613 et
1326 2572 1531 2612 differenti
1567 2571 1672 2611 fero-

309 2630 407 2671 citer
431 2633 714 2675 minitarentur
745 2649 822 2675 nec
853 2635 1087 2675 viderentur
1116 2635 1223 2675 ultra
1246 2634 1331 2675 vim
1362 2633 1546 2674 ultimam
1571 2631 1671 2672 dila-

311 2691 406 2739 turi,
444 2699 530 2734 tum
561 2695 793 2749 praefectus
825 2702 923 2750 toga
948 2696 1130 2750 signum,
1169 2702 1213 2736 ut
1245 2701 1507 2743 convenerat,
1546 2691 1668 2740 dedit,
