1815 3184
257 1226 274 1256 9

237 1474 277 1503 10

238 1663 271 1690 11

237 1908 274 1936 12

238 2032 275 2060 13

237 2217 275 2245 14

238 2341 275 2370 15

238 2587 276 2616 16

305 240 360 281 34
661 247 815 282 LIBER
838 248 950 291 xxi,
976 248 1031 281 41.
1060 250 1109 291 [a.
1124 260 1158 282 u.
1173 259 1203 282 e.
1217 248 1300 293 536]

304 359 410 392 terra
428 367 509 391 non
529 357 712 405 poteram
733 364 865 403 neque
893 348 1132 404 [progresso
1150 349 1341 405 ulterius]
1369 365 1581 406 regressus
1607 353 1659 393 ad

304 414 420 454 navis
453 420 555 461 crat,
593 419 747 465 quanta
776 413 954 453 maxime
992 413 1106 467 potui
1142 413 1348 454 celeritate
1386 420 1498 454 tanto
1534 415 1659 454 maris

304 481 583 527 terrarumque
616 474 787 514 circuitu
817 474 859 514 in
890 474 1095 515 radicibus
1126 489 1253 529 prope
1284 474 1457 530 Alpium
1487 476 1582 516 huic
1613 476 1661 516 ti-

303 536 451 576 mendo
476 535 584 576 hosti
604 535 750 576 obvius
770 536 842 576 fui.
891 543 1047 585 utrum,
1074 551 1167 577 cum
1187 537 1434 577 declinarem
1455 545 1660 578 certamen

302 597 535 651 inprovisus
567 597 761 638 incidisse
786 597 940 646 videor,
967 613 1019 638 an
1044 613 1255 639 occurrere
1281 599 1323 639 in
1348 599 1532 653 vestigiis
1559 599 1659 647 eius,

301 658 503 699 lacessere
546 673 593 699 ac
636 658 795 699 trahere
839 660 891 699 ad
933 659 1261 700 decernendum?
1319 661 1494 714 experiri
1535 661 1659 709 iuvat,

301 729 436 760 utrum
479 721 581 762 alios
618 728 784 775 repente
823 721 1188 776 Carthaginienses
1231 737 1305 776 per
1346 723 1491 777 viginti
1533 738 1660 763 annos

302 788 408 822 terra
434 782 622 831 ediderit,
655 798 707 823 an
732 783 841 823 idem
868 783 966 833 sint,
999 784 1069 836 qui
1095 784 1146 824 ad
1171 782 1346 838 Aegatis
1372 792 1659 839 pugnaverunt

301 843 458 884 insulas
485 851 525 884 et
549 858 653 897 quos
679 844 731 885 ab
751 845 886 898 Eryce
912 845 1206 885 duodevicenis
1227 845 1404 885 denariis
1425 846 1661 886 aestimatos

304 905 516 955 emisistis,
557 913 597 946 et
632 912 769 946 utrum
807 906 1020 947 Hannibal
1056 906 1123 947 1110
1160 907 1211 947 sit
1248 907 1434 947 aemulus
1470 907 1660 947 itinerum

301 966 515 1016 Herculis,
555 974 598 1008 ut
628 967 716 1021 ipse
749 968 846 1017 fert,
884 984 935 1009 an
966 969 1179 1023 vectigalis
1217 969 1587 1023 stipendiariusque
1624 978 1662 1010 et

303 1043 446 1069 servus
473 1029 615 1082 populi
634 1029 813 1070 Romani
838 1045 863 1071 a
886 1038 1000 1084 patre
1026 1030 1212 1071 relictus:
1244 1045 1366 1084 quem
1392 1031 1471 1071 nisi
1498 1029 1662 1085 Sagun-

301 1090 430 1130 tinum
458 1091 591 1132 scelus
618 1091 810 1145 agitaret,
841 1092 1063 1146 respiceret
1087 1092 1290 1146 profecto,
1323 1093 1357 1133 si
1382 1107 1464 1133 non
1489 1093 1660 1146 patriam

300 1151 470 1201 victam,
508 1152 677 1192 domum
715 1161 822 1194 certe
858 1160 1097 1207 patremque
1135 1161 1174 1194 et
1209 1153 1375 1194 foedera
1412 1154 1660 1194 Hamilcaris

302 1214 454 1267 scripta
484 1229 627 1263 mauu,
665 1215 736 1268 qui
771 1215 910 1256 iussus
947 1214 998 1256 ab
1036 1215 1202 1256 consule
1239 1223 1376 1256 nostro
1412 1216 1661 1269 praesidium

302 1275 471 1316 deduxit
503 1276 554 1317 ab
586 1276 742 1331 Eryce,
782 1277 851 1330 (1111
883 1292 1030 1331 graves
1062 1277 1261 1331 inpositas
1293 1278 1411 1318 victis
1445 1277 1662 1331 Carthagi-

302 1337 513 1378 niensibus
539 1337 652 1392 leges
678 1339 858 1379 fremens
880 1353 1148 1391 maerensque
1168 1340 1342 1393 accepit,
1369 1339 1439 1392 qui
1459 1339 1660 1379 decedens

305 1397 446 1439 Sicilia
472 1400 722 1454 stipendium
748 1401 900 1454 populo
927 1400 1114 1441 Romano
1140 1401 1237 1440 dare
1262 1407 1407 1454 paetus
1434 1407 1507 1440 est.

386 1460 533 1514 Itaque
558 1476 632 1502 vos
659 1476 755 1516 ege,
789 1462 956 1511 milites,
982 1477 1064 1503 non
1091 1477 1139 1503 eo
1165 1462 1297 1503 solum
1324 1462 1460 1502 animo
1486 1476 1566 1515 quo
1592 1462 1662 1502 ad-

301 1538 444 1564 versus
483 1524 582 1565 alios
620 1524 760 1565 hostes
799 1525 938 1566 soletis
976 1539 1161 1580 pugnare
1191 1525 1333 1573 velim,
1373 1524 1446 1564 scd
1477 1539 1571 1564 cum
1601 1524 1662 1564 in-

302 1586 539 1640 dignatione
581 1586 760 1639 quadam
806 1594 927 1640 atque
969 1587 1047 1635 ira,
1092 1587 1203 1626 velut
1240 1587 1274 1627 si
1311 1601 1451 1627 servos
1488 1586 1660 1626 videatis

302 1655 460 1688 vestros
494 1663 608 1688 arma
637 1655 803 1702 repente
835 1656 976 1689 contra
1001 1663 1075 1689 vos
1101 1648 1292 1689 ferentes.
1341 1648 1453 1688 licuit
1479 1648 1530 1688 ad
1555 1647 1662 1702 Ery-

301 1724 388 1749 cem
411 1709 572 1750 clausos
593 1710 735 1749 ultimo
761 1710 961 1764 supplicio
987 1710 1258 1750 humanorum
1285 1709 1394 1750 fame
1415 1704 1660 1757 interficere,

300 1771 413 1812 licuit
453 1771 657 1811 victricem
695 1771 870 1812 classem
907 1772 945 1811 in
980 1771 1166 1812 Africam
1200 1771 1367 1812 traicere
1400 1778 1522 1824 atque
1557 1771 1662 1811 intra

300 1847 454 1886 paucos
487 1832 573 1872 dies
607 1833 693 1872 sine
725 1832 809 1873 ullo
842 1833 1061 1873 certamine
1095 1833 1390 1887 Carthaginem
1422 1833 1557 1872 delere
1587 1850 1660 1873 -ε

303 1895 463 1934 veniam
489 1894 677 1934 dedimus
703 1894 986 1948 precantibus,
1020 1895 1231 1935 emisimus
1258 1909 1310 1934 ex
1334 1893 1564 1942 obsidione,
1591 1908 1662 1947 pa-

302 1971 390 1996 cem
424 1970 516 1995 eum
542 1956 660 1995 victis
687 1955 881 2004 fecimus,
914 1955 1064 1996 tutelae
1090 1956 1237 1995 deinde
1262 1962 1426 1995 nostrae
1453 1955 1658 1999 duximus,

303 2032 396 2057 cum
422 2017 568 2057 Africo
595 2017 701 2057 bello
726 2025 981 2071 urgerentur.
1030 2033 1103 2071 pro
1134 2017 1197 2057 his
1229 2017 1428 2071 inpertitis
1462 2016 1659 2056 furiosum

300 2079 489 2119 iuvenem
518 2089 736 2131 sequentes
763 2087 1048 2134 oppugnatum
1080 2079 1254 2133 patriam
1279 2086 1459 2118 nostram
1480 2079 1659 2118 veniunt.

301 2148 423 2194 atque
459 2140 616 2180 utinam
652 2155 725 2195 pro
763 2141 909 2182 decore
951 2148 1109 2181 tantum
1146 2140 1224 2181 1100
1259 2139 1377 2180 vobis
1408 2146 1447 2179 et
1477 2154 1559 2179 non
1587 2154 1661 2194 pro

302 2202 432 2243 salute
471 2210 579 2243 esset
616 2203 846 2243 certamcnl
906 2218 988 2243 non
1025 2203 1074 2243 de
1111 2202 1374 2257 possessione
1413 2200 1577 2242 Siciliae
1614 2216 1660 2242 ac

303 2263 536 2313 Sardiniae,
575 2264 625 2305 de
658 2265 807 2318 quibus
841 2266 1047 2318 quondam
1080 2264 1296 2319 agebatur,
1335 2263 1407 2304 sed
1438 2278 1511 2317 pro
1540 2263 1661 2303 Italia

301 2325 418 2366 vobis
452 2332 511 2366 cst
542 2327 825 2381 pugnandum.
874 2341 950 2367 nee
981 2334 1043 2367 est
1074 2326 1178 2367 alius
1211 2325 1262 2366 ab
1296 2332 1411 2380 tergo
1444 2325 1659 2373 exercitus,

301 2387 371 2440 qui
395 2387 474 2427 nisi
499 2402 574 2428 nos
600 2388 803 2428 vincimus
829 2388 938 2429 hosti
964 2388 1156 2436 obsistat,
1183 2402 1257 2428 nec
1277 2386 1408 2442 Alpes
1429 2387 1532 2427 aliae
1553 2393 1659 2434 sunt,

301 2465 403 2503 quas
430 2451 528 2490 dum
555 2458 749 2504 superant
774 2451 986 2504 conparari
1012 2466 1118 2491 nova
1142 2450 1301 2505 possint
1325 2449 1541 2504 praesidia.
1595 2448 1661 2488 1110

303 2519 364 2552 est
401 2512 667 2560 obstandum,
713 2513 882 2561 milites,
926 2513 1038 2553 velut
1075 2513 1109 2553 si
1146 2519 1238 2553 ante
1276 2512 1463 2552 Romana
1500 2510 1659 2551 moenia

302 2588 548 2628 pugnemus.
599 2589 705 2614 1111115
737 2574 912 2628 quisque
944 2590 987 2615 se
1013 2590 1093 2615 non
1119 2589 1267 2628 corpus
1294 2588 1434 2622 suum,
1467 2572 1539 2613 sed
1565 2587 1660 2612 con-

302 2635 439 2688 iugem
472 2650 519 2676 ae
549 2635 698 2676 liberos
730 2650 878 2690 parvos
911 2636 1035 2677 armis
1067 2643 1281 2690 protegere
1312 2641 1446 2689 putet,
1483 2648 1559 2674 nee
1589 2633 1660 2673 do-

303 2696 493 2736 mesticas
533 2697 665 2738 solum
702 2697 828 2751 agitet
865 2712 1003 2747 curas,
1042 2698 1114 2738 sed
1150 2697 1373 2738 identidem
1410 2695 1487 2736 1100
1523 2695 1658 2734 animo
