1815 3184
287 227 342 267 80
596 234 748 268 LIBER
773 234 905 277 XXII,
931 233 985 268 25.
1005 234 1059 267 26.
1088 236 1136 277 [a.
1151 246 1185 268 u.
1200 245 1230 269 ρ.
1244 234 1326 277 537]

284 337 518 391 abrogando
551 336 602 388 Q.
633 336 739 376 Fabi
769 337 959 390 imperio3
996 350 1105 377 nunc
1140 336 1344 377 modicam
1379 339 1631 392 rogationem

282 398 635 452 promulgaturum
666 398 715 438 de
741 398 954 451 aequando
981 398 1166 452 magistri
1192 398 1373 450 equitum
1399 406 1438 439 et
1463 400 1632 441 dictato-

219 474 253 501 11
280 459 335 499 115
371 459 469 499 iur.e
518 473 593 499 1100
628 466 765 499 tamen
799 474 850 500 ne
881 460 937 500 ita
968 460 1133 512 quidem
1163 460 1275 529 plius
1307 461 1551 502 mittendum
1581 463 1632 503 ad

282 520 503 560 exercitum
530 519 581 572 Q.
607 520 804 570 Fabium,
841 535 965 574 quam
997 521 1206 561 consulem
1236 522 1278 561 in
1302 522 1437 562 locum
1464 522 1512 563 C.
1539 523 1633 564 Fla-

217 595 254 623 12
281 581 379 621 mini
399 582 642 622 suffecisset.
669 582 841 623 dictator
862 582 1120 622 contionibus
1142 597 1185 623 se
1205 583 1401 623 abstinuit
1420 584 1462 624 in
1475 584 1633 625 actione

280 643 445 682 minime
464 643 662 697 populari.
700 658 750 684 ne
770 644 813 684 in
833 651 978 685 senatu
997 644 1161 697 quidem
1181 645 1279 685 511115
1299 645 1440 698 aequis
1466 645 1632 688 auribus

281 704 532 753 audiebatur,
561 719 653 745 curn
674 705 834 746 hostem
853 705 988 746 verbis
1016 706 1225 747 extolleret
1250 706 1469 760 biennique
1496 708 1632 748 clades

280 779 352 818 per
371 767 639 807 temeritatem
658 774 778 820 atque
798 767 1052 808 inscientiam
1073 768 1223 808 ducum
1243 775 1431 823 acceptas
1450 769 1631 810 referret.

215 839 254 868 13
280 828 476 881 magister
512 829 693 881 equitum
730 830 841 882 quod
877 838 1015 870 contra
1053 829 1206 870 dictum
1243 845 1363 870 suum
1393 839 1631 885 pugnasset,

215 901 254 930 14
279 890 477 930 rationem
502 891 634 932 dicere
659 891 908 932 reddendam
935 906 1044 932 esse:
1077 891 1110 932 si
1134 906 1261 945 penes
1293 907 1337 933 se
1368 908 1528 933 summa
1558 893 1633 933 im-

279 952 381 1005 perii
423 953 661 1006 consiliique
699 953 768 1001 sit,
811 967 937 1007 prope
974 953 1081 993 diem
1119 953 1378 1003 effecturum,
1423 961 1466 994 111
1503 955 1632 996 sciant

280 1014 485 1063 homines,
518 1014 626 1056 bono
650 1015 893 1068 imperatore
918 1014 1017 1055 haut
1042 1016 1181 1069 magni
1206 1015 1412 1056 fortunam
1436 1017 1632 1057 momenti

217 1087 254 1115 15
281 1090 390 1125 csse,
416 1083 593 1116 mentem
618 1076 896 1129 rationemque
924 1076 1141 1126 dominari,
1168 1083 1205 1116 et
1224 1077 1265 1116 in
1285 1084 1465 1130 tempore
1486 1086 1524 1118 et
1545 1078 1631 1118 sine

279 1138 503 1193 ignominia
533 1152 719 1178 servasse
751 1138 972 1178 exercitum
1004 1153 1126 1191 quam
1158 1138 1285 1178 multa
1315 1139 1426 1178 milia
1451 1139 1631 1179 hostium

216 1207 254 1237 16
282 1200 479 1240 occidisse
504 1200 699 1240 maiorem
718 1199 890 1253 gloriam
915 1214 1018 1240 0550.
1055 1200 1176 1240 11111115
1197 1200 1358 1254 generis
1381 1201 1630 1241 orationibus

280 1261 432 1302 frustra
456 1261 605 1302 habitis
627 1269 665 1302 et
685 1261 851 1302 consule
872 1269 1006 1302 creato
1025 1261 1086 1301 M.
1102 1261 1230 1301 Atilio
1244 1261 1418 1316 Regulo,
1445 1277 1495 1302 ne
1515 1277 1631 1316 prac-

283 1338 376 1364 sens
416 1323 465 1363 de
501 1323 586 1363 iure
622 1323 780 1376 imperii
817 1323 1045 1371 dimicaret,
1083 1323 1213 1376 pridie
1249 1338 1371 1376 quam
1408 1324 1630 1377 rogationis

217 1393 254 1421 17
282 1385 473 1425 ferendae
499 1385 584 1424 dies
611 1385 790 1432 adesset,
817 1393 933 1424 110010
959 1384 1010 1424 11(1
1036 1384 1258 1424 exercitum
1285 1384 1395 1424 abiit.
1433 1384 1524 1424 luce
1545 1393 1632 1425 orta

281 1461 373 1487 cum
399 1446 530 1500 plebis
557 1446 772 1486 concilium
799 1454 924 1494 05501,
951 1446 1083 1500 magis
1104 1446 1225 1486 tacita
1243 1446 1397 1486 invidia
1422 1446 1630 1487 dictatoris

279 1508 478 1561 favorque
514 1507 701 1562 magistri
738 1507 919 1560 equitum
956 1507 1113 1547 animos
1149 1507 1340 1547 versabat
1376 1521 1499 1560 quam
1533 1508 1630 1549 satis

281 1570 486 1611 audebant
528 1570 713 1610 homines
757 1570 809 1609 ad
846 1569 1101 1609 suadendum
1138 1569 1248 1621 quod
1284 1568 1408 1623 vulgo
1444 1569 1632 1623 placebat

280 1633 460 1687 prodire,
499 1639 539 1672 et
573 1631 713 1672 favore
751 1638 967 1685 superante
1003 1631 1221 1671 auctoritas
1259 1637 1396 1670 tamen
1430 1631 1631 1685 rogationi

215 1710 254 1740 18
281 1695 431 1734 deerat.
469 1708 574 1734 unus
600 1693 788 1733 inventus
815 1700 875 1733 est
903 1707 1047 1733 suasor
1064 1692 1167 1747 legis
1190 1691 1238 1733 C.
1256 1692 1471 1732 Terentius
1487 1692 1630 1741 Varro,

279 1756 349 1809 qui
384 1756 518 1810 priore
554 1770 659 1795 anno
696 1761 857 1808 praetor
892 1754 1043 1803 fuerat,
1080 1754 1169 1794 loco
1200 1769 1280 1794 non
1311 1753 1454 1793 humili
1485 1754 1630 1803 solum,

215 1832 253 1862 19
281 1818 354 1858 sed
390 1818 511 1858 etiam
549 1817 712 1858 sordido
749 1823 874 1857 ortus.
929 1823 1087 1870 patrem
1124 1816 1279 1856 lanium
1315 1815 1445 1856 fuisse
1481 1815 1630 1864 ferunt,

278 1881 415 1934 ipsum
439 1879 665 1919 institorem
689 1879 856 1927 mercis,
882 1878 1047 1931 filioque
1072 1877 1149 1918 hoe
1174 1878 1263 1931 ipso
1288 1877 1330 1917 in
1355 1876 1518 1918 servilia
1543 1877 1630 1917 eius

279 1941 376 1982 artis
401 1941 625 1981 ministeria
649 1955 783 1981 usum.

236 2018 250 2046 1
362 2001 535 2042 XXVI.
583 2002 625 2042 Is
646 2002 822 2050 iuvenis,
851 2008 894 2041 ut
913 2001 1089 2055 primum
1113 2014 1164 2040 ex
1189 2014 1236 2040 eo
1261 2014 1410 2054 genere
1436 2006 1630 2052 quaestus

278 2064 451 2119 pecunia
482 2079 505 2104 a
535 2071 649 2117 patre
674 2063 813 2104 relicta
838 2063 994 2103 animos
1021 2062 1074 2102 ad
1099 2076 1213 2115 spem
1238 2060 1477 2101 liberalioris
1503 2059 1632 2100 fortu-

235 2141 252 2169 2
280 2141 354 2167 11110
391 2125 488 2165 fecit
522 2132 700 2179 togaque
737 2132 776 2165 et
811 2124 946 2165 forum
981 2124 1188 2178 placuere,
1232 2122 1522 2176 proclamando
1557 2136 1630 2175 pro

280 2187 453 2229 sordidis
496 2186 730 2227 hominibus
774 2187 991 2239 causisque
1033 2186 1230 2226 adversus
1274 2199 1359 2224 rem
1402 2192 1442 2224 et
1476 2183 1630 2224 famam

278 2250 477 2290 bonorum
502 2249 680 2303 primum
710 2249 753 2288 in
782 2248 966 2289 notitiam
997 2247 1156 2302 populi,
1194 2246 1340 2286 deinde
1373 2246 1425 2286 ad
1455 2245 1628 2286 honores

235 2325 253 2354 3
279 2311 474 2365 pervenit.
524 2318 744 2363 quaestura
774 2324 938 2362 quoque
969 2318 1010 2350 et
1034 2308 1194 2349 duabus
1220 2307 1514 2356 aedilitatibus,
1546 2307 1631 2360 ple-

279 2373 371 2413 beia
408 2379 446 2412 et
481 2371 627 2420 curuli,
665 2379 871 2426 postremo
908 2378 947 2411 et
977 2377 1166 2425 praetura
1197 2369 1435 2423 perfunctus
1467 2369 1548 2408 iam
1579 2368 1630 2408 ad

234 2448 253 2476 4
280 2433 513 2474 consulatus
540 2448 656 2487 spem
681 2447 774 2473 cum
799 2433 1012 2473 adtolleret
1036 2432 1212 2480 animos,
1245 2430 1355 2470 haud
1379 2445 1523 2484 parum
1549 2429 1630 2470 cal-

279 2495 359 2534 lide
395 2509 536 2534 auram
572 2494 724 2534 favoris
761 2494 967 2548 popularis
1005 2508 1056 2534 ex
1091 2492 1304 2533 dictatoria
1333 2492 1486 2531 invidia
1516 2491 1630 2545 petiit

237 2571 255 2598 5
282 2556 451 2608 scitique
476 2555 606 2608 plebis
632 2571 737 2595 unus
758 2555 932 2609 gratiam
952 2555 1054 2595 tulit.
1093 2568 1234 2595 omncs
1261 2568 1352 2594 eam
1376 2552 1629 2607 rogationem

281 2617 430 2668 quique
455 2616 612 2657 Romae
643 2617 793 2669 quique
822 2617 865 2656 in
895 2616 1074 2657 exercitu
1101 2622 1232 2663 erant,
1264 2614 1384 2667 aequi
1409 2625 1530 2666 atque
1554 2612 1629 2651 ini-

287 2678 374 2730 qui,
406 2685 565 2731 practer
588 2678 725 2731 ipsum
749 2678 987 2719 dictatorem
1012 2678 1053 2718 in
1079 2676 1366 2718 contumeliam
1393 2675 1479 2715 eius
1504 2673 1626 2713 latam
