1815 3184
523 250 675 284 LIBER
699 250 825 293 XXX,
853 250 883 283 7.
902 250 934 284 8.
962 248 1161 294 [a.0.203]
1422 240 1504 281 489

167 362 231 394 tur
257 352 458 408 Scipioni,
490 354 591 395 urbe
615 353 805 394 excessit.
864 368 961 394 mox
985 353 1129 394 eodem
1152 353 1386 408 patentibus
1412 367 1506 407 por-

166 415 217 455 tis
242 414 419 456 Romani
444 415 617 470 accepti3
642 429 719 455 nec
742 415 960 468 quicquam
984 414 1149 464 hostile,
1175 415 1271 468 quia
1295 415 1505 456 voluntate

166 483 454 517 concesserant
482 476 525 516 in
556 476 776 525 dicionem,
814 476 980 517 factum.
1039 477 1143 517 duae
1175 476 1346 517 subinde
1382 477 1504 517 urbes

165 545 308 592 captae
333 537 614 592 direptaeque:
640 553 689 578 ea
710 538 865 593 praeda
889 545 928 579 et
953 552 1056 591 quae
1082 538 1226 578 castris
1251 538 1428 579 incensis
1454 553 1506 579 ex

163 599 259 654 igne
283 606 401 654 rapta
426 607 513 639 erat
536 599 654 639 militi
678 614 874 641 concessa
898 608 973 640 est.
1035 598 1208 654 Syphax
1232 607 1323 641 octo
1348 599 1504 640 milium

165 661 293 701 ferme
329 661 423 702 inde
455 662 587 716 spatio
622 661 712 703 loco
744 662 992 703 communito
1023 662 1226 711 consedit3
1266 662 1504 703 Hasdrubal

166 721 464 777 Carthaginem
499 723 724 772 contendit,
766 739 818 764 ne
854 724 952 776 quid
986 739 1059 778 per
1087 731 1242 765 metum
1273 739 1324 764 ex
1352 723 1506 764 recenti

165 784 281 825 clade
305 784 467 825 mollius
500 785 789 826 consuleretur.
850 800 930 838 quo
961 793 1096 826 tantus
1126 785 1258 840 primo
1289 793 1417 826 terror
1442 795 1505 826 est

165 846 343 895 adlatus,
369 854 414 887 ut
438 847 592 888 omissa
603 847 729 889 Utica
743 846 1039 902 Carthaginem
1064 848 1275 888 crederent
1299 848 1504 902 extemplo

165 907 404 962 Scipionem
440 909 717 949 obsessurum.
790 917 977 950 senatum
1011 909 1147 962 itaque
1185 910 1357 958 sufetes,
1395 910 1504 962 quod

163 969 275 1009 velut
300 970 513 1010 consulare
538 970 754 1024 imperium
780 971 889 1024 apud
913 986 983 1011 eos
1009 978 1112 1020 erat,
1139 978 1400 1012 vocaverunt.
1447 971 1504 1012 ibi

162 1032 292 1072 tribus
323 1031 362 1087 [e
381 1031 585 1087 partibus]
612 1047 694 1072 una
719 1033 769 1072 de
794 1047 895 1086 pace
914 1033 1073 1088 legatos
1100 1033 1152 1073 ad
1173 1032 1408 1087 Scipionem
1434 1035 1504 1074 de-

162 1095 377 1143 cernebat,
427 1094 554 1134 altera
588 1094 868 1134 Hannibalem
904 1095 957 1134 ad
992 1095 1186 1135 tuendam
1221 1097 1272 1136 ab
1309 1096 1505 1136 exitiabili

160 1156 268 1196 bello
304 1155 479 1209 patriam
514 1156 753 1204 revocabat,
797 1155 915 1196 tertia
938 1180 971 1184 —
994 1156 1207 1196 Romanae
1242 1157 1285 1196 in
1320 1157 1503 1198 adversis

158 1217 280 1256 rebus
320 1216 574 1257 constantiae
610 1224 697 1257 erat
719 1241 752 1246 —
775 1217 1049 1272 reparandum
1085 1218 1309 1258 exercitum
1341 1217 1504 1273 Sypha-

160 1292 329 1331 cemque
355 1278 619 1327 hortandum,
650 1294 702 1319 ne
726 1279 834 1320 bello
860 1279 1095 1328 absisteret,
1127 1280 1333 1320 censebat.
1404 1281 1506 1321 haec

160 1340 380 1389 sententia,
418 1340 513 1393 quia
537 1341 777 1381 Hasdrubal
813 1356 1009 1395 praesens
1039 1341 1324 1395 Barcinaeque
1361 1357 1503 1383 omnes

1530 366 1549 395 2

1531 1234 1547 1261 7

159 1401 349 1442 factionis
375 1402 529 1443 bellum
552 1403 779 1452 malebant,
817 1403 954 1444 vincit.
1013 1403 1108 1444 inde
1139 1404 1310 1444 dilectus
1335 1404 1377 1444 in
1402 1405 1502 1445 urbe
1529 1417 1547 1446 8

160 1464 352 1518 agrisque
387 1464 530 1505 haberi
566 1474 735 1520 coeptus
772 1473 813 1506 et
848 1466 900 1506 ad
939 1464 1174 1520 Syphacem
1208 1466 1334 1521 legati
1374 1467 1502 1516 missi,

160 1541 320 1566 summa
344 1541 421 1580 ope
447 1533 487 1566 et
510 1526 646 1580 ipsum
675 1536 934 1581 reparantem
964 1527 1135 1577 bellum,
1173 1542 1266 1568 cum
1290 1543 1392 1569 uxor
1421 1543 1504 1569 non

158 1587 241 1628 iam
265 1596 310 1628 ut
334 1596 429 1629 ante
454 1588 682 1638 blanditiis,
709 1589 808 1630 satis
833 1590 1069 1644 potentibus
1092 1590 1144 1630 acl
1164 1590 1344 1630 animum
1364 1606 1503 1631 aman-

159 1649 229 1698 tis,
256 1650 329 1690 sed
353 1650 543 1705 precibus
570 1658 610 1691 et
634 1650 914 1692 misericordia
937 1651 1152 1701 valuisset,
1177 1652 1299 1706 plena
1317 1652 1503 1693 lacrima-

157 1727 248 1752 rum
272 1712 503 1761 obtestans,
539 1727 591 1753 ne
622 1720 782 1768 patrem
813 1729 932 1754 suum
956 1713 1211 1768 patriamque
1235 1714 1426 1768 proderet
1448 1716 1504 1755 is-

158 1774 332 1827 demque
357 1774 531 1814 flammis
559 1773 876 1830 Carthaginem,
915 1772 1228 1829 quibus‘castra
1252 1776 1502 1831 conflagras-

158 1844 267 1884 sent,
305 1836 466 1877 absumi
498 1836 659 1878 sineret.
721 1852 837 1892 spem
867 1852 1028 1891 quoque
1059 1845 1286 1893 opportune
1323 1838 1502 1879 oblatam

157 1897 400 1938 adferebant
429 1898 573 1952 legati:
611 1907 802 1952 quattuor
831 1900 943 1940 milia
968 1899 1269 1941 Celtiberorum
1299 1900 1406 1941 circa
1434 1916 1502 1941 ur-

156 1960 251 2000 bem
273 1959 438 2000 nomine
466 1960 652 2010 Obbam,
679 1962 729 2002 ab
755 1962 1097 2014 conquisitoribus
1125 1962 1208 2002 suis
1234 1963 1435 2003 conducta
1459 1962 1501 2002 in

155 2022 380 2076 Hispania,
419 2022 611 2077 egregiae
646 2023 887 2073 iuventutis,
925 2023 1003 2064 sibi
1038 2024 1282 2073 occurrisse,
1319 2032 1359 2065 et
1388 2025 1501 2065 Has-

157 2084 369 2124 drubalem
403 2099 531 2139 prope
569 2084 677 2125 diem
714 2086 855 2126 adfore
892 2100 985 2126 cum
1020 2101 1145 2125 manu
1184 2086 1502 2139 haudquaquam

156 2146 468 2186 contemnenda.
506 2146 630 2200 igitur
654 2162 737 2188 non
756 2147 933 2202 benigne
957 2148 1079 2188 modo
1104 2147 1250 2202 legatis
1275 2148 1498 2203 respondit,

157 2207 231 2247 sed
261 2207 440 2248 ostendit
470 2208 592 2248 etiam
628 2209 931 2250 multitudinem
966 2210 1189 2264 agrestium
1217 2210 1500 2259 Numidarum,

157 2269 303 2321 quibus
322 2284 396 2324 per
415 2270 583 2311 eosdem
603 2271 689 2312 dies
710 2286 823 2312 arma
843 2286 1051 2325 equosque
1072 2272 1265 2321 dedisset,
1281 2279 1320 2313 et
1339 2287 1502 2313 omnem

155 2330 409 2371 iuventutem
434 2332 621 2373 adfirmat
646 2348 697 2374 eX
720 2348 849 2388 regno
874 2334 1125 2375 exciturum:
1169 2334 1272 2375 scire
1296 2334 1497 2384 incendio,

155 2406 237 2432 non
260 2392 416 2446 proelio
443 2393 601 2434 cladem
627 2403 836 2449 acceptam
845 2412 855 2445 3
883 2410 977 2436 eum
1000 2396 1108 2437 bello
1133 2396 1368 2437 inferiorem
1393 2411 1498 2446 esse,

156 2453 225 2506 qui
250 2453 372 2494 armis
399 2454 597 2496 vincatur.
656 2456 759 2497 haec
788 2457 936 2511 legatis
966 2473 1185 2512 responsa3
1223 2466 1262 2498 et
1291 2466 1386 2513 post
1410 2458 1498 2499 dies

154 2529 308 2569 paucos
333 2531 453 2556 rusus
478 2517 721 2558 Hasdrubal
751 2526 792 2559 et
817 2517 988 2574 Syphax
1012 2519 1150 2574 copias
1175 2520 1407 2561 iunxerunt.
1465 2520 1500 2560 is

154 2576 286 2617 omnis
312 2578 514 2618 exercitus
540 2579 617 2619 fuit
641 2580 808 2635 triginta
831 2581 960 2622 ferme
984 2581 1097 2622 milia
1121 2588 1381 2623 armatorum.

236 2639 360 2681 VIII.
422 2639 678 2695 Scipionem,
710 2642 823 2683 velut
846 2643 926 2683 iam
952 2643 1176 2693 debellato,
1208 2644 1318 2697 quod
1342 2644 1394 2685 ad
1419 2642 1499 2698 Sy-

152 2700 325 2755 phacem
341 2700 790 2757 Carthaginiensesque
806 2704 1007 2755 attineret,
1031 2705 1182 2747 Uticae
1196 2706 1499 2761 oppugnandae

1529 1729 1546 1758 9

1531 1852 1569 1881 10

1528 2161 1565 2189 11

1526 2347 1566 2376 12

1527 2472 1564 2501 13

1527 2659 1542 2688 1
