1815 3184
540 202 692 236 LIBER
716 202 842 246 xxv,
871 202 944 236 1.2.
973 200 1170 246 [a.e.213]
1451 191 1534 234 215

179 305 466 361 Capitolioque
497 305 715 346 mulierum
745 305 864 347 turba
894 312 980 347 erat
1009 320 1085 346 nec
1116 304 1433 346 sacrificantium
1457 317 1533 345 nec

177 368 431 422 precantium
468 367 566 408 deos
603 368 734 421 patrio
770 382 895 408 more.
968 366 1184 408 sacrificuli
1227 381 1275 407 ae
1316 372 1430 408 vates
1467 380 1533 406 ee·
1557 378 1576 408 8

178 436 322 483 perant
346 429 559 470 hominum
584 436 761 478 mentes,
799 444 974 482 quorum
999 443 1214 469 numerum
1242 428 1355 469 auxit
1379 427 1533 469 rustica

177 490 293 545 plebs
325 506 376 531 ex
405 491 567 531 incultis
605 491 760 531 diutino
792 491 899 532 bello
929 491 1172 544 infestisque
1203 490 1312 545 agris
1349 496 1531 544 egestate

178 561 217 593 et
248 559 360 593 metu
390 552 432 592 in
462 552 607 593 urbem
637 552 837 607 conpulsa
867 559 907 593 et
935 559 1133 606 quaestus
1165 566 1216 592 ex
1241 552 1373 593 alieno
1399 565 1532 592 errore

177 614 328 663 facilis,
373 629 496 667 quem
532 614 644 654 velut
679 629 730 655 ex
766 628 987 655 concessae
1024 614 1120 655 artis
1157 629 1236 655 usu
1273 613 1531 654 exercebant.

176 676 308 730 primo
328 683 508 717 secretae
529 676 729 717 bonorum
748 676 1049 731 indignationes
1070 675 1357 725 audiebantur,
1385 675 1532 716 deinde
1558 687 1576 717 9

177 738 229 778 ad
264 744 401 792 patres
439 738 561 778 etiam
597 753 645 779 ac
680 738 887 792 publicam
918 738 1214 791 querimoniam
1247 738 1424 779 excessit
1454 752 1532 778 res.

178 799 353 839 incusati
378 800 557 854 graviter
582 799 634 840 ab
661 806 806 840 senatu
831 800 984 840 aediles
1015 800 1296 852 triumvirique
1323 799 1530 854 capitales,
1561 810 1600 839 10

177 862 287 913 quod
313 876 392 901 non
418 861 700 915 prohiberent,
732 875 826 901 cum
852 876 1042 902 emovere
1068 876 1157 901 eam
1183 861 1485 902 multitudinem
1511 876 1532 902 e

176 922 266 963 foro
299 937 346 963 ac
377 923 547 963 disicere
579 923 799 976 adparatus
832 937 1042 963 sacrorum
1075 923 1210 963 conati
1241 929 1396 972 essent,
1435 924 1535 964 haut

175 984 317 1037 procul
342 984 462 1033 afuit,
495 984 594 1036 quin
619 983 880 1025 violarentur.
941 984 1012 1024 ubi
1036 984 1241 1037 potentius
1267 984 1349 1024 iam
1376 1000 1466 1026 esse
1491 986 1533 1025 id
1561 997 1597 1025 11

175 1045 329 1085 malum
354 1046 541 1099 apparuit
565 1060 688 1098 quam
715 1052 757 1086 ut
781 1045 950 1086 minoris
976 1059 1049 1098 per
1079 1045 1344 1099 magistratus
1372 1047 1534 1087 sedare-

175 1112 257 1155 tur,
294 1106 354 1146 M.
381 1106 562 1146 Aemilio
587 1107 765 1160 praetori
790 1106 878 1147 urb.
904 1106 1116 1160 negotium
1143 1106 1194 1147 ab
1222 1114 1367 1147 senatu
1393 1107 1533 1148 datum

174 1173 253 1216 est,
290 1174 335 1207 ut
365 1167 428 1208 his
459 1167 726 1222 religionibus
757 1167 956 1222 populum
982 1167 1184 1208 liberaret.
1245 1168 1281 1208 is
1307 1175 1346 1208 et
1370 1168 1412 1208 in
1437 1183 1533 1209 con-
1562 1181 1599 1210 12

173 1229 281 1269 tione
309 1236 474 1269 senatus
502 1229 735 1270 consultum
760 1229 945 1270 recitavit
971 1236 1012 1269 et
1037 1229 1181 1278 edixit,
1214 1236 1258 1269 ut
1283 1230 1532 1284 quicumque

172 1290 298 1331 libros
325 1291 537 1331 vaticinios
563 1291 872 1346 precationesve
903 1298 972 1332 aut
999 1298 1127 1331 artem
1153 1291 1410 1332 sacrificandi
1437 1307 1533 1334 con-

175 1352 367 1407 scriptam
393 1352 580 1402 haberet,
619 1368 688 1395 eos
719 1353 845 1395 libros
871 1354 1003 1394 omnis
1029 1354 1266 1407 litterasque
1291 1354 1344 1394 ad
1370 1369 1413 1395 se
1439 1360 1532 1394 ante

174 1414 255 1454 kal.
281 1413 448 1468 Apriles
485 1415 678 1463 deferret,
716 1430 797 1456 neu
833 1416 924 1469 quis
961 1416 1003 1456 in
1038 1415 1204 1470 publico
1237 1430 1406 1457 sacrove
1442 1416 1532 1457 loco

174 1490 279 1516 novo
305 1483 374 1516 aut
400 1482 566 1517 externo
591 1477 671 1517 ritu
697 1477 956 1518 sacrificaret.

259 1537 315 1577 ΙΙ.
376 1536 548 1590 Aliquot
578 1538 732 1592 publici
765 1540 997 1580 sacerdotes
1030 1540 1179 1580 mortui
1210 1554 1258 1580 eo
1290 1554 1397 1581 anno
1424 1547 1529 1589 sunt,
1561 1554 1574 1581 1

177 1598 227 1639 L.
257 1598 473 1639 Cornelius
498 1600 703 1640 Lentulus
735 1600 935 1654 pontufex
961 1601 1165 1641 maximus
1198 1607 1237 1641 et
1264 1600 1313 1642 C.
1339 1601 1531 1655 Papirius

177 1660 225 1701 C.
252 1661 280 1700 f.
307 1660 452 1701 Masso
477 1661 663 1714 pontifex
689 1669 727 1702 et
755 1661 800 1702 P.
820 1662 972 1702 Furius
998 1662 1143 1702 Philus
1171 1677 1303 1717 augur
1327 1669 1367 1703 et
1388 1662 1436 1704 C.
1451 1663 1532 1703 Pa-

175 1724 302 1778 pirius
327 1724 381 1763 L.
402 1723 430 1763 f.
446 1722 592 1764 Masso
619 1724 826 1764 decemvir
852 1738 1073 1764 sacrorum.
1134 1724 1176 1764 in
1201 1724 1371 1764 Lentuli
1395 1724 1531 1765 locum

175 1785 235 1825 M.
265 1784 481 1826 Cornelius
516 1784 747 1839 Cethegus,
786 1785 828 1825 in
860 1785 1001 1840 Papiri
1034 1785 1111 1826 Cn.
1141 1784 1341 1827 Servilius
1374 1785 1531 1840 Caepio

174 1847 389 1901 pontifices
416 1846 578 1887 suffecti
605 1854 716 1897 sunt,
755 1862 887 1901 augur
918 1854 1078 1889 creatus
1110 1848 1162 1888 L.
1191 1847 1411 1900 Quinctius
1437 1848 1530 1889 Fla-

175 1909 372 1957 mininus,
399 1909 606 1950 decemvir
631 1924 841 1950 sacrorum
866 1910 918 1950 L.
948 1908 1167 1950 Cornelius
1192 1909 1411 1951 Lentulus.

262 1970 535 2012 Comitiorum
566 1971 843 2012 consularium
875 1971 957 2012 iam
989 1971 1208 2026 adpetebat
1239 1978 1419 2026 tempus,
1458 1973 1532 2013 sed
1558 1986 1575 2014 3

176 2033 272 2086 quia
296 2033 485 2074 consules
512 2034 572 2087 (a)
599 2033 706 2074 bello
731 2034 908 2074 intentos
935 2048 1106 2075 avocare
1130 2049 1213 2074 non
1237 2034 1437 2088 placebat,
1465 2034 1528 2075 Ti.

178 2093 447 2148 Sempronius
474 2095 618 2136 consul
649 2096 906 2146 comitiorum
932 2110 1057 2137 eausa
1087 2096 1326 2137 dictatorem
1351 2096 1454 2137 dixit
1480 2096 1528 2137 C.

178 2156 400 2197 Claudium
427 2157 668 2199 Centonem.
724 2158 776 2199 ab
802 2173 850 2199 eo
876 2158 1072 2213 magister
1102 2159 1285 2211 equitum
1311 2165 1372 2200 est
1397 2159 1529 2200 dictus

178 2218 229 2270 Q.
257 2219 429 2260 Fulvius
454 2220 644 2262 Flaccus.
706 2220 877 2261 dictator
906 2221 1038 2274 primo
1070 2220 1263 2261 comitiali
1289 2221 1353 2261 die
1379 2222 1531 2262 creavit
1556 2234 1574 2262 4

176 2281 387 2321 001151110111
403 2281 454 2334 Q.
470 2282 664 2323 Fulvium
686 2283 881 2323 Flaccum
907 2283 1152 2337 magistrum
1177 2283 1360 2336 equitum
1386 2290 1425 2324 et
1444 2283 1527 2338 Ap.

178 2341 399 2383 Claudium
435 2343 686 2393 Pulchrum,
736 2345 802 2385 cui
840 2344 981 2385 Sicilia
1016 2345 1227 2399 provincia
1262 2345 1303 2384 in
1340 2352 1531 2399 praetura

177 2404 320 2446 fuerat.
382 2412 469 2446 tum
499 2413 706 2460 praetores
739 2407 862 2448 creati
895 2406 971 2448 Cn.
998 2406 1170 2448 Fulvius
1202 2407 1396 2457 Flaccus,
1437 2406 1527 2462 [C.]
1556 2422 1574 2450 5

177 2466 377 2508 Claudius
409 2468 536 2517 Nero,
575 2468 636 2509 M.
669 2469 814 2510 Iunius
848 2468 1034 2518 Silanus,
1072 2469 1120 2509 P.
1149 2468 1365 2510 Cornelius
1399 2468 1527 2511 Sulla.

176 2529 350 2570 comitiis
376 2530 569 2583 perfectis
595 2531 768 2573 dictator
792 2531 1036 2586 magistratu
1061 2530 1172 2571 abiit.

259 2591 420 2633 Aedilis
447 2591 599 2633 eurulis
625 2592 702 2634 fuit
727 2608 776 2635 eo
801 2608 908 2634 anno
936 2607 1030 2634 eum
1055 2592 1115 2632 M.
1132 2591 1325 2634 Cornelio
1341 2591 1527 2649 Cethego
1554 2608 1572 2636 6

178 2653 222 2694 P.
258 2653 473 2695 Cornelius
508 2653 666 2709 Scipio,
706 2655 772 2696 cui
806 2662 900 2710 post
935 2654 1135 2696 Africano
1171 2654 1249 2696 fuit
1285 2670 1527 2711 cognomen.

1557 1738 1575 1766 NJ
