1815 3184
251 436 268 463 6

247 1295 265 1324 10

245 1910 263 1939 C*

246 2283 261 2310 *1

245 2526 264 2555 8

246 2712 264 2741 9

297 251 380 291 452
568 257 723 291 LIBER
749 257 954 301 XXVIIII,
982 259 1033 291 10.
1057 258 1110 291 11.
1138 259 1374 304 [a.u.e.549]

294 375 435 415 posse,
463 360 497 400 si
516 359 652 399 Mater
675 358 802 399 Idaea
826 374 850 399 a
868 359 1116 400 Pessinunte
1130 360 1307 401 Romam
1332 361 1503 402 advecta
1526 363 1642 404 foret.

294 423 336 461 id
361 435 522 461 carmen
548 420 599 460 ab
625 420 866 460 decemviris
892 421 1103 461 inventum
1130 436 1176 462 eo
1197 422 1329 476 magis
1350 429 1485 476 patres
1504 425 1642 473 movit,

293 482 404 535 quod
430 488 469 522 et
498 481 640 536 legati,
679 481 747 534 qui
779 482 932 521 donum
961 482 1150 536 Delphos
1180 490 1459 537 portaverant,
1496 484 1646 524 refere-

294 544 409 591 bant,
447 550 485 584 et
517 543 840 584 sacrificantibus
877 544 977 597 ipsis
1003 544 1154 598 Pythio
1184 545 1381 598 Apolloni
1409 545 1645 607 laetaqexta

292 605 422 646 fuisse
448 612 486 645 et
511 619 754 659 responsum
775 605 938 645 oraculo
958 606 1123 654 editum,
1151 606 1345 647 maiorem
1365 607 1494 647 multo
1519 607 1646 647 vieto-

292 667 394 707 riam
420 681 543 719 quam
569 667 684 707 cuius
711 681 761 706 ex
787 667 926 720 spoliis
953 667 1061 707 dona
1090 675 1298 721 portarent
1323 669 1468 709 adesse
1493 668 1645 722 populo

292 729 493 769 Romano.
553 728 594 768 in
626 728 808 768 eiusdem
842 729 928 782 spei
960 743 1162 769 summam
1193 729 1456 770 conferebant
1480 729 1528 770 P.
1557 728 1647 770 Sci-

292 790 425 844 pionis
462 789 573 830 vclut
608 790 936 844 praesagientem
972 790 1154 830 animum
1190 791 1240 830 de
1275 791 1355 831 fine
1385 791 1498 839 belli,
1537 791 1647 844 quod

292 852 601 905 depoposcisset
625 851 878 904 provinciam
902 850 1102 891 Africam.
1151 851 1305 904 itaque,
1343 866 1424 904 quo
1448 852 1646 893 maturius

291 912 406 961 fatis,
455 911 661 953 ominibus
711 912 968 964 oraculisque
1002 913 1283 966 portendentis
1321 927 1411 953 sese
1453 913 1646 953 victoriae

292 980 500 1028 compotes
531 973 692 1022 fierent,
730 973 771 1013 id
803 974 1001 1028 cogitare,
1041 988 1146 1027 quae
1176 974 1278 1015 ratio
1310 974 1646 1028 transportandae

291 1036 469 1076 Romam
495 1036 595 1075 deae
621 1043 742 1075 essct.

376 1097 459 1137 XI.
519 1096 765 1137 Nullasdum
796 1097 837 1136 in
862 1096 966 1138 Asia
999 1098 1129 1138 socias
1162 1098 1345 1139 civitates
1371 1097 1550 1139 habebat
1574 1112 1645 1151 po-

291 1159 412 1212 pulus
449 1158 681 1206 Romanus3
719 1165 854 1198 tamen
891 1174 1112 1207 memores,
1150 1159 1447 1213 Aesculapium
1483 1173 1644 1212 quoque

292 1235 342 1260 ex
369 1218 543 1261 Graecia
574 1220 782 1272 quondam
813 1220 1023 1260 hauddum
1056 1221 1138 1261 ullo
1164 1221 1328 1261 foedere
1360 1222 1512 1262 sociata
1537 1221 1646 1261 vale-

292 1281 443 1322 tudinis
481 1282 621 1335 populi
659 1296 783 1322 causa
818 1282 1076 1330 arcessitum,
1126 1290 1220 1322 tunc
1256 1283 1337 1322 iam
1374 1297 1466 1322 cum
1501 1281 1644 1323 Attalo

290 1358 386 1397 rege
405 1351 569 1397 propter
589 1357 803 1384 commune
824 1343 1020 1383 adversus
1035 1343 1272 1397 Philippum
1291 1343 1442 1384 bellum
1458 1351 1644 1398 coeptam

292 1406 512 1445 amicitiam
537 1420 645 1453 csse,
673 1405 875 1445 facturum
902 1419 994 1445 eum
1021 1419 1125 1457 quae
1151 1412 1290 1458 posset
1310 1406 1449 1458 populi
1469 1406 1645 1446 Romani

293 1481 433 1515 causa,
460 1467 617 1521 legatos
645 1467 696 1506 ad
715 1481 808 1506 eum
828 1467 1069 1514 decernunt,
1096 1465 1156 1506 M.
1173 1466 1382 1506 Valerium
1396 1467 1642 1515 Laevinum,

292 1528 361 1580 qui
387 1528 449 1568 bis
477 1528 619 1567 consul
644 1528 776 1567 fuerat
801 1542 847 1567 ac
873 1542 936 1567 res
962 1528 1004 1567 in
1031 1526 1205 1567 Graecia
1230 1534 1433 1581 gesserat,
1459 1527 1520 1568 M.
1538 1526 1644 1568 Cae-

291 1590 428 1629 cilium
454 1589 667 1629 Metellum
694 1590 960 1643 praetorium,
996 1588 1084 1629 Ser.
1114 1588 1343 1642 Sulpicium
1370 1587 1547 1629 Galbam
1570 1604 1644 1630 >ae-

290 1651 488 1698 dilicium,
529 1651 632 1690 duos
665 1651 938 1703 quaestorios,
978 1650 1055 1691 Cn.
1089 1650 1353 1691 Tremellium
1378 1650 1573 1691 Flaccum
1605 1657 1645 1691 et

290 1712 350 1753 M.
371 1712 583 1753 Valerium
607 1712 837 1753 Faltonem.
887 1712 935 1752 iis
962 1712 1140 1765 quinque
1165 1727 1291 1752 naves
1317 1713 1643 1765 quinqueremes,

289 1781 333 1815 ut
360 1789 411 1815 ex
436 1775 632 1829 dignitate
658 1774 797 1828 populi
813 1774 989 1814 Romani
1015 1774 1173 1814 adirent
1198 1788 1267 1814 eas
1293 1780 1438 1822 terras,
1465 1774 1516 1814 ad
1542 1788 1643 1826 quas

290 1836 544 1877 concilianda
579 1835 772 1876 maiestas
810 1836 965 1875 nomini
1001 1835 1189 1876 Romano
1226 1842 1357 1884 esset,
1406 1835 1642 1875 decernunt.
1701 1845 1709 1853 ·

289 1899 413 1953 legati
433 1897 578 1938 Asiam
604 1904 788 1951 petentes
814 1898 999 1951 protinus
1019 1897 1207 1951 Delphos
1233 1912 1325 1937 cum
1351 1897 1642 1945 eseendissent,

289 1960 499 2001 oraculum
525 1960 712 2000 adierunt
744 1959 1023 2008 consulentes,
1062 1960 1113 2000 ad
1144 1960 1255 2012 quod
1284 1959 1495 2013 negotium
1521 1959 1642 1999 domo

288 2022 404 2063 missi
429 2030 584 2070 essent,
622 2021 857 2075 perficiendi
890 2022 976 2062 eius
1007 2036 1130 2074 quam
1158 2021 1235 2062 sibi
1267 2035 1381 2074 spem
1410 2020 1643 2074 populoque

290 2084 477 2125 Romano
503 2083 775 2137 portenderet.
811 2098 1056 2137 responsum
1082 2097 1172 2124 esse
1198 2082 1344 2131 serunt,
1370 2097 1443 2135 per
1455 2082 1641 2122 Attalum
1669 2123 1672 2125 Α

288 2161 428 2201 regem
465 2152 678 2199 compotes
716 2145 803 2186 eius
841 2145 928 2185 fore
965 2145 1075 2198 quod
1109 2151 1310 2199 peterent3
1348 2158 1440 2184 cum
1466 2143 1643 2184 Romam

288 2208 407 2248 deam
433 2207 712 2254 devexissent‚
740 2214 826 2247 tum
852 2214 1056 2255 curarent,
1082 2213 1127 2246 ut
1152 2221 1261 2254 eam,
1286 2205 1356 2258 qui
1380 2206 1442 2245 vir
1466 2205 1642 2258 optimus

288 2269 446 2311 Romae
478 2276 604 2318 esset,
642 2269 821 2323 hospitio
858 2268 1074 2322 exciperet.
1135 2267 1386 2321 Pergamum
1422 2267 1474 2307 ad
1503 2281 1642 2320 regem

289 2338 498 2371 venerunt.
559 2331 593 2372 is
630 2331 788 2385 legatos
832 2330 1000 2370 comiter
1043 2336 1232 2383 acceptos
1268 2329 1560 2369 Pessinuntem
1602 2328 1644 2368 in

288 2392 515 2447 Phrygiam
540 2393 709 2433 deduxit
735 2406 978 2445 sacrumque
1008 2391 1058 2432 iis
1083 2391 1281 2445 lapidem,
1318 2405 1441 2443 quam
1471 2396 1642 2431 matrem

289 2454 411 2494 deum
437 2469 528 2495 esse
553 2454 711 2495 incolae
738 2453 945 2502 dicebant,
973 2453 1137 2493 tradidit
1163 2467 1210 2493 ae
1234 2453 1447 2506 deportare
1466 2452 1643 2492 Romam

289 2516 418 2556 iussit.
467 2517 718 2570 praemissus
745 2515 796 2556 ab
822 2516 967 2570 legatis
993 2515 1054 2555 lM.
1070 2514 1260 2555 Valerius
1285 2514 1404 2554 Falto
1429 2513 1641 2560 nuntiavit,

289 2576 408 2616 deam
445 2578 666 2631 adportari:
705 2577 984 2630 quaerendum
1017 2576 1148 2616 virum
1179 2576 1378 2629 optimum
1409 2575 1450 2614 in
1482 2574 1642 2614 civitate

291 2651 400 2685 esse,
426 2639 496 2690 qui
521 2653 611 2678 eam
635 2639 710 2679 rite
734 2639 911 2692 hospitio
937 2638 1151 2692 acciperet.

379 2697 430 2750 Q.
459 2698 664 2740 Caecilius
689 2699 885 2740 Metellus
917 2699 1090 2740 dictator
1120 2698 1171 2739 ab
1203 2698 1370 2739 consule
1399 2698 1441 2737 in
1471 2694 1640 2736 Bruttiis
