1815 3184
220 397 224 400 ,
259 367 278 396 8

262 490 278 518 9

240 737 279 766 10

239 861 275 889 11

238 984 277 1011 12

223 2678 226 2679 ⁷
257 2704 275 2734 9

312 243 391 283 142
599 250 750 284 LIBER
775 243 925 291 XXIII,
950 250 1004 284 28.
1023 250 1077 283 29.
1105 251 1153 294 [a.
1167 260 1201 283 u.
1217 260 1246 284 c.
1259 250 1341 293 538]

304 355 398 402 rati,
432 353 467 393 si
491 352 734 400 Hannibali,
767 352 837 392 vix
861 366 934 406 per
959 367 1002 393 se
1026 352 1106 406 ipsi
1130 351 1339 392 tolerando
1364 352 1507 394 Italiae
1531 355 1651 405 hosti,

304 413 544 455 Hasdrubal
569 414 653 454 dux
673 420 794 466 atque
808 413 1100 467 Hispaniensis
1122 413 1324 454 exercitus
1350 421 1458 455 esset
1477 415 1651 465 iunctus,

305 476 419 516 illum
450 476 573 516 finem
597 475 774 516 Romani
803 475 949 529 imperi
979 474 1078 515 fore.
1138 475 1202 515 his
1234 475 1343 515 anxii
1368 476 1474 516 curis
1501 477 1552 517 ad
1576 477 1654 518 Hi-

303 538 446 579 berum
477 536 720 577 contrahunt
750 537 889 590 copias
921 545 960 577 et
991 536 1159 577 transito
1190 551 1309 576 amne
1341 551 1434 577 cum
1466 537 1535 578 diu
1560 553 1654 579 con-

303 599 542 647 sultassent,
580 606 716 638 utrum
752 606 885 639 castra
920 598 1062 639 castris
1100 597 1330 638 conferrent
1360 614 1413 638 an
1450 599 1547 640 satis
1583 599 1655 640 ha-

304 661 446 702 berent
489 660 610 701 sociis
648 659 1051 714 Carthaginiensium
1088 660 1375 714 oppugnandis
1417 661 1567 701 morari
1602 660 1653 702 ab

303 723 445 763 itinere
487 722 696 776 proposito
740 722 923 770 hostem,
971 721 1114 762 urbem
1156 736 1180 762 a
1219 722 1448 775 propinquo
1488 722 1654 763 flumine

303 785 503 825 Hiberam
541 784 804 838 appellatam,
843 783 1196 838 opulentissimam
1233 798 1281 824 ea
1315 792 1556 838 tempestate
1591 799 1655 825 re-

303 846 436 901 gionis
457 846 562 894 cius,
589 860 826 900 oppugnare
846 852 1002 899 parant.
1040 846 1153 898 quod
1172 845 1242 886 ubi
1261 846 1387 886 sensit
1401 846 1653 894 Hasdrubal,

302 923 376 963 pro
402 922 478 962 ope
510 907 677 948 ferenda
709 907 829 948 sociis
862 907 995 961 pergit
1019 907 1075 947 ire
1106 907 1194 960 ipse
1225 907 1278 947 ad
1307 907 1451 948 urbem
1475 908 1654 948 deditam

302 984 432 1024 nuper
455 969 496 1009 in
521 969 644 1009 fidem
658 969 938 1009 Romanorum
958 968 1287 1023 oppugnandam.
1336 969 1392 1009 ita
1411 969 1493 1009 iam
1512 976 1655 1023 coepta

305 1030 462 1071 obsidio
489 1031 641 1071 omissa
665 1030 716 1071 ab
741 1030 940 1071 Romanis
966 1036 1028 1070 est
1059 1037 1098 1070 et
1121 1030 1162 1070 in
1187 1030 1322 1084 ipsum
1347 1030 1653 1071 Hasdrubalem

303 1107 471 1133 versum
497 1092 663 1133 bellum.

388 1153 630 1194 XXVIIII.
669 1153 862 1206 Quinque
887 1153 1043 1192 milium
1068 1153 1280 1193 intervallo
1305 1160 1438 1194 castra
1463 1154 1653 1194 distantia

306 1215 484 1256 habuere
513 1229 667 1268 paucos
700 1215 786 1255 dies
818 1229 893 1255 nec
926 1215 1012 1254 sine
1042 1214 1201 1255 levibus
1234 1215 1396 1268 proeliis
1433 1230 1508 1255 nec
1538 1224 1583 1255 ut
1612 1215 1654 1255 in

306 1277 435 1317 aciem
461 1277 633 1326 exirent;
677 1277 840 1316 tandem
872 1291 952 1316 uno
985 1277 1208 1329 eodemque
1242 1277 1306 1316 die
1337 1277 1447 1317 velut
1478 1292 1528 1317 ex
1559 1292 1655 1318 con-

301 1339 435 1393 posito
479 1339 680 1391 utrimque
724 1339 887 1392 signum
928 1352 1092 1392 pugnae
1133 1338 1387 1391 propositum
1430 1346 1491 1379 est
1532 1346 1654 1392 atque

305 1400 493 1441 omnibus
520 1401 647 1454 copiis
679 1401 721 1440 in
752 1415 943 1453 campum
969 1400 1213 1439 descensum
1239 1406 1311 1439 est.
1374 1399 1520 1453 triplex
1546 1401 1655 1440 stetit

302 1463 490 1503 Romana
526 1462 652 1502 acies:
700 1462 868 1502 velitum
904 1475 999 1514 pars
1036 1460 1141 1500 inter
1182 1460 1472 1514 antesignanos
1509 1461 1653 1511 locata,

302 1538 397 1578 pars
429 1531 522 1577 post
553 1524 671 1578 signa
702 1530 887 1576 accepta,
926 1522 1083 1574 equites
1121 1536 1272 1562 cornua
1303 1522 1478 1563 cinxere.
1543 1523 1656 1565 Has-

302 1586 447 1626 drubal
472 1586 647 1626 mediam
675 1585 803 1626 aciem
822 1584 1022 1638 Hispanis
1042 1584 1194 1633 firmat3
1220 1587 1261 1624 in
1281 1584 1483 1633 cornibus,
1511 1585 1654 1627 dextro

301 1647 464 1688 Poenos
501 1647 625 1694 locat,
673 1647 790 1687 laevo
826 1646 954 1686 Afros
998 1647 1449 1699 merccnnariorumque
1486 1648 1654 1697 auxilia;

303 1709 485 1762 equitum
509 1708 709 1749 Numidas
735 1708 969 1748 Poenorum
994 1707 1218 1761 peditibus,
1257 1715 1413 1749 ceteros
1438 1708 1556 1750 Afris
1581 1724 1654 1763 pro

304 1770 493 1812 cornibus
532 1771 709 1824 apponit.
771 1784 847 1811 nec
878 1785 1020 1811 omnes
1051 1770 1253 1811 Numidae
1284 1770 1326 1810 in
1357 1771 1498 1811 dextro
1533 1771 1656 1812 locati

302 1847 447 1881 cornu,
486 1833 558 1873 sed
595 1832 743 1885 quibus
781 1832 1033 1872 desultorum
1064 1832 1106 1872 in
1136 1832 1303 1872 modum
1339 1832 1456 1873 binos
1493 1833 1655 1874 trahen-

302 1894 410 1935 tibus
447 1909 574 1947 equos
610 1895 714 1935 inter
744 1895 983 1935 acerrimam
1016 1908 1137 1947 saepe
1167 1908 1348 1948 pugnam
1379 1894 1420 1934 in
1449 1901 1655 1935 recentem

302 1970 451 2008 equum
478 1971 528 1996 ex
553 1956 665 1997 fesso
691 1957 856 1996 armatis
883 1956 1124 1996 transultare
1155 1970 1243 1996 mos
1270 1962 1371 1996 erat:
1409 1962 1521 1996 tanta
1545 1956 1655 1997 velo-

303 2017 402 2058 citas
435 2018 535 2072 ipsis
567 2024 732 2071 tamque
763 2018 892 2058 docile
924 2032 1282 2071 equorumgenus
1319 2024 1392 2058 est.
1453 2031 1546 2057 cum
1576 2017 1656 2058 hoc

301 2079 422 2119 modo
447 2079 634 2120 instructi
659 2086 828 2128 starent,
854 2079 1143 2133 imperatorum
1168 2079 1379 2131 utriusque
1404 2079 1530 2132 partis
1556 2079 1655 2119 haut

301 2140 430 2181 ferme
461 2141 644 2195 dispares
678 2156 772 2196 spes
804 2148 935 2189 erant,
972 2156 1068 2181 nam
1103 2155 1154 2180 ne
1185 2140 1357 2180 multum
1389 2140 1555 2192 quidem
1585 2147 1655 2180 aut

300 2217 470 2243 numero
496 2210 565 2243 aut
589 2218 738 2257 genere
764 2203 939 2243 militum
964 2202 1006 2242 hi
1026 2209 1094 2242 aut
1119 2202 1176 2242 illi
1195 2201 1470 2255 praestabant.
1518 2202 1655 2242 militi-

301 2263 378 2304 bus
403 2264 525 2319 longc
551 2265 690 2319 dispar
714 2265 873 2305 animus
899 2271 994 2305 erat.
1032 2264 1231 2304 Romanis
1252 2264 1378 2312 enim,
1405 2278 1654 2316 quamquam

302 2325 442 2378 procul
467 2342 491 2366 a
515 2327 645 2380 patria
674 2333 922 2382 pugnarent,
962 2326 1081 2366 facilc
1112 2332 1399 2380 persuaserant
1430 2326 1554 2365 duces
1580 2340 1654 2379 pro

301 2386 421 2427 Italia
457 2396 578 2441 atque
615 2388 714 2429 urbe
751 2388 940 2429 Romana
975 2402 1044 2428 eos
1087 2402 1289 2441 pugnare,
1338 2387 1493 2440 itaque,
1542 2386 1654 2427 velut

301 2447 449 2499 quibus
486 2450 639 2490 reditus
676 2450 718 2490 in
752 2450 925 2504 patriam
963 2463 1011 2489 eo
1048 2449 1281 2489 discrimine
1322 2463 1487 2503 pugnae
1522 2456 1654 2488 verte-

302 2516 429 2558 retur,
456 2510 761 2552 obstinaverant
786 2511 931 2551 animis
960 2511 1120 2551 vincere
1146 2518 1214 2551 aut
1240 2511 1353 2551 mori.
1403 2510 1538 2550 minus
1562 2523 1653 2563 per-

302 2569 454 2611 tinaces
481 2572 589 2614 viros
615 2572 793 2613 habebat
818 2573 943 2613 altera
969 2572 1094 2621 acies,
1132 2587 1227 2613 nam
1252 2572 1431 2612 maxima
1455 2586 1548 2625 pars
1573 2570 1652 2610 Hi-

302 2632 418 2684 spani
443 2641 574 2682 erant,
612 2635 683 2687 qui
712 2635 820 2675 vinci
848 2634 890 2674 in
914 2634 1120 2688 Hispania
1150 2649 1274 2687 quam
1299 2634 1472 2674 victores
1503 2633 1545 2672 in
1568 2632 1650 2671 Ita-

301 2691 396 2732 liam
422 2695 526 2735 trahi
551 2695 768 2736 malebant.
806 2696 937 2749 primo
962 2696 1087 2749 igitur
1111 2711 1330 2744 concursu,
1358 2709 1450 2735 cum
1475 2694 1544 2734 vix
1568 2693 1649 2747 pila
