1815 3184
286 233 365 273 108
630 240 783 274 LIBER
808 239 938 283 XXII,
964 240 1016 273 59.
1046 241 1093 281 [a.
1107 250 1142 272 u.
1158 250 1188 273 c.
1203 239 1284 282 538]

280 343 527 397 neglegendi
558 342 674 383 vobis
707 357 829 394 quam
862 356 936 382 nos
968 341 1009 381 in
1040 341 1219 381 hostium
1243 348 1485 395 potestatem
1510 358 1631 383 vene-

237 414 254 442 3
281 412 385 444 runt.
446 419 526 444 non
565 404 672 443 enim
710 404 751 443 in
787 403 873 443 acie
909 417 982 456 per
1017 403 1204 443 timorem
1235 418 1347 443 arma
1377 404 1630 454 tradidimus,

281 466 352 505 sed
379 480 469 504 eum
496 479 622 518 prope
649 465 700 504 ad
726 472 886 504 noctem
914 471 1192 518 superstantes
1219 464 1393 504 cumulis
1419 479 1631 505 caesorum

279 540 494 580 corporum
537 526 736 579 proelium
775 526 1114 574 extraxissemus,
1158 525 1198 565 in
1236 534 1369 566 castra
1404 526 1631 580 recepimus

234 600 253 627 4
278 602 371 635 nos3
398 587 478 627 diei
504 588 705 639 reliquum
731 602 778 627 ac
803 594 965 627 noctem
990 587 1272 639 insequentem
1298 586 1399 627 fessi
1422 586 1561 627 labore
1586 602 1632 627 ae

235 660 252 688 5
279 648 515 689 vulneribus
542 649 694 688 vallum
721 663 863 688 sumus
890 648 1026 696 tutati3
1052 655 1216 701 postero
1239 648 1321 697 die,
1350 662 1442 688 cum
1463 649 1633 689 eircum-

280 710 383 750 sessi
408 709 458 750 ab
486 711 666 750 exercitu
692 710 843 750 victore
869 724 975 762 aqua
1000 724 1230 750 arceremur
1254 724 1329 750 nee
1354 710 1438 750 ulla
1461 710 1542 750 iam
1561 725 1632 764 per

278 771 482 811 confertos
514 771 644 812 hostis
677 771 916 825 erumpendi
948 786 1041 824 spes
1069 779 1177 811 esset
1201 786 1277 812 nee
1302 786 1393 812 esse
1417 771 1533 812 nefas
1560 772 1634 812 du-

279 846 462 872 ceremus
500 833 797 887 quinquaginta
834 832 999 873 milibus
1036 833 1248 873 hominum
1285 848 1336 872 ex
1372 833 1457 873 acie
1494 846 1634 874 nostra

279 894 489 934 trucidatis
522 895 697 947 aliquem
732 909 782 934 ex
809 894 1018 934 Cannensi
1043 909 1182 948 pugna
1206 894 1439 934 Romanum
1464 894 1633 935 militem

234 969 250 997 0
278 962 448 1004 restare,
487 963 582 996 tune
613 957 777 996 demum
809 957 917 1010 pacti
948 971 1089 996 sumus
1122 956 1297 1009 pretium
1330 971 1410 1009 quo
1435 956 1633 1010 redempti

279 1017 586 1067 dimitteremur,
614 1034 743 1067 arma,
771 1019 812 1058 in
837 1018 986 1071 quibus
1013 1018 1113 1057 nihil
1138 1018 1219 1058 iam
1245 1018 1371 1058 auxili
1397 1026 1498 1066 erat,
1526 1018 1634 1059 hosti

237 1092 251 1119 ῖ
279 1080 532 1121 tradidimus.
569 1081 744 1121 maiores
767 1095 928 1133 quoque
949 1095 1237 1133 acceperamus
1265 1095 1308 1120 se
1334 1096 1357 1121 a
1378 1079 1509 1121 Gallis
1535 1096 1634 1120 auro

230 1173 233 1175 .
276 1140 500 1192 redemisse
521 1148 559 1181 et
578 1148 713 1195 patres
729 1150 899 1190 vestros,
927 1142 1172 1195 asperrimos
1192 1142 1282 1182 illos
1303 1142 1356 1182 ad
1375 1141 1633 1182 condiciones

277 1201 409 1255 pacis,
435 1202 594 1257 legatos
622 1210 758 1243 tamen
778 1204 1031 1257 captivorum
1052 1203 1381 1243 redimendorum
1402 1204 1533 1257 gratia
1553 1203 1634 1243 Ta-

233 1276 251 1303 s
277 1270 437 1303 rentum
474 1265 667 1305 misisse.-
709 1265 821 1318 atqui
865 1272 902 1304 et
940 1265 991 1305 ad
1027 1264 1166 1304 Aliam
1204 1279 1296 1304 cum
1337 1263 1469 1305 Gallis
1507 1272 1546 1305 et
1582 1265 1634 1305 ad

278 1324 525 1366 Heracleam
568 1342 661 1367 cum
697 1327 827 1381 Pyrro
873 1335 1044 1380 utraque
1080 1343 1161 1368 non
1198 1335 1281 1367 tam
1318 1328 1432 1368 clade
1469 1328 1632 1369 infamis

279 1400 401 1438 quam
422 1403 572 1441 pavore
593 1401 631 1429 et
650 1389 748 1443 suga
771 1405 910 1443 pugna
929 1390 1016 1429 fuit.
1058 1389 1289 1429 Cannensis
1311 1404 1478 1443 campos
1499 1391 1633 1430 acervi

277 1448 558 1490 Romanorum
579 1466 793 1504 corporum
815 1458 970 1504 tegunt,
998 1465 1071 1490 nec
1093 1466 1358 1504 supersumus
1373 1465 1537 1505 pugnae
1556 1452 1634 1492 nisi

277 1509 318 1549 111
338 1511 486 1563 quibus
510 1512 759 1552 trucidandis
782 1523 819 1552 et
841 1513 994 1551 ferrum
1016 1519 1053 1551 et
1075 1512 1179 1552 vires
1201 1512 1362 1552 hostem
1382 1513 1631 1553 defecerunt.

234 1583 250 1611 9
279 1585 371 1611 sunt
397 1574 519 1613 etiam
545 1574 595 1613 dc
620 1574 768 1614 nostris
795 1574 980 1626 quidam,
1007 1574 1076 1626 qui
1102 1588 1175 1613 nec
1202 1574 1243 1613 in
1269 1573 1354 1614 acie
1380 1574 1546 1627 quidem
1571 1589 1633 1614 re-

278 1633 490 1688 fugerunt,
530 1635 603 1675 sed
633 1635 837 1689 praesidio
869 1635 1011 1675 castris
1043 1635 1190 1684 relicti,
1223 1650 1316 1675 cum
1342 1642 1475 1676 castra
1500 1636 1632 1676 trade-

216 1707 253 1735 10
280 1703 431 1744 rentur,
467 1697 509 1736 in
539 1704 782 1750 potestatem
814 1696 994 1736 hostium
1025 1703 1235 1736 venerunt.
1296 1696 1407 1736 haud
1443 1697 1631 1750 equidem

276 1756 398 1797 ullius
434 1758 533 1798 civis
567 1766 604 1798 et
636 1759 923 1798 commilitonis
956 1758 1143 1798 fortunae
1174 1767 1243 1798 aut
1274 1758 1502 1799 condicioni
1531 1759 1635 1798 invi-

277 1818 373 1867 deo,
405 1834 480 1859 nec
506 1820 728 1873 premendo
753 1820 878 1859 alium
903 1834 968 1860 me
995 1820 1190 1860 extulisse
1215 1820 1356 1859 velim:
1387 1835 1438 1860 nc
1463 1820 1518 1859 illi
1545 1820 1633 1872 qui-

277 1881 389 1929 dem,
421 1881 498 1921 nisi
524 1882 773 1935 pernicitatis
798 1882 950 1935 pedum
977 1889 1015 1921 et
1041 1896 1185 1921 cursus
1211 1881 1377 1934 aliquod
1406 1882 1632 1934 praemium

277 1950 357 1990 est,
385 1943 454 1996 qui
473 1943 655 1997 plerique
675 1944 850 1984 inermes
872 1958 922 1983 ex
942 1943 1027 1983 acie
1046 1943 1251 1998 fugientes
1271 1958 1352 1982 non
1371 1943 1483 1996 prius
1510 1957 1632 1995 quam

277 2004 485 2045 Venusiae
511 2013 581 2045 aut
608 2005 765 2046 Canusi
797 2006 1084 2054 constiterunt,
1123 2020 1166 2045 se
1196 2004 1315 2045 nobis
1349 2005 1491 2044 merito
1516 2019 1633 2058 prae-

276 2066 441 2106 tulerint
477 2067 721 2121 gloriatique
759 2067 857 2115 sint,
900 2067 942 2107 in
979 2082 1022 2107 se
1057 2066 1149 2120 plus
1187 2081 1311 2119 quam
1346 2066 1388 2106 in
1429 2065 1634 2106 nobismet

214 2145 247 2172 11
276 2128 469 2181 praesidii
494 2129 553 2168 rei
586 2129 776 2182 publicae
807 2144 910 2169 esse.
973 2129 1045 2169 sed
1070 2128 1149 2168 illis
1175 2136 1218 2168 ut
1244 2127 1361 2168 bonis
1388 2142 1435 2168 ac
1460 2127 1632 2168 fortibus

275 2189 471 2230 militibus
498 2191 669 2230 utemini
695 2201 734 2231 et
758 2190 876 2231 nobis
903 2191 1024 2230 etiam
1050 2189 1368 2243 promptioribus
1394 2204 1467 2243 pro
1487 2189 1630 2242 patria,

276 2251 386 2303 quod
418 2251 616 2292 beneficio
647 2260 783 2293 vestro
814 2252 1015 2305 redempti
1046 2261 1168 2303 atque
1194 2251 1234 2290 in
1260 2251 1431 2304 patriam
1457 2250 1633 2291 restituti

212 2327 249 2356 12
276 2313 487 2353 fuerimus.
549 2313 742 2354 dilectum
780 2328 831 2353 ex
867 2314 977 2353 omni
1014 2320 1146 2353 aetate
1183 2319 1222 2353 et
1258 2312 1423 2352 fortuna
1458 2311 1630 2360 habetis,

277 2381 367 2414 octo
404 2375 515 2414 milia
553 2390 764 2415 servorum
800 2375 922 2415 audio
959 2375 1125 2415 armari:
1163 2389 1244 2414 non
1274 2374 1406 2414 minor
1436 2387 1631 2413 numerus

277 2443 415 2477 noster
446 2445 525 2486 est,
562 2452 638 2477 nec
669 2437 821 2477 maiore
851 2437 981 2490 pretio
1012 2437 1157 2477 redimi
1187 2451 1408 2490 possumus
1446 2450 1569 2488 quam
1604 2434 1632 2474 ii

278 2505 484 2538 emuntur:
511 2514 606 2538 nam
632 2498 666 2538 si
693 2499 901 2539 conferam
927 2513 1001 2538 nos
1028 2497 1239 2546 cumillis,
1266 2497 1455 2537 iniuriam
1477 2495 1631 2536 nomini

216 2574 252 2603 13
277 2559 465 2600 Romano
497 2560 659 2601 faciam.
721 2561 821 2600 illud
853 2561 973 2601 etiam
1005 2560 1046 2600 in
1077 2560 1148 2600 tali
1178 2559 1348 2600 consilio
1375 2558 1630 2599 animadver-

278 2621 445 2661 tendum
470 2621 587 2662 vobis
614 2636 823 2670 censeam,
850 2629 986 2675 patres
1012 2621 1249 2674 conscripti,
1277 2621 1311 2661 si
1336 2629 1473 2660 tamen
1497 2618 1631 2658 durio-

278 2697 342 2722 res
370 2698 459 2723 esse
480 2683 631 2733 velitis,
659 2684 769 2736 quod
794 2684 904 2724 nullo
930 2690 1069 2724 nostro
1094 2683 1238 2723 merito
1263 2682 1440 2730 faciatis,
1467 2680 1532 2721 cui
1557 2694 1629 2719 nos
