1815 3184
245 846 263 874 10

249 1769 264 1777 κ

251 1781 258 1796 l

246 2014 265 2043 S

233 2509 269 2537 10

290 231 374 272 200
563 238 715 272 LIBER
740 237 908 279 XXIIH,
934 237 987 272 35.
1007 238 1061 272 36.
1089 239 1137 282 [a.
1150 249 1185 271 u.
1201 248 1230 272 c.
1243 237 1325 281 540]

287 356 383 396 que,
426 348 471 381 ut
501 340 649 393 quibus
680 354 939 393 nequaquam
971 341 1028 381 eis
1061 340 1188 394 copiis
1220 354 1322 393 quas
1353 340 1531 382 habebat
1565 358 1639 397 par

288 410 414 451 esset,
458 416 580 455 quam
617 408 775 456 poterat
804 402 982 442 maxime
1018 402 1198 442 intentus
1230 408 1351 455 atque
1388 402 1550 456 agmine
1587 403 1638 444 ad

289 477 431 504 omnes
457 478 578 503 casus
605 463 832 517 composito
856 462 953 503 ibat.

370 523 593 565 XXXVI.
634 524 758 565 Forte
784 539 831 565 ea
857 539 970 573 cura,
997 539 1101 577 quae
1127 524 1323 565 adversus
1337 523 1500 565 Poenos
1525 540 1641 579 prae-

287 592 429 641 parata
456 584 599 641 [erat],
625 586 823 626 adversus
841 584 1002 626 Siculos
1027 585 1121 630 usui
1144 585 1233 626 fuit.
1279 586 1421 626 castris
1440 587 1640 640 ponendis

288 647 580 702 incompositos
618 661 664 687 ac
703 647 911 701 dispersos
947 654 1120 687 nanctus
1158 661 1227 688 eos
1265 646 1550 701 et·plerosque
1580 647 1642 687 in-

289 724 440 758 ermes,
479 709 589 762 quod
618 709 803 762 peditum
833 708 928 758 fuit,
968 708 1251 757 circumvenit3
1290 722 1414 761 eques
1445 708 1526 749 levi
1557 723 1642 750 cer-

290 770 441 811 tamine
467 770 566 810 inito
593 785 686 810 cum
711 770 967 824 Hippocrate
992 772 1126 810 Acras
1151 769 1343 824 perfugit.

372 832 438 872 Ea
473 847 612 886 pugna
654 831 889 872 deficientes
931 831 982 872 ab
1019 831 1216 872 Romanis
1259 845 1353 871 cum
1389 831 1637 872 cohibuisset

291 892 453 935 Siculos
480 893 703 934 Marcellus
731 892 961 947 Syracusas
997 894 1119 943 redit3
1167 901 1206 933 et
1242 899 1336 947 post
1370 907 1524 947 paucos
1555 893 1642 934 dies

289 955 472 997 Himilco
509 955 701 997 adiuncto
736 955 992 1009 Hippocrate
1029 955 1082 995 ad
1116 955 1269 995 flumen
1299 954 1515 1009 Anapum,
1553 962 1644 996 octo

290 1017 418 1058 ferme
443 1017 537 1059 inde
563 1017 692 1066 milia,
731 1024 865 1057 castra
893 1017 1043 1071 posuit.
1105 1016 1180 1058 sub
1213 1017 1322 1057 idem
1351 1017 1457 1057 forte
1481 1024 1643 1071 tempus

290 1086 329 1119 et
365 1093 490 1119 naves
527 1079 675 1133 longae
712 1079 891 1132 quinque
929 1086 967 1119 et
1004 1079 1300 1133 quinquaginta
1331 1078 1644 1134 Carthaginien-

290 1141 396 1181 sium
433 1154 525 1180 cum
562 1140 792 1181 Bomilcare
829 1140 973 1181 classis
1008 1140 1052 1180 in
1087 1155 1283 1195 magnum
1317 1147 1481 1194 portum
1518 1138 1643 1194 Syra-

291 1216 410 1242 cusas
437 1216 488 1241 ex
519 1201 598 1242 alto
624 1202 838 1242 decurrere
869 1209 907 1242 et
932 1201 1119 1242 Romana
1149 1202 1246 1241 item
1277 1201 1439 1250 classis,
1479 1201 1644 1256 triginta

289 1263 622 1316 quinqueremes,
671 1262 876 1316 legionem
915 1262 1091 1316 primam
1131 1261 1357 1304 Panhormi
1403 1277 1642 1317 exposuere,

290 1339 536 1377 versumque
573 1323 623 1364 ab
649 1324 768 1364 Italia
803 1323 957 1364 bellum
981 1349 1015 1353 —
1045 1324 1147 1364 adeo
1183 1331 1354 1377 uterque
1389 1324 1565 1378 populus
1601 1325 1644 1365 in

293 1385 476 1427 Siciliam
506 1386 686 1426 intentus
711 1411 744 1415 —
768 1385 896 1426 fuisse
930 1386 1056 1425 videri
1087 1392 1257 1439 poterat.
1328 1385 1531 1439 legionem
1561 1386 1646 1426 Ro-

291 1463 472 1496 manam,
510 1462 615 1500 quae
653 1447 837 1501 exposita
873 1446 1068 1486 Panormi
1105 1455 1207 1494 erat,
1251 1446 1481 1486 venientem
1520 1445 1646 1501 Syra-

291 1524 412 1549 cusas
437 1509 612 1562 praedae
637 1508 735 1548 haut
767 1507 888 1547 dubie
921 1507 998 1548 sibi
1030 1508 1209 1547 futuram
1235 1506 1418 1548 Himilco
1441 1514 1553 1548 ratus
1579 1508 1647 1549 via

291 1570 508 1624 decipitur,
559 1570 854 1609 mediterraneo
897 1583 1076 1621 namque
1118 1568 1284 1609 Poenus
1331 1569 1474 1609 itinere
1516 1569 1644 1618 duxit,

290 1632 397 1686 legio
422 1631 633 1671 maritimis
659 1630 758 1670 locis
785 1630 916 1670 classe
941 1637 1212 1684 prosequente
1238 1630 1290 1670 ad
1313 1630 1500 1685 Appium
1520 1629 1647 1672 Clau-

291 1693 402 1734 dium
427 1692 671 1746 Pachynum
697 1706 790 1732 cum
815 1699 929 1746 parte
955 1692 1165 1745 copiarum
1190 1691 1355 1732 obviam
1379 1707 1646 1747 progressum

290 1754 486 1808 pervenit.
547 1768 622 1794 nec
659 1753 811 1793 diutius
837 1753 968 1794 Poeni
1005 1754 1057 1794 ad
1084 1752 1313 1808 Syracusas
1351 1754 1497 1794 morati
1533 1764 1645 1794 sunt:

290 1824 328 1856 et
353 1815 577 1864 Bomilcar,
606 1815 727 1856 simul
751 1831 896 1870 parum
921 1816 1051 1856 fidens
1077 1815 1252 1856 navibus
1279 1815 1382 1865 suis,
1409 1816 1561 1870 duplici
1585 1815 1647 1856 fa-

291 1877 364 1917 cile
401 1892 572 1917 numero
611 1877 784 1917 classem
820 1876 1067 1918 habentibus
1105 1877 1323 1926 Romanis,
1363 1877 1483 1918 simul
1513 1877 1647 1917 inutili

290 1953 403 1978 mora
430 1953 599 1979 cernens
625 1938 726 1978 nihil
751 1938 863 1979 aliud
887 1938 938 1979 ab
965 1939 1049 1979 suis
1076 1953 1200 1991 quam
1225 1939 1406 1993 inopiam
1431 1939 1647 1993 adgravari

292 2000 512 2049 sociorum,
550 2000 649 2041 velis
676 2000 717 2040 in
748 2000 875 2041 altum
901 2000 1006 2041 datis
1037 2001 1078 2040 in
1102 2000 1291 2040 Africam
1322 2000 1564 2049 transmisit3
1608 2007 1647 2040 et

290 2061 473 2102 Himilco
500 2069 664 2102 secutus
691 2063 939 2116 nequiquam
953 2062 1200 2103 Marcellum
1221 2061 1465 2116 Syracusas,
1493 2062 1527 2102 si
1552 2077 1645 2115 qua,

290 2123 529 2177 priusquam
554 2123 776 2165 maioribus
803 2124 930 2178 copiis
956 2124 1210 2179 iungeretur,
1250 2124 1410 2164 occasio
1436 2124 1648 2178 pugnandi

292 2192 418 2234 esset,
456 2193 674 2240 postquam
711 2200 758 2226 ea
795 2186 907 2226 nulla
943 2187 1168 2241 contigerat
1199 2193 1412 2239 tutumque
1444 2186 1496 2226 ad
1523 2184 1648 2240 Syra-

294 2261 412 2287 cusas
439 2254 477 2287 et
502 2248 755 2289 munimento
781 2255 819 2289 et
840 2248 994 2289 viribus
1014 2248 1176 2290 hostem
1196 2247 1399 2297 cernebat,
1426 2262 1476 2288 ne
1497 2248 1649 2289 frustra

293 2309 517 2350 adsidendo
567 2310 872 2363 spectandoque
921 2309 1177 2351 obsidionem
1226 2310 1432 2351 sociorum
1484 2317 1647 2364 tempus

293 2376 455 2419 tereret,
494 2378 627 2411 castra
657 2371 750 2411 inde
781 2371 926 2420 movit,
965 2378 1027 2420 ut,
1064 2386 1322 2425 quocumque
1353 2378 1543 2412 vocasset
1579 2371 1649 2411 de—

292 2431 479 2472 fectionis
506 2432 556 2473 ab
582 2433 772 2473 Romano
798 2448 911 2487 spes,
950 2433 1186 2474 admoveret
1211 2433 1436 2474 exercitum
1461 2448 1508 2474 ac
1531 2447 1649 2487 prae-

295 2507 388 2533 sens
427 2509 522 2535 suas
559 2509 624 2535 res
662 2494 897 2535 foventibus
935 2495 1103 2535 adderet
1134 2495 1304 2535 animos.
1366 2494 1647 2549 Murgantiam

293 2554 470 2607 primum
505 2556 665 2609 prodito
703 2556 753 2597 ab
790 2556 890 2611 ipsis
926 2556 1130 2610 praesidio
1161 2556 1350 2597 Romano
1380 2556 1540 2610 recipit,
1579 2554 1648 2595 ubi

294 2614 487 2658 frumenti
523 2633 673 2672 magna
708 2618 770 2657 vis
808 2628 1143 2671 commeatusque
1179 2618 1311 2659 omnis
1353 2617 1514 2672 generis
1552 2630 1647 2656 con-

296 2676 401 2716 vecti
427 2685 540 2718 erant
564 2678 776 2721 Romanis.
