1815 3184
430 240 583 274 LIBER
607 240 775 285 XXIIII,
802 241 854 275 10.
883 241 935 274 11.
964 239 1251 284 [a.C.215.214]
1444 231 1525 273 175

171 351 363 400 stagnum
389 343 567 385 effusum
580 343 737 384 Mincio
758 343 867 384 amni
884 350 1101 384 cruentum
1120 344 1273 393 visum3
1300 350 1340 385 et
1354 342 1525 385 Calibus

170 414 281 449 creta
306 413 345 448 et
368 406 527 448 Romae
558 406 601 447 in
629 406 719 447 foro
744 406 913 447 bovario
944 406 1144 461 sanguine
1175 406 1376 460 pluvisse3
1413 413 1453 447 et
1483 407 1525 447 in
1550 418 1569 448 8

169 470 260 511 vico
285 469 440 510 Insteio
465 468 622 509 fontem
648 468 724 509 sub
743 475 899 509 ‘terram
923 474 1036 509 tanta
1060 469 1101 509 vi
1126 483 1324 521 aquarum
1343 469 1525 517 fluxisse,

169 538 215 572 ut
240 531 366 573 serias
393 531 601 584 doliaque,
628 545 733 584 quae
758 530 800 570 in
824 545 872 571 eo
897 530 987 572 loco
1013 537 1146 580 erant,
1177 531 1393 585 provoluta
1417 531 1529 572 velut

170 594 348 647 impetus
374 592 563 634 torrentis
594 593 748 642 tulerit3
786 599 894 633 tacta
919 593 969 633 de
1000 592 1112 633 caelo
1145 593 1292 633 atrium
1316 592 1527 647 publicum
1555 603 1572 632 9

168 656 210 696 in
237 655 461 710 Capitolio,
500 655 644 696 aedem
675 655 716 695 in
748 670 893 709 campo
918 655 1113 704 Vulcani,
1150 655 1348 697 Vacunae
1378 656 1420 696 in
1452 654 1530 697 Sa-

169 717 295 767 binis,
332 717 623 771 publicamque
647 717 757 758 viam
783 732 945 758 murum
971 731 1019 758 ac
1043 723 1203 771 portam
1228 715 1387 758 Gabiis.
1446 717 1528 758 iam
1556 726 1596 756 10

171 780 250 821 alia
274 779 443 834 vulgata
467 779 665 820 miracula
690 785 822 820 erant:
849 779 1012 820 hastam
1035 779 1184 820 Martis
1203 779 1428 820 Praeneste
1455 795 1530 821 sua

172 847 319 895 sponte
343 847 592 895 promotam3
619 840 767 881 bovem
792 842 833 881 in
860 840 1002 882 Sicilia
1025 841 1226 890 locutum3
1264 841 1464 882 infantem
1487 842 1528 882 in

170 911 285 944 utero
322 903 462 943 matris
499 903 542 943 in
577 902 825 943 Marrucinis
859 902 915 943 ‘io
952 903 1174 957 triumphe'
1210 903 1430 953 clamasse3
1479 918 1530 944 ex

169 965 339 1006 muliere
355 964 514 1019 Spoleti
538 964 671 1004 virum
696 963 871 1013 faotmn;
898 964 1081 1004 Hadriae
1107 979 1219 1004 aram
1244 965 1286 1004 in
1306 965 1418 1006 caelo
1439 980 1530 1019 spe-

170 1028 336 1080 ciesque
372 1027 583 1066 hominum
620 1026 774 1066 circum
812 1041 902 1066 eam
939 1040 1032 1066 cum
1064 1026 1239 1067 candida
1269 1032 1383 1067 veste
1418 1027 1529 1067 visas

170 1103 274 1129 esse.
325 1088 422 1141 quin
448 1088 606 1128 Romae
631 1101 794 1140 quoque
819 1087 861 1126 in
885 1087 976 1141 ipsa
1000 1086 1118 1135 urbe,
1152 1088 1379 1128 secundum
1405 1102 1530 1141 apum
1558 1098 1593 1126 11

170 1164 343 1190 examen
362 1149 404 1188 in
424 1148 512 1189 foro
532 1148 668 1189 visum
689 1147 819 1201 (quod
837 1148 1021 1190 mirabile
1042 1155 1122 1197 est,
1149 1149 1246 1202 quia
1263 1149 1432 1203 rarum),
1460 1150 1532 1190 ad-

168 1211 377 1252 firmantes
402 1210 588 1263 quidam,
619 1209 805 1265 legiones
832 1225 875 1251 se
900 1216 1077 1251 armatas
1103 1210 1144 1251 in
1168 1210 1353 1252 Ianiculo
1378 1211 1529 1261 videre,

170 1273 478 1315 concitaverunt
513 1272 721 1313 civitatem
757 1273 808 1313 ad
845 1288 981 1323 arma,
1031 1287 1124 1314 cum
1161 1273 1232 1326 qui
1267 1273 1308 1313 in
1345 1273 1531 1314 Ianiculo

169 1328 308 1377 essent
342 1340 564 1390 negarent,
612 1349 862 1388 quemquam
897 1335 954 1376 ibi
989 1341 1150 1389 praeter
1185 1335 1378 1376 adsuetos
1416 1336 1530 1377 collis

169 1398 258 1438 eius
284 1396 459 1437 cultores
486 1396 738 1451 adparuisse.
793 1396 895 1438 haec
920 1397 1109 1452 prodigia
1133 1397 1279 1438 hostiis
1304 1397 1528 1438 maioribus
1557 1406 1595 1435 12

171 1465 387 1513 procurata
430 1465 524 1498 sunt
566 1472 617 1499 ex
662 1458 928 1513 haruspicum
963 1473 1165 1513 responso
1209 1465 1248 1499 et
1286 1459 1530 1514 supplicatio

171 1519 363 1561 omnibus
412 1519 518 1568 deis,
567 1533 741 1573 quorum
787 1520 1017 1575 pulvinaria
1058 1520 1218 1562 Romae
1265 1528 1422 1570 essent,
1471 1522 1533 1562 in-

174 1582 282 1622 dicta
307 1588 380 1621 est.

256 1642 339 1683 XI.
388 1641 639 1696 Perpetratis
666 1657 770 1696 quae
796 1643 848 1683 ad
871 1657 1016 1697 pacem
1042 1644 1166 1684 desim
1184 1644 1454 1697 pertinebant,
1481 1645 1531 1685 de
1561 1654 1574 1682 1

171 1719 214 1745 re
239 1703 403 1758 publica
429 1703 618 1757 belloque
648 1704 829 1758 gerendo
862 1710 901 1745 et
931 1711 1131 1757 quantum
1157 1705 1366 1759 copiarum
1398 1712 1437 1746 et
1460 1706 1533 1757 ubi

173 1780 359 1819 quaeque
385 1772 540 1814 essent,
568 1766 756 1806 consules
783 1766 835 1806 ad
863 1772 1049 1806 senatum
1074 1766 1328 1807 rettulerunt.
1378 1767 1533 1808 duode-
1558 1777 1576 1806 2

172 1827 318 1882 viginti
342 1827 574 1881 legionibus
600 1827 752 1868 bellum
778 1827 865 1881 geri
890 1827 1061 1881 placuit:
1093 1827 1210 1869 binas
1238 1828 1428 1869 consules
1455 1829 1533 1870 sibi

173 1902 352 1937 sumere,
380 1888 486 1929 binis
514 1887 693 1930 Galliam
721 1888 987 1942 Siciliamque
1013 1904 1060 1930 ac
1087 1888 1320 1931 Sardiniam
1346 1890 1531 1940 obtineri,

173 1949 333 1991 duabus
361 1949 413 2002 Q.
440 1950 618 1991 Fabium
648 1957 878 2005 praetorem
908 1950 1105 2005 Apuliae,
1144 1952 1304 1993 duabus
1337 1952 1532 1993 volonum

173 2012 238 2052 Ti.
266 2010 501 2053 Gracchum
533 2012 640 2053 circa
664 2013 885 2053 Luceriam
916 2027 1126 2067 praeesse,
1165 2014 1348 2069 singulas
1376 2014 1425 2055 C.
1452 2015 1534 2055 Te·
1559 2025 1576 2053 3

172 2073 301 2113 rentio
337 2073 573 2127 proconsuli
610 2074 662 2114 ad
691 2073 891 2115 Picenum
923 2080 962 2114 et
991 2073 1052 2114 M.
1078 2073 1244 2115 Valerio
1276 2076 1328 2116 ad
1358 2075 1533 2117 classem

175 2134 283 2174 circa
307 2134 576 2176 Brundisium
600 2135 792 2189 relinqui,
825 2136 928 2176 duas
955 2135 1046 2176 urbi
1070 2137 1276 2190 praesidio
1302 2151 1406 2178 esse.
1467 2137 1533 2178 hic
1558 2147 1579 2175 4

174 2202 219 2235 ut
244 2210 437 2237 numerus
462 2196 672 2252 legionum
692 2198 935 2252 expleretur,
964 2213 1036 2239 sex
1055 2213 1187 2240 novae
1211 2199 1394 2254 legiones
1420 2208 1534 2241 erant

176 2256 427 2298 scribendae.
477 2272 545 2299 eas
570 2260 702 2313 primo
728 2275 891 2314 quoque
917 2267 1100 2314 tempore
1132 2261 1323 2302 consules
1356 2262 1533 2303 scribere

174 2318 277 2359 iussi
308 2325 348 2359 et
378 2319 552 2360 classem
582 2335 745 2374 parare,
788 2329 833 2362 ut
864 2337 958 2363 cum
988 2323 1046 2363 eis
1078 2322 1277 2373 navibus,
1320 2338 1425 2377 quae
1460 2339 1533 2379 pro
1560 2336 1578 2364 5

176 2379 394 2422 Calabriae
429 2381 615 2423 litoribus
651 2384 693 2423 in
730 2385 904 2426 statione
941 2391 1096 2434 essent,
1134 2393 1298 2426 centum
1334 2386 1534 2439 quinqua-

175 2442 290 2496 ginta
313 2442 530 2498 longarum
551 2444 695 2486 classis
720 2446 887 2488 navium
907 2440 955 2487 eo
975 2461 1082 2487 anno
1103 2447 1345 2501 expleretur.
1383 2448 1534 2489 dilectu
1560 2461 1578 2491 6

175 2503 315 2544 habito
341 2511 380 2545 et
405 2511 568 2546 centum
593 2507 768 2548 navibus
786 2508 904 2549 novis
925 2508 1110 2549 deductis
1127 2507 1178 2561 Q.
1193 2509 1349 2551 Fabius
1370 2510 1534 2552 comitia

176 2565 413 2608 censoribus
439 2568 624 2609 creandis
656 2568 818 2610 habuit:
857 2570 982 2611 creati
1012 2569 1072 2610 M.
1101 2569 1254 2613 Atilius
1280 2571 1468 2627 Regulus
1494 2579 1533 2613 et

176 2626 224 2667 P.
250 2627 403 2669 Furius
429 2628 588 2671 Philus.

261 2683 370 2725 Cum
406 2685 725 2728 increbresceret
759 2696 921 2737 rumor,
971 2688 1125 2730 bellum
1167 2690 1209 2730 in
1248 2689 1389 2732 Sicilia
1425 2706 1530 2741 esse,
1558 2706 1573 2734 7
