1815 3184
470 213 622 248 LIBER
646 213 773 258 XXV,
800 214 832 247 3.
852 213 884 248 4.
913 215 960 257 [a.
977 212 1105 247 0213.
1126 213 1207 256 212]
1440 204 1521 244 217

172 315 391 357 Hannonis
416 316 548 371 priore
574 331 680 357 anno
706 323 896 371 ceperant
923 315 1298 370 Carthaginienses.
1347 315 1401 365 hi,
1427 315 1524 368 quia
1550 328 1592 357 10

171 377 381 432 publicum
406 378 632 432 perieulum
658 384 744 418 erat
774 393 797 418 a
821 378 862 418 vi
887 378 1138 432 tempestatis
1163 377 1205 417 in
1229 377 1278 418 iis
1304 391 1408 430 quac
1433 391 1526 431 por-

174 447 353 481 tarentur
384 440 435 479 ad
466 440 687 488 exereitus,
731 446 772 480 et
807 440 989 480 ementiti
1019 446 1132 479 erant
1162 439 1267 480 falsa
1296 439 1522 494 naufragia,

172 510 212 542 et
230 517 278 542 ea
296 502 403 556 ipsa,
431 515 535 554 quae
560 516 657 542 vera
673 501 1020 550 renuntiaverant,
1047 501 1191 542 fraude
1214 501 1397 555 ipsorum
1417 501 1526 541 faeta

172 570 305 612 erant,
342 578 425 603 non
450 577 562 603 casu.
620 562 663 602 in
694 570 851 603 veteres
883 576 1137 616 quassasque
1168 578 1293 603 naves
1318 562 1460 616 paucis
1486 568 1524 602 et
1553 575 1590 603 11

171 625 287 679 parvi
317 625 420 679 preti
449 624 571 666 rebus
602 624 823 678 impositis,
861 639 955 665 cum
984 625 1223 665 mersissent
1260 640 1328 665 eas
1366 624 1408 664 in
1444 624 1525 664 alto

172 687 355 741 exeeptis
380 687 422 726 in
446 693 707 740 praeparatas
734 686 907 740 scaphas
933 686 1086 735 nautis,
1124 686 1369 740 multiplices
1393 685 1524 725 fuisse

172 763 328 789 merces
355 748 687 788 ementiebantur.
732 762 779 788 ea
805 748 915 788 fraus
941 748 1117 788 indicata
1129 747 1190 788 M.
1204 747 1384 788 Aemilio
1409 762 1526 801 prae·
1553 760 1592 789 12

172 810 250 850 tori
284 810 417 864 priore
454 824 559 850 anno
595 810 728 849 fuerat
764 824 811 849 ae
846 824 919 864 per
954 824 1047 849 eum
1078 810 1130 849 ad
1161 816 1348 850 senatum
1379 809 1524 858 delata,

172 886 247 911 nee
279 879 414 912 tamen
444 871 527 911 ullo
559 878 725 912 senatus
758 871 943 911 consulto
974 878 1130 919 notata,
1169 871 1265 923 quia
1295 878 1431 925 patres
1463 886 1526 911 01·-

173 934 308 973 dinem
339 933 650 987 publicanorum
686 933 728 972 in
765 933 835 972 tali
871 939 1053 986 tempore
1085 932 1289 973 offensum
1319 932 1524 973 nolebant.

171 995 347 1049 populus
375 995 554 1035 severior
577 994 729 1034 vindex
760 994 916 1034 fraudis
949 1000 1051 1042 erat,
1090 994 1335 1046 excitatique
1361 995 1526 1034 tandem
1553 1007 1593 1036 13

171 1057 252 1096 duo
278 1056 428 1096 tribuni
452 1055 583 1109 plebis
601 1054 776 1109 Spurius
802 1062 841 1094 et
859 1056 912 1094 L.
930 1054 1098 1095 Carvilii
1124 1070 1216 1095 cum
1240 1070 1328 1095 rem
1351 1055 1527 1096 invisam

170 1117 447 1169 infamemque
485 1124 712 1165 cernerent,
763 1117 986 1156 ducentum
1021 1117 1179 1156 milium
1215 1117 1319 1157 aeris
1355 1116 1525 1157 multam

169 1178 230 1218 M.
245 1177 461 1218 Postumio
486 1178 688 1218 dixerunt.
728 1178 793 1218 cui
819 1179 1034 1218 certandae
1061 1192 1154 1218 eum
1180 1179 1267 1219 dies
1293 1178 1527 1219 advenisset
1554 1191 1594 1219 14

170 1239 469 1292 conciliumque
506 1246 589 1280 tam
626 1239 820 1292 frequens
858 1239 990 1294 plebis
1028 1240 1215 1289 adesset,
1264 1246 1311 1280 ut
1345 1240 1528 1280 multitu-

169 1302 307 1341 dinem
332 1316 425 1341 area
451 1300 632 1355 Capitoli
657 1302 725 1342 vix
751 1308 930 1356 caperet,
963 1309 1151 1356 perorata
1176 1317 1301 1343 causa
1326 1317 1406 1343 una
1432 1317 1526 1357 spes

170 1363 386 1404 videbatur
410 1378 519 1413 esse,
547 1364 581 1404 si
608 1363 656 1404 C.
685 1363 884 1405 Servilius
912 1363 1048 1405 Casca
1072 1364 1259 1406 tribunus
1285 1365 1430 1419 plebis,
1457 1365 1526 1418 qui
1553 1375 1593 1406 15

169 1425 423 1479 propinquus
467 1432 747 1480 cognatusque
783 1426 998 1467 Postumio
1042 1433 1144 1476 erat,
1193 1427 1432 1481 priusquam
1475 1426 1526 1467 ad

173 1487 414 1541 suffragium
439 1486 568 1527 tribus
594 1494 854 1537 vocarentur,
881 1488 1195 1529 intercessisset.
1256 1488 1429 1530 testibus
1456 1488 1527 1529 da-
1553 1500 1594 1529 16

172 1549 222 1589 tis
254 1548 405 1589 tribuni
434 1548 632 1602 populum
665 1557 973 1590 summoverunt
1005 1550 1217 1603 sitellaque
1247 1550 1330 1591 lata
1366 1557 1445 1599 est,
1484 1557 1529 1590 ut

174 1610 428 1658 sortirentur,
456 1609 527 1650 ubi
550 1610 692 1650 Latini
719 1610 962 1665 suffragium
988 1611 1153 1652 ferrent.
1207 1612 1368 1652 interim
1394 1611 1527 1665 publi·
1555 1623 1593 1651 17

173 1672 264 1712 cani
290 1670 448 1712 Cascae
479 1671 649 1721 instare,
688 1678 733 1711 ut
764 1672 935 1712 concilio
966 1673 1073 1712 diem
1100 1672 1312 1721 eximeret,
1349 1673 1526 1727 populus

172 1733 405 1773 reclamare.
467 1740 505 1774 et
538 1734 641 1774 forte
672 1733 714 1773 in
739 1748 866 1774 cornu
890 1734 1045 1787 primus
1078 1733 1247 1774 sedebat
1273 1733 1424 1782 Casca,
1463 1734 1528 1774 eui

173 1795 295 1835 simul
319 1802 450 1836 metus
470 1795 682 1849 pudorque
701 1795 882 1835 animum
903 1795 1103 1836 versabat.
1143 1810 1235 1836 eum
1253 1795 1296 1835 in
1315 1810 1362 1836 eo
1382 1811 1527 1849 parum
1556 1808 1595 1837 18

171 1857 365 1911 praesidii
390 1864 515 1907 esset,
543 1857 768 1898 turbandae
793 1857 851 1897 rei
876 1872 1000 1898 causa
1023 1857 1231 1911 publicani
1255 1872 1329 1912 per
1351 1872 1527 1898 vacuum

173 1919 251 1972 (in)
284 1925 487 1959 summoto
523 1919 659 1960 locum
697 1933 827 1960 0111100
864 1919 1122 1973 inruperunt,
1160 1920 1369 1974 iurgantes
1407 1919 1529 1959 simul

173 1995 267 2020 cum
291 1980 443 2034 populo
469 1980 737 2034 tribunisque.
788 1995 864 2020 nec
888 1981 1031 2034 procul
1055 1981 1313 2022 dimicatione
1338 1995 1403 2021 res
1430 1987 1526 2029 erat,
1557 1995 1594 2023 19

174 2056 267 2081 011111
292 2040 464 2081 Fulvius
502 2042 647 2082 consul
683 2041 855 2082 tribunis
896 2046 1047 2082 ‘nonne
1078 2042 1242 2082 videtis'
1273 2042 1405 2095 inquit
1437 2046 1527 2082 ‘vos

173 2102 214 2142 in
239 2103 422 2143 ordinem
449 2110 613 2144 coaetos
640 2118 730 2144 esse
756 2110 797 2144 et
820 2118 905 2144 rem
932 2104 983 2144 ad
1003 2104 1245 2145 seditionem
1264 2111 1461 2158 spectare,
1487 2103 1529 2143 ni

174 2179 344 2217 propere
370 2164 569 2205 dimittitis
600 2165 731 2219 plebis
764 2165 1022 2206 concilium?'

260 2226 361 2266 [ΙΙΙ.
416 2225 544 2266 Plebe
575 2227 745 2267 dimissa-
776 2233 941 2268 senatus
979 2233 1147 2268 vocatur
1178 2233 1217 2267 et
1248 2227 1435 2268 eonsules
1467 2242 1530 2267 re·
1557 2242 1570 2270 1

173 2287 309 2327 serunt
340 2287 390 2327 de
427 2287 597 2328 concilio
628 2288 761 2342 plebis
794 2288 955 2329 turbato
980 2289 1021 2328 vi
1046 2295 1167 2343 atque
1198 2289 1368 2329 audacia
1397 2288 1530 2343 publi-

175 2364 388 2389 canorum:
414 2348 475 2389 M.
495 2349 667 2390 Furium
682 2350 914 2399 Camillum,
942 2351 1057 2391 euius
1084 2351 1251 2391 exilium
1276 2351 1392 2391 ruina
1416 2350 1528 2391 urbis
1554 2366 1572 2395 2

175 2418 364 2451 secutura
388 2410 527 2460 fuerit,
554 2411 738 2452 damnari
764 2427 806 2452 se
832 2412 883 2453 ab
909 2412 1020 2452 iratis
1041 2412 1198 2452 civibus
1223 2427 1392 2466 passum
1418 2427 1527 2461 033ος

174 2473 426 2513 decemviros
452 2480 545 2514 ante
565 2488 677 2523 eum,
709 2489 882 2527 quorum
907 2474 1067 2529 legibus
1093 2474 1145 2514 ad
1170 2489 1261 2514 eam
1285 2475 1392 2514 diem
1417 2474 1530 2514 vive·
1556 2489 1574 2519 3

172 2542 280 2585 rent,
313 2535 463 2576 multos
489 2544 634 2590 postea
657 2537 861 2590 principes
888 2536 1062 2577 civitatis
1088 2537 1283 2577 iudicium
1308 2537 1358 2577 de
1385 2551 1427 2577 30
1459 2551 1531 2590 po-

173 2598 257 2651 puli
276 2612 440 2651 passos:
468 2598 728 2639 Postumium
742 2598 1000 2653 Pyrgensem
1021 2598 1263 2653 suffragium
1281 2599 1433 2653 populo
1447 2598 1530 2639 Ro·
1554 2613 1574 2641 4

173 2675 293 2700 mano
307 2660 540 2710 extorsisse,
552 2661 767 2701 concilium
781 2661 912 2715 plebis
929 2661 1157 2710 sustulisse,
1167 2661 1350 2702 tribunos
1364 2661 1405 2701 in
1421 2661 1527 2702 ordi—
