1815 3184
238 429 255 457 ¹0

238 551 255 579 20

216 1772 256 1800 10

216 1956 251 1983 11

218 2324 256 2351 13

218 2506 256 2533 14

283 244 336 284 82
624 249 776 282 LIBER
801 249 932 292 xxn,
957 249 1012 281 ⁶28.
1042 250 1088 290 [a.
1105 260 1138 282 u.
1154 249 1277 291 0537]

282 352 448 393 fallebat
480 358 519 391 et
549 350 731 404 perfugis
768 350 895 390 multa
930 349 1203 390 indicantibus
1241 356 1281 390 et
1315 364 1388 403 per
1424 364 1519 390 suos
1555 365 1624 390 ex-

282 415 506 468 plorantem
530 428 580 452 —:
611 427 706 451 nam
737 418 777 451 et
807 411 976 451 liberam
1001 410 1159 451 Minuci
1190 411 1456 450 temeritatem
1482 425 1526 451 se
1550 426 1624 451 suo

282 475 402 515 modo
434 480 688 527 captaturum
715 480 753 512 et
779 472 980 512 sollertiae
1004 472 1124 512 Fabii
1149 472 1361 512 dimidium
1385 471 1533 511 virium
1557 472 1625 512 de-

282 536 466 577 cessisse.
527 533 707 574 tumulus
739 541 823 574 erat
847 533 951 573 inter
976 541 1108 573 castra
1132 533 1291 573 Minuci
1317 541 1355 572 et
1379 532 1624 583 Poenorum.

281 612 374 637 eum
411 596 479 648 qui
517 603 775 648 occupasset,
818 594 929 634 haud
965 594 1087 635 dubie
1123 595 1364 647 iniquiorem
1401 601 1485 634 erat
1520 594 1627 634 hosti

280 659 413 697 locum
456 656 649 696 facturus.
710 670 803 695 eum
845 670 927 696 non
968 663 1050 695 tam
1093 670 1236 709 capere
1280 656 1366 696 sine
1409 655 1626 695 certamine

280 718 442 759 volebat
478 717 705 765 Hannibal,
755 731 1003 769 quamquam
1046 717 1088 756 id
1129 731 1276 770 operae
1317 716 1492 770 pretium
1529 724 1625 763 erat,

281 795 402 833 quam
431 794 596 820 causam
623 779 853 819 certaminis
880 794 972 819 cum
998 779 1201 827 Minucio,
1229 793 1349 831 quem
1377 793 1537 832 semper
1562 793 1628 818 oc-

282 856 493 881 cursurum
520 841 571 880 ad
597 840 878 880 obsistendum
905 841 1001 881 satis
1029 840 1200 888 sciebat,
1228 839 1476 880 contrahere.
1532 853 1629 893 ager

281 902 412 942 omnis
443 902 602 942 medius
635 909 719 941 erat
750 902 880 955 prima
913 902 1048 955 specie
1074 902 1226 941 inutilis
1252 902 1496 950 insidiatori,
1534 901 1629 953 quia

281 978 362 1003 non
398 964 518 1004 modo
555 963 739 1003 silvestre
775 963 1012 1015 quicquam,
1053 964 1125 1004 sed
1155 978 1205 1003 ne
1234 963 1426 1017 vepribus
1464 963 1628 1016 quidem

281 1025 471 1064 vestitum
491 1023 685 1071 habebat,
712 1039 753 1064 re
772 1024 861 1077 ipsa
882 1032 1001 1064 natus
1021 1025 1205 1078 tegendis
1226 1025 1384 1064 insidiis
1411 1039 1458 1064 eo
1482 1025 1626 1079 magis,

281 1087 391 1138 quod
421 1087 463 1125 in
493 1087 603 1125 nuda
633 1086 738 1126 valle
768 1086 879 1126 nulla
915 1086 1005 1126 talis
1043 1087 1155 1126 fraus
1192 1087 1323 1126 timeri
1360 1094 1529 1140 poterat.
1590 1093 1628 1124 et

282 1155 394 1188 erant
423 1148 464 1187 in
496 1147 746 1187 anfractibus
773 1163 897 1188 cavae
922 1163 1062 1202 rupes,
1094 1156 1137 1187 ut
1164 1149 1363 1200 quaedam
1391 1163 1529 1188 carum
1555 1148 1631 1187 du->

281 1224 403 1249 cenos
423 1218 600 1249 armatos
620 1217 789 1263 possent
809 1224 964 1263 capere.
1003 1210 1044 1249 in
1063 1209 1135 1249 has
1155 1209 1343 1257 latebras,
1370 1216 1470 1262 quot
1488 1224 1628 1261 quem-

281 1285 359 1322 que
384 1271 519 1310 locum
540 1278 632 1324 apte
652 1271 827 1311 insidere
848 1278 1046 1324 poterant,
1073 1271 1251 1324 quinque
1271 1271 1382 1311 milia
1402 1271 1629 1311 conduntur

281 1331 462 1385 peditum
499 1332 774 1384 equitumque.
828 1332 976 1372 necubi
1012 1339 1146 1372 tamen
1182 1340 1251 1372 aut
1287 1340 1420 1372 motus
1458 1332 1628 1371 alicuius

281 1400 430 1433 temere
462 1393 617 1447 egressi
649 1401 718 1433 aut
749 1393 886 1447 fulgor
910 1409 1112 1434 armorum
1138 1394 1323 1433 fraudem
1350 1393 1392 1432 in
1416 1393 1520 1433 valle
1546 1400 1627 1432 tam

280 1462 418 1508 aperta
449 1455 673 1508 detegeret,
706 1455 842 1495 missis
868 1456 1009 1509 paucis
1035 1456 1165 1509 prima
1189 1455 1279 1495 luce
1305 1456 1357 1495 ad
1387 1455 1628 1508 capiendum

281 1530 401 1568 quem
420 1523 512 1555 ante
532 1516 709 1556 diximus
731 1516 931 1556 tumulum
952 1517 1096 1556 avertit
1116 1516 1255 1556 oculos
1276 1516 1467 1557 hostium.
1499 1516 1628 1569 primo

282 1576 416 1616 statim
449 1589 671 1630 conspectu
697 1585 928 1631 contempta
953 1578 1155 1631 paucitas,
1189 1593 1235 1618 ac
1261 1578 1339 1618 sibi
1363 1578 1535 1630 quisque
1561 1578 1630 1617 de-

280 1653 447 1691 poscere
479 1639 690 1692 pellendos
721 1640 816 1680 inde
847 1640 988 1680 hostis.
1039 1641 1090 1680 ad
1119 1640 1253 1680 locum
1279 1640 1521 1694 capiendum
1547 1640 1629 1678 dux

281 1701 378 1753 ipse·
398 1701 503 1740 inter
533 1702 818 1742 stolidissimos
851 1702 1210 1754 ferocissimosque
1235 1702 1286 1741 ad
1312 1716 1424 1741 arma
1448 1708 1566 1740 vocat
1592 1709 1629 1740 et

282 1761 396 1801 vanis
427 1762 572 1802 animis
606 1770 645 1802 et
675 1763 795 1802 minis
826 1763 1007 1816 increpat
1042 1763 1214 1803 hostem.
1263 1762 1461 1816 principio
1497 1762 1629 1801 levem

281 1830 525 1862 armaturam
547 1824 728 1871 (limittit,
756 1825 900 1864 deinde
921 1824 1101 1864 conferto
1125 1825 1288 1878 agmine
1314 1824 1435 1863 mittit
1460 1824 1628 1875 equites,

279 1892 504 1936 postremo,
549 1899 641 1924 cum
678 1885 866 1925 hostibus
903 1900 1064 1938 quoque
1103 1885 1284 1925 subsidia
1321 1885 1425 1924 mitti
1461 1884 1627 1932 videret,

280 1944 486 1984 instructis
522 1945 752 1999 legionibus
790 1947 983 1999 procedit.
1034 1955 1072 1986 et
1103 1946 1313 1986 Hannibal
1350 1945 1627 1985 laborantibus

282 2006 365 2045 suis
391 2005 468 2045 alia
494 2014 613 2059 atque
640 2007 717 2047 alia
742 2016 785 2047 ut
810 2015 1017 2048 crescente
1043 2008 1262 2048 certamine
1288 2007 1451 2047 mittens
1478 2007 1627 2046 auxilia

280 2066 463 2119 peditum
488 2068 750 2121 equitumque
770 2069 851 2108 iam
870 2069 1020 2109 iustam
1041 2070 1273 2123 expleverat
1293 2069 1439 2114 aciem,
1467 2082 1512 2107 ac
1534 2068 1626 2107 totis

282 2128 482 2180 utrimque
507 2129 662 2169 viribus
689 2138 874 2170 certatur.
923 2131 1053 2184 prima
1077 2131 1179 2171 levis
1200 2142 1403 2170 armatura
1423 2129 1629 2169 Romano-

280 2204 387 2237 rum,
425 2188 768 2244 praeoccupatum
806 2191 993 2232 inferiore
1030 2192 1120 2232 loco
1158 2192 1381 2231 succedens
1413 2190 1626 2238 tumulum,

280 2250 398 2302 pulsa
429 2251 674 2304 detrusaque
700 2260 892 2293 terrorem
917 2254 957 2292 in
984 2253 1268 2293 succedentem
1294 2252 1427 2292 intulit
1453 2251 1627 2304 equitem

281 2318 320 2350 et
345 2311 396 2350 ad
423 2311 539 2366 signa
563 2313 771 2367 legionum
796 2314 958 2367 refugit.
1002 2315 1185 2368 peditum
1211 2314 1318 2354 acies
1343 2314 1447 2353 inter
1470 2312 1628 2366 percul-

283 2387 349 2411 sos
378 2373 572 2427 inpavida
604 2375 690 2415 sola
715 2382 817 2424 erat,
850 2375 1164 2429 videbaturque,
1199 2376 1232 2416 si
1256 2376 1363 2416 iusta
1387 2389 1434 2415 ac
1461 2375 1494 2414 si
1517 2381 1627 2414 recta

280 2448 419 2487 pugna
439 2442 558 2484 esset,
585 2436 891 2489 hautquaquam
909 2437 1026 2490 inpar
1045 2437 1200 2477 futura:
1227 2444 1382 2477 tantum
1400 2436 1626 2476 animorum

281 2494 432 2535 fecerat
462 2511 654 2551 prospere
687 2506 780 2538 ante
810 2513 963 2552 paucos
996 2499 1083 2538 dies
1114 2513 1178 2539 res
1216 2505 1345 2553 gesta.
1401 2505 1461 2538 set
1499 2497 1627 2537 exorti

281 2564 445 2608 repente
475 2558 731 2599 insidiatores
764 2574 857 2599 eum
889 2560 1106 2600 tumultum
1137 2567 1411 2612 terroremque
1435 2559 1478 2598 in
1501 2558 1626 2598 latera

283 2617 484 2669 utrimque
510 2618 560 2659 ab
586 2627 782 2673 tergoque
807 2620 1060 2661 incursantes
1080 2621 1282 2669 fecerunt,
1308 2627 1353 2660 ut
1372 2634 1445 2660 nec
1466 2619 1624 2659 animus

283 2676 331 2715 ad
358 2691 538 2732 pugnam
564 2694 695 2732 neque
720 2681 772 2720 ad
796 2680 939 2734 fugam
966 2695 1058 2734 spes
1085 2682 1275 2734 cuiquam
1300 2687 1543 2734 superesset.
