1815 3184
200 362 218 389 5

201 483 218 511 6

202 729 217 756 *l

208 2636 222 2662 T

247 236 325 276 102
556 241 708 275 LIBER
733 241 861 282 XXII,
887 241 940 273 51.
960 241 1014 274 52.
1042 242 1138 283 [a.u.
1156 240 1281 284 e 538]

329 345 500 385 Postero
538 344 602 383 die
639 342 709 382 ubi
745 342 922 396 primum
958 342 1124 390 inluxit,
1168 342 1219 382 ad
1257 342 1386 396 spolia
1420 343 1593 397 legenda

244 407 489 458 foedamque
521 404 643 444 etiam
675 403 862 444 hostibus
894 403 1159 456 spectandam
1185 411 1363 458 stragem
1388 404 1593 444 insistunt.

245 467 431 508 iacebant
450 473 507 506 tot
528 465 809 506 Romanorum
834 464 964 512 milia,
991 465 1148 518 pedites
1168 466 1323 519 passim
1343 465 1594 518 equitesque,

244 538 287 571 ut
312 544 434 583 quem
459 529 605 581 cuique
630 528 715 568 fors
742 534 811 567 aut
835 542 974 581 pugna
999 527 1186 568 iunxerat
1211 534 1279 567 aut
1299 528 1411 582 fuga.
1455 527 1597 568 adsur-

243 592 376 646 gentis
403 590 570 643 quidam
595 604 646 629 ex
674 596 809 643 strage
829 588 963 627 media
984 588 1158 636 cruenti,
1184 603 1287 641 quos
1309 589 1447 629 stricta
1466 596 1597 628 matu-

244 654 328 693 tino
359 652 510 706 frigore
538 651 814 691 excitaverant
840 650 1025 698 vulnera,
1058 649 1108 690 ab
1135 650 1252 690 hoste
1277 650 1463 704 oppressi
1489 656 1595 690 sunt.

244 714 445 767 quosdam
472 721 510 753 et
535 712 703 752 iacentis
723 711 839 751 vivos
861 711 1031 751 succisis
1052 710 1272 751 feminibus
1292 710 1596 765 poplitibusque

244 777 504 823 invenerunt,
547 774 740 814 nudantis
778 773 978 813 cervicem
1014 773 1283 828 iugulumque
1320 780 1359 813 et
1400 773 1596 813 relicuum

247 837 487 891 sanguinem
514 836 701 876 iubentes
727 835 900 875 haurire.
961 835 1115 875 inventi
1140 835 1307 887 quidam
1333 842 1425 874 sunt
1454 834 1596 874 mersis

245 900 285 939 in
299 899 492 939 effossam
513 906 660 938 terram
681 897 900 951 capitibus,
927 912 1029 951 quos
1051 897 1128 937 sibi
1149 897 1261 950 ipsos
1283 896 1430 936 fecisse
1455 896 1596 936 foveas

245 960 536 1012 obruentisque
573 974 643 999 ora
681 960 909 1013 superiecta
945 959 1071 999 humo
1102 957 1380 998 interclusisse
1412 957 1597 1011 spiritum

245 1021 478 1076 apparebat.
528 1021 745 1075 praecipue
773 1021 970 1061 convertit
996 1035 1136 1061 omnes
1163 1019 1392 1060 subtractus
1418 1019 1595 1059 Numida

245 1090 404 1123 mortuo
431 1082 765 1136 superinculmnti
783 1082 972 1123 Romano
997 1083 1115 1122 rivus
1141 1096 1242 1121 naso
1269 1080 1515 1132 auribusque
1540 1080 1597 1120 la-

245 1145 409 1193 ceratis,
443 1159 536 1185 cum
561 1144 750 1184 manibus
777 1145 829 1184 ad
860 1144 1103 1198 capiendum
1135 1143 1259 1183 telum
1289 1142 1518 1191 inutilibus,
1556 1142 1597 1181 in

245 1207 399 1248 rabiem
424 1207 484 1247 ira
508 1221 646 1254 versa,
679 1207 871 1247 laniando
897 1206 1086 1247 dentibus
1112 1206 1274 1246 hostem
1301 1205 1538 1259 expirasset.

330 1268 429 1308 LII.
493 1266 645 1321 Spoliis
677 1268 729 1308 ad
761 1268 934 1308 multum
967 1268 1046 1308 diei
1070 1267 1184 1307 lectis
1211 1266 1421 1307 Hannibal
1448 1268 1498 1307 ad
1524 1267 1598 1306 mi-

244 1345 344 1370 nora
369 1329 480 1369 (lucit
506 1338 638 1369 castra
664 1330 939 1383 oppugnanda
966 1338 1003 1369 et
1030 1330 1211 1369 omnium
1236 1329 1412 1382 primum
1432 1329 1597 1370 brachio

247 1393 404 1433 obiecto
431 1392 596 1432 flumine
623 1407 691 1432 eos
719 1393 908 1432 excludit.
953 1403 1131 1432 ceterum
1158 1391 1208 1431 ab
1235 1391 1424 1431 omnibus
1445 1391 1596 1439 labore,

245 1455 412 1509 vigiliis,
439 1454 675 1495 vulneribus
702 1455 823 1495 etiam
849 1454 971 1493 fessis
992 1454 1187 1493 maturior
1205 1453 1333 1506 ipsius
1355 1468 1427 1507 spe
1447 1454 1598 1494 deditio

247 1524 307 1556 est
327 1516 447 1556 facta.
491 1516 618 1569 pacti,
646 1523 688 1555 ut
714 1530 825 1555 arma
851 1522 971 1567 atque
998 1529 1124 1567 equos
1151 1515 1372 1563 traderent,
1400 1515 1441 1554 in
1466 1515 1599 1569 capita

244 1577 433 1618 Romana
464 1577 635 1617 trecenis
668 1576 845 1616 nummis
878 1576 1147 1630 quadrigatis,
1185 1576 1226 1615 in
1258 1576 1389 1616 socios
1416 1576 1597 1624 ducenis,

243 1640 286 1679 in
311 1654 449 1680 servos
477 1639 678 1687 centenis,
711 1646 750 1679 et
774 1645 819 1678 ut
844 1653 890 1678 eo
916 1639 1045 1691 pretio
1071 1638 1278 1692 persoluto
1306 1652 1398 1678 cum
1426 1638 1597 1692 singulis

245 1700 401 1740 abirent
421 1700 689 1747 vestimentis,
716 1700 757 1739 in
783 1707 915 1740 castra
940 1699 1069 1740 hostis
1096 1707 1353 1753 acceperunt,
1381 1700 1598 1752 traditique

246 1762 288 1802 in
319 1762 547 1802 custodiam
574 1776 715 1801 omnes
742 1768 854 1809 sunt,
889 1775 1072 1801 seorsum
1105 1761 1215 1801 cives
1249 1761 1441 1814 sociique.
1503 1761 1600 1801 dum

245 1823 302 1864 ibi
327 1832 487 1877 tempus
514 1823 666 1871 teritur,
698 1823 851 1863 interea
877 1838 969 1863 eum
995 1837 1045 1862 ex
1070 1822 1292 1862 maioribus
1319 1823 1481 1871 castris,
1513 1822 1601 1875 qui-

244 1885 321 1926 bus
343 1886 440 1925 satis
461 1885 607 1925 virium
629 1892 696 1925 aut
717 1885 843 1925 animi
863 1885 952 1933 fuit,
981 1885 1031 1925 ad
1051 1892 1242 1937 quattuor
1262 1885 1373 1925 milia
1390 1885 1598 1925 hominum

247 1955 285 1987 et
305 1947 468 1987 ducenti
489 1947 658 2000 equites,
687 1947 752 1987 alii
773 1947 948 2002 agmine,
976 1947 1042 1987 alii
1062 1947 1187 2000 palati
1206 1949 1360 2000 passim
1380 1961 1452 2000 per
1465 1962 1599 2001 agros,

246 2009 356 2061 quod
397 2009 506 2048 haud
548 2009 682 2049 minus
727 2017 860 2049 tutum
898 2016 1000 2057 erat,
1043 2008 1271 2049 Canusium
1307 2009 1599 2063 perfugissent,

247 2078 379 2110 castra
409 2071 498 2124 ipsa
530 2070 581 2111 ab
615 2071 765 2111 sauciis
798 2071 1032 2123 timidisque
1064 2071 1207 2111 eadem
1245 2070 1482 2111 condicione
1520 2085 1600 2123 qua

246 2132 371 2172 altera
403 2133 550 2173 tradita
582 2133 701 2174 hosti.
762 2133 913 2187 praeda
949 2132 1094 2187 ingens
1132 2138 1246 2185 parta
1283 2138 1344 2172 est
1375 2139 1413 2172 et
1443 2139 1603 2185 praeter

247 2208 372 2246 equos
409 2194 600 2247 virosque
637 2202 675 2235 et
713 2195 747 2235 si
786 2195 883 2247 quid
921 2195 1079 2249 argenti
1102 2219 1134 2222 —
1160 2194 1269 2247 quod
1303 2193 1526 2248 plurimum
1561 2194 1601 2233 in

246 2255 423 2308 phaleris
461 2270 659 2308 equorum
696 2265 798 2305 erat,
849 2271 942 2296 nam
985 2256 1037 2296 ad
1078 2256 1328 2296 vescendum
1366 2254 1474 2295 facto
1511 2269 1602 2308 per-

248 2317 409 2370 exiguo,
437 2318 576 2370 utique
596 2318 829 2367 militantes,
858 2317 1077 2358 utebantur
1095 2343 1128 2346 —
1147 2317 1279 2358 omnis
1299 2323 1433 2357 cetera
1451 2317 1603 2370 praeda

248 2379 473 2432 diripienda
498 2380 593 2420 data
618 2388 691 2420 est.
730 2387 817 2420 tum
837 2379 1060 2434 sepeliendi
1080 2394 1203 2420 causa
1224 2378 1398 2420 conferri
1416 2379 1457 2418 in
1476 2393 1601 2418 unum

249 2455 416 2494 corpora
443 2457 609 2482 suorum
635 2442 766 2483 iussit.
822 2442 873 2482 ad
899 2449 989 2482 octo
1015 2442 1126 2482 milia
1151 2441 1281 2482 fuisse
1307 2441 1496 2481 dicuntur
1520 2440 1602 2480 for-

248 2501 497 2543 tissimorum
526 2504 715 2544 virorum.
766 2504 976 2544 consulem
997 2518 1160 2556 quoque
1180 2503 1414 2543 Romanum
1437 2501 1602 2554 conqui-

250 2563 371 2603 situm
398 2565 683 2618 sepultumque
709 2566 875 2618 quidam
902 2572 1088 2607 auctores
1117 2573 1222 2605 sunt.

333 2624 438 2674 Eos,
466 2627 535 2679 qui
557 2627 784 2668 Canusium
809 2627 1092 2682 perfugerant,
1119 2627 1264 2666 mulier
1281 2625 1418 2679 Apula
1437 2624 1600 2665 nomine

251 2684 381 2733 Busa,
408 2701 557 2740 genere
583 2688 690 2729 clara
716 2704 761 2729 ae
788 2688 958 2736 divitiis,
985 2687 1199 2728 moenibus
1221 2694 1377 2727 tantum
1402 2685 1599 2736 tectisque
