1815 3184
311 239 394 280 492
653 243 804 277 LIBER
827 243 954 286 XXX,
981 243 1034 276 10.
1062 244 1110 285 [a.
1124 253 1158 275 u.
1175 253 1204 276 0.
1218 242 1300 286 551]

313 350 391 390 suit
418 362 568 400 easque
593 345 724 399 ipsas,
761 360 812 386 ne
837 345 879 385 in
909 345 1085 386 tumultu
1115 359 1279 399 pugnae
1309 344 1464 385 turbari
1488 345 1649 386 ordines

311 418 499 465 possent,
536 407 654 448 malis
694 407 963 460 antennisque
999 407 1049 448 de
1084 421 1189 447 nave
1219 407 1262 447 in
1290 421 1439 447 navem
1474 407 1650 447 traiectis

312 485 359 512 ac
395 470 540 511 validis
578 469 745 510 funibus
782 469 895 509 velut
929 484 1011 510 uno
1052 468 1158 509 inter
1195 483 1239 509 se
1274 469 1437 510 vinculo
1473 468 1652 523 inligatis

312 532 553 587 conprendit
576 531 818 584 tabulasque
850 530 1162 586 superinstravit
1190 537 1231 571 et
1253 531 1440 585 pervium
1471 530 1654 571 ordinem

269 612 286 641 6
312 595 406 636 fecit
416 612 426 644 3
465 602 526 635 set
552 601 592 635 et
617 594 693 635 sub
717 593 818 649 ipsis
842 593 1036 648 pontibus
1061 593 1276 634 intervalla
1306 593 1421 642 fecit,
1458 607 1539 646 qua
1561 606 1655 646 pro-

313 672 473 698 currere
499 655 795 712 speculatoriae
820 671 947 696 naves
972 655 1015 696 in
1039 655 1201 696 hostem
1227 669 1274 695 ac
1299 661 1386 696 tuto
1410 654 1537 709 recipi
1559 669 1656 709 pos-

270 735 286 763 7
315 726 417 760 sent.
477 718 540 759 his
565 718 714 773 raptim
744 732 818 772 pro
851 724 1034 772 tempore
1058 716 1267 757 instructis
1297 716 1408 757 mille
1432 716 1560 757 ferme
1586 715 1656 756 de-

312 781 407 822 lecti
431 787 758 836 propugnatores
784 779 980 821 onerariis
1004 778 1287 833 imponuntur,
1324 778 1498 819 telorum
1521 776 1657 818 missi-

312 844 430 893 lium,
461 850 506 883 ut
531 842 717 896 quamvis
742 842 866 897 longo
892 841 1112 882 certamine
1139 841 1392 890 sufficerent,
1422 840 1484 880 vis
1509 839 1655 894 ingens

269 919 288 949 8
315 905 556 960 congeritur.
626 904 683 945 ita
717 904 850 959 parati
885 911 1006 957 atque
1040 903 1185 944 intenti
1220 902 1400 944 hostium
1436 902 1657 942 adventum

312 968 642 1023 opperiebantur.
717 965 1103 1020 Carthaginienses,
1151 964 1238 1018 qui,
1287 964 1322 1005 si
1367 970 1656 1012 maturassent,

314 1030 450 1072 omnia
473 1029 677 1085 permixta
701 1029 820 1069 turba
844 1027 1133 1082 trepidantium
1156 1027 1288 1081 primo
1313 1026 1468 1081 impetu
1488 1040 1658 1080 oppres-

269 1107 287 1136 9
315 1093 483 1141 sissent,
526 1090 706 1146 perculsi
741 1090 1000 1130 terrestribus
1032 1089 1216 1129 cladibus
1248 1096 1368 1141 atque
1398 1087 1494 1128 inde
1529 1102 1580 1128 ne
1615 1086 1657 1126 in

313 1154 415 1195 mari
441 1153 622 1207 quidem,
658 1152 729 1193 ubi
758 1152 837 1206 ipsi
860 1152 953 1206 plus
983 1158 1191 1206 poterant,
1230 1150 1328 1191 satis
1360 1150 1552 1198 fidentes,
1591 1148 1656 1189 die

315 1215 432 1271 segni
456 1214 718 1269 navigatione
744 1214 960 1268 absumpto
987 1213 1062 1253 snb
1088 1227 1280 1253 occasum
1306 1211 1402 1253 solis
1427 1211 1470 1251 in
1493 1217 1657 1265 portum

250 1291 290 1321 10
314 1303 347 1307 —
364 1278 630 1319 Rusucmona
650 1275 745 1316 Afri
770 1284 918 1316 vocant
940 1300 974 1305 —
998 1275 1131 1316 classe
1156 1274 1368 1329 adpulere:
1400 1281 1565 1328 postero
1591 1272 1656 1313 die

316 1340 391 1381 sub
417 1346 550 1381 ortum
575 1338 672 1379 solis
698 1338 926 1378 instruxere
953 1337 1003 1377 ab
1035 1337 1116 1377 alto
1141 1351 1268 1376 naves
1294 1335 1405 1375 velut
1430 1335 1482 1375 ad
1505 1334 1657 1374 iustum

314 1401 515 1457 proelium
550 1400 696 1440 navale
732 1406 772 1440 et
807 1407 1016 1452 tamquam
1058 1398 1225 1439 exituris
1269 1404 1410 1438 contra
1443 1396 1656 1437 Romanis.

251 1478 288 1506 11
317 1479 409 1505 cnm
445 1463 515 1503 diu
551 1462 779 1511 stetissent,
816 1470 1036 1516 postquam
1072 1461 1173 1501 nihil
1202 1459 1359 1500 moveri
1389 1460 1439 1500 ab
1470 1459 1657 1500 hostibus

251 1540 289 1569 12
316 1527 523 1574 viderunt,
560 1532 647 1564 tum
679 1524 843 1564 demum
873 1523 1081 1564 onerarias
1114 1521 1422 1577 adgrediuntur.
1483 1528 1569 1561 erat
1591 1536 1658 1562 res

314 1586 481 1628 minime
506 1586 718 1626 certamini
742 1585 879 1626 navali
905 1585 1068 1633 similis,
1105 1583 1290 1639 proxime
1317 1582 1496 1637 speciem
1520 1597 1658 1624 muros

316 1648 644 1705 oppugnantium
674 1647 854 1688 navium.
921 1646 1133 1687 altitudine
1164 1645 1416 1699 aliquantum
1451 1644 1660 1686 onerariae

251 1726 290 1755 13
318 1713 584 1767 superabant3
640 1727 691 1752 ex
726 1710 913 1752 rostratis
948 1709 1082 1751 Poeni
1118 1724 1225 1749 vana
1258 1708 1471 1763 pleraque,
1519 1714 1660 1762 utpote

316 1775 462 1830 supino
486 1774 613 1823 iaetu,
639 1774 720 1814 tela
745 1773 787 1813 in
812 1773 947 1814 locum
967 1772 1219 1827 superiorem
1236 1771 1451 1811 mittebant
1460 1786 1469 1819 3
1496 1769 1661 1825 gravior

316 1852 363 1878 ac
387 1837 567 1891 pondere
592 1836 682 1890 ipso
707 1835 890 1876 libratior
916 1849 1092 1889 superne
1123 1849 1174 1875 ex
1199 1833 1394 1875 onerariis
1424 1832 1529 1872 ictus
1555 1839 1659 1873 erat:

251 1913 290 1942 14
317 1899 613 1954 speculatoriae
637 1913 765 1939 naves
792 1912 839 1938 ac
862 1897 970 1938 levia
993 1897 1085 1951 ipsa
1108 1895 1290 1950 navigia,
1328 1909 1432 1949 quae
1463 1895 1539 1935 sub
1565 1908 1661 1935 con-

318 1962 454 2002 stratis
490 1961 678 2016 pontium
712 1975 786 2015 per
815 1959 1031 2000 intervalla
1061 1959 1348 2007 excurrebant,
1385 1956 1516 2012 primo
1546 1955 1661 2010 ipsae

317 2032 429 2065 tanto
465 2024 622 2079 impetu
659 2031 700 2065 et
733 2022 1017 2078 magnitudine
1056 2030 1325 2064 rostratarum
1365 2020 1660 2068 obruebantur-3

253 2100 290 2130 15
317 2088 464 2128 deinde
507 2095 547 2128 et
587 2086 961 2142 propugnatoribus
1004 2099 1164 2139 quoque
1207 2082 1490 2124 incommodae
1533 2088 1661 2130 erant,

317 2150 427 2203 quod
451 2149 677 2204 permixtae
704 2163 796 2189 cum
821 2148 1002 2189 hostium
1026 2147 1199 2188 navibus
1224 2145 1407 2186 inhibere
1434 2159 1556 2199 saepe
1582 2143 1664 2184 tela

254 2225 291 2254 16
318 2212 521 2267 cogebant
538 2218 662 2261 metu,
687 2226 739 2252 ne
760 2211 952 2266 ambiguo
972 2210 1056 2250 ictu
1077 2209 1160 2250 suis
1180 2208 1416 2249 inciderent.
1454 2213 1662 2261 postremo

319 2290 478 2316 asseres
504 2274 636 2315 ferreo
664 2288 770 2315 unco
794 2273 966 2328 praefixi
989 2298 1022 2302 -
1046 2273 1307 2327 harpagones
1338 2276 1459 2311 vocat
1487 2269 1605 2309 miles
1630 2293 1664 2298 -

254 2349 291 2377 17
317 2351 368 2377 ex
391 2336 559 2377 Punicis
591 2337 765 2378 navibus
796 2336 892 2376 inici
922 2336 964 2376 in
987 2335 1199 2377 Romanas
1232 2333 1378 2387 coepti.
1439 2346 1541 2385 quos
1569 2346 1662 2371 cum

316 2413 448 2451 neque
473 2399 586 2454 ipsos
611 2414 744 2452 neque
770 2406 955 2448 catenas,
988 2398 1136 2451 quibus
1163 2395 1355 2451 suspensi
1378 2394 1662 2443 iniciebantur,

318 2460 496 2501 incidere
520 2468 707 2515 possent,
744 2468 790 2501 ut
814 2475 1000 2514 quaeque
1030 2467 1138 2500 retro
1163 2457 1345 2498 inhibita.
1366 2462 1543 2497 rostrata
1567 2470 1664 2496 0110-

255 2532 294 2562 18
318 2522 467 2563 rar-iam
495 2523 732 2564 haerentem
762 2538 867 2564 unco
898 2522 1094 2571 traheret,
1133 2520 1265 2562 scindi
1295 2519 1456 2560 videres
1487 2517 1662 2565 vincula,

321 2583 465 2635 quibus
492 2584 570 2624 alia
596 2585 684 2626 aliis
710 2585 861 2626 innexa
885 2592 989 2633 erat,
1023 2584 1171 2625 seriem
1196 2583 1318 2623 aliam
1343 2580 1463 2622 simul
1486 2578 1663 2634 plurium

256 2655 295 2686 19
320 2645 483 2685 navium
509 2646 626 2686 trahi.
687 2646 764 2687 1100
789 2646 966 2687 maxime
992 2646 1113 2687 modo
1138 2643 1306 2685 lacerati
1330 2642 1495 2695 quidem
1519 2653 1660 2681 omnes

321 2713 485 2760 pontes,
523 2714 564 2747 et
587 2707 655 2747 vix
680 2708 935 2749 transiliendi
965 2707 1007 2747 in
1039 2706 1264 2747 secundum
1288 2704 1473 2746 ordinem
1495 2700 1659 2741 navium
