1815 3184
329 245 410 287 516
630 250 782 285 LIBER
806 250 935 294 XXX,
961 251 1015 284 32.
1033 251 1086 284 33.
1114 253 1208 293 [ω.
1224 251 1347 295 6552]

329 365 482 402 111111611,
507 368 590 395 non
614 353 655 393 in
679 368 807 393 unum
831 352 957 402 diem,
985 353 1058 394 sed
1081 353 1124 393 in
1147 360 1408 408 perpetuum,
1435 355 1470 395 si
1493 355 1664 398 felicitas

329 417 509 464 adesset,
546 415 741 455 victores:
782 415 918 456 Roma
948 430 999 455 an
1025 413 1236 470 Carthago
1267 415 1356 455 iura
1380 415 1570 470 gentibus
1596 418 1666 458 da-

327 485 418 518 rent
442 484 534 517 ante
560 477 779 517 crastinam
803 484 965 517 noctem
991 476 1182 525 scituros3
1208 491 1340 530 neque
1359 477 1468 517 enim
1479 477 1666 519 Africam

328 546 397 579 aut
408 538 589 587 Italiam,
616 538 690 579 sed
713 539 855 580 orbem
879 546 1078 579 terrarum
1102 538 1295 579 victoriae
1319 539 1547 594 praemium
1565 540 1665 589 fore,

326 616 401 655 par
424 600 650 655 periculum
673 600 873 655 praemio,
911 600 1058 653 quibus
1091 601 1288 641 adversae
1317 615 1480 655 pugnae
1505 601 1668 642 fortuna

285 677 303 706 3
329 662 486 703 fuisset.
546 676 642 702 nam
666 676 799 715 neque
823 662 1022 703 Romanis
1055 661 1254 716 effugium
1283 662 1413 702 ullum
1435 664 1603 717 patebat
1625 662 1667 703 in

330 724 461 764 aliena
489 723 632 778 ignota
660 730 768 764 terra
798 731 839 764 et
863 722 1106 778 Carthagini
1138 738 1328 778 supremo
1361 724 1509 766 auxilio
1535 725 1667 766 effuso

329 785 474 826 adesse
499 785 715 826 videbatur
738 800 935 840 praesens
961 785 1177 826 excidium.

283 864 302 892 4
411 848 482 887 Ad
507 847 585 888 1100
610 848 829 889 discrimen
852 848 1079 902 procedunt
1101 855 1266 903 postero
1292 848 1356 889 die
1375 848 1548 890 duorum
1568 863 1669 903 opu-

328 909 648 950 lentissimorum
671 910 917 965 populorum
937 910 1016 950 duo
1036 909 1158 965 longe
1184 909 1398 951 clarissimi
1423 911 1560 959 duces,
1587 910 1668 951 duo

327 971 540 1012 fortissimi
571 972 793 1021 exercitus,
829 972 958 1012 multa
988 980 1081 1013 ante
1110 979 1228 1026 parta
1259 972 1407 1013 decora
1437 980 1507 1013 aut
1530 987 1670 1013 cumu-

285 1049 303 1077 5
328 1034 449 1074 laturi
484 1048 532 1074 eo
568 1034 633 1074 die
670 1042 738 1075 aut
774 1034 968 1075 eversuri.
1029 1048 1179 1088 anceps
1215 1034 1339 1088 igitur
1376 1049 1489 1089 spes,
1535 1042 1668 1074 metus

328 1095 557 1135 miscebant
577 1095 752 1144 animos3
780 1095 1231 1150 contemplantibusque
1250 1096 1372 1137 modo
1394 1112 1523 1146 suam,
1546 1096 1669 1137 modo

330 1156 509 1197 hostium
534 1157 681 1205 aciem,
709 1171 801 1197 cum
825 1157 953 1198 oculis
979 1157 1110 1211 magis
1132 1171 1254 1210 quam
1273 1158 1428 1198 ratione
1448 1165 1670 1212 pensarent

329 1218 457 1268 vires,
507 1219 627 1259 simul
662 1220 785 1267 laeta,
834 1219 954 1260 simul
990 1219 1122 1260 tristia
1158 1220 1493 1260 obversabantur.
1566 1234 1669 1273 quae

329 1279 430 1334 ipsis
457 1295 531 1320 sua
556 1289 701 1335 sponte
725 1296 808 1321 non
834 1281 1142 1330 succurrebant,
1181 1295 1229 1321 ea
1261 1281 1385 1321 duces
1411 1281 1668 1322 admonendo

285 1357 303 1386 6
331 1349 452 1394 atque
487 1342 688 1383 hortando
725 1342 991 1383 subiciebant.
1050 1343 1217 1383 Poenus
1256 1343 1434 1383 sedecim
1471 1358 1669 1384 annorum

330 1403 371 1443 in
397 1411 503 1444 terra
526 1404 647 1444 Italia
670 1419 735 1444 res
762 1411 920 1458 gestas,
957 1411 1017 1444 tot
1050 1404 1174 1444 duces
1199 1404 1428 1453 Romanos,
1465 1411 1525 1444 tot
1555 1419 1670 1444 exer-

331 1465 434 1506 citus
461 1466 670 1506 occidione
701 1466 859 1507 occisos
893 1472 933 1506 et
959 1481 1033 1506 sua
1058 1465 1204 1517 cuique
1236 1466 1402 1514 decora,
1438 1466 1509 1505 ubi
1534 1466 1587 1505 ad
1610 1466 1670 1505 in-

331 1527 491 1581 signem
517 1527 685 1567 alicuius
710 1542 874 1582 pugnae
899 1527 1097 1567 memoria
1121 1527 1292 1567 militem
1316 1535 1495 1576 venerat,
1520 1527 1671 1568 refere-

287 1604 303 1632 7
330 1588 417 1637 bat3
447 1588 586 1643 Scipio
600 1589 827 1643 Hispanias
854 1596 895 1629 et
917 1588 1097 1628 recentia
1120 1588 1163 1628 in
1174 1588 1320 1628 Africa
1343 1588 1498 1643 proelia
1517 1596 1555 1629 et
1576 1603 1672 1629 con-

329 1650 554 1691 fessionem
577 1650 775 1699 hostium,
802 1650 912 1703 quod
935 1664 1067 1703 neque
1087 1665 1168 1691 11011
1186 1659 1323 1704 petere
1342 1665 1487 1705 pacem
1505 1657 1671 1705 propter

328 1719 483 1752 metum
517 1726 650 1765 neque
685 1727 850 1752 manere
886 1712 927 1751 in
964 1727 1012 1752 ea
1040 1727 1138 1766 prae
1173 1711 1295 1752 insita
1326 1712 1470 1752 animis
1501 1712 1672 1767 perfidia

284 1786 303 1815 8
328 1773 571 1828 potuissent.
633 1773 685 1814 ad
720 1773 799 1815 hoc
835 1773 1095 1826 conloquium
1130 1773 1397 1822 Hannibalis,
1434 1774 1476 1814 in
1513 1781 1669 1815 secreto

285 1848 302 1877 9
330 1835 514 1876 habitum
545 1849 591 1876 ac
620 1835 795 1876 liberum
824 1835 1014 1890 fingenti,
1051 1849 1132 1888 qua
1162 1835 1249 1875 vult
1275 1835 1418 1884 flectit3
1456 1835 1671 1884 ominatur,

329 1898 477 1951 quibus
515 1898 722 1951 quondam
752 1897 945 1952 auspiciis
975 1905 1113 1952 patres
1145 1912 1286 1938 eorum
1315 1898 1367 1938 ad
1390 1897 1565 1952 Aegatis
1595 1913 1670 1952 pu—

330 1959 547 2013 gnaverint
581 1959 757 2008 insulas,
795 1974 844 2000 ea
878 1959 958 2000 illis
995 1959 1240 2001 exeuntibus
1276 1960 1317 2000 in
1349 1959 1476 2000 aciem
1506 1967 1670 2013 porten-

266 2033 305 2062 10
333 2022 443 2063 disse
480 2022 598 2062 deos:
643 2022 789 2062 adesse
825 2022 949 2062 finem
985 2022 1080 2062 belli
1119 2036 1165 2062 ac
1200 2021 1370 2070 laboris,
1405 2021 1448 2061 in
1482 2021 1670 2061 manibus

331 2098 422 2124 esse
457 2084 653 2138 praedam
691 2082 977 2138 Carthaginis,
1015 2083 1191 2124 reditum
1228 2084 1394 2125 domum
1428 2082 1470 2123 in
1498 2082 1669 2137 patriam

266 2158 301 2186 11
331 2146 383 2186 ad
406 2154 617 2201 parentes,
653 2145 822 2195 liberos,
861 2145 1057 2200 coniuges
1087 2153 1339 2200 penatesque
1365 2145 1476 2185 deos.
1537 2144 1669 2185 celsus

329 2209 430 2249 haec
456 2222 625 2263 corpore
650 2208 847 2261 vultuque
872 2207 928 2248 ita
952 2208 1079 2257 laeto,
1114 2216 1161 2248 ut
1185 2207 1332 2248 vicisse
1362 2207 1443 2247 iam
1468 2207 1668 2255 crederes,

330 2271 503 2311 dicebat.
563 2270 727 2311 instruit
758 2270 904 2310 deinde
928 2270 1082 2324 primos
1107 2269 1309 2319 hastatos,
1346 2276 1440 2324 post
1465 2284 1534 2310 eos
1559 2269 1670 2323 prin-

331 2333 461 2387 cipes,
487 2332 635 2373 triariis
661 2339 912 2387 postremam
939 2331 1066 2372 aciem
1093 2331 1252 2372 clausit.

289 2410 302 2437 1
413 2393 642 2434 XXXIII.
700 2394 794 2435 Non
830 2394 1036 2435 confertas
1074 2400 1211 2434 autem
1247 2393 1434 2434 cohortes
1472 2401 1564 2434 ante
1597 2408 1671 2433 sua

331 2471 534 2509 quamque
572 2456 692 2511 signa
731 2456 983 2505 instruebat,
1034 2456 1107 2497 sed
1147 2456 1377 2511 manipulos
1421 2455 1672 2509 aliquantum

331 2519 434 2558 111161·
461 2533 504 2559 56
530 2518 732 2567 distantis,
758 2526 804 2559 ut
822 2525 932 2559 esset
951 2518 1141 2573 spatium,
1168 2533 1248 2571 qua
1271 2518 1475 2572 elephanti
1494 2517 1672 2558 hostium

289 2594 306 2622 2
334 2580 411 2619 acti
435 2580 536 2620 nihil
560 2580 724 2621 ordines
750 2581 973 2621 turbarent.
1034 2580 1243 2629 Laelium,
1276 2580 1390 2621 cuius
1416 2588 1508 2621 ante
1533 2579 1670 2634 legati,

334 2657 381 2681 eo
402 2658 507 2683 anno
527 2643 754 2695 quaestoris
774 2651 890 2684 extra
909 2651 1061 2684 sortem
1081 2658 1132 2684 ex
1153 2650 1318 2683 senatus
1341 2642 1526 2684 consulto
1549 2655 1668 2695 opera

334 2704 539 2753 utebatur,
577 2718 670 2745 cum
705 2705 850 2746 Italico
887 2705 1069 2759 equitatu
1107 2706 1158 2746 ab
1194 2705 1357 2746 sinistro
1394 2698 1537 2752 cornu,
1578 2702 1667 2741 Ma-

279 430 296 458 10
