1815 3184
489 248 643 282 LIBER
667 249 796 292 xxu,
822 249 853 283 6.
874 249 904 282 7.
933 250 980 292 [a.
995 247 1033 282 C.
1046 248 1128 292 217]
1434 237 1486 278 61

130 353 172 394 in
198 360 311 407 parte
336 352 465 407 premi
490 366 537 393 ac
562 351 746 394 laborare
773 358 956 393 senserat
987 366 1103 400 suos,
1140 351 1300 405 inpigre
1333 349 1490 391 ferebat

132 430 271 469 ope1n3
296 415 583 469 insignemque
602 415 725 455 armis
752 422 791 455 et
815 414 954 455 hostes
981 428 1142 454 summa
1166 414 1207 453 vi
1232 412 1426 467 petebant
1451 419 1490 453 et
1517 423 1535 453 3

132 476 352 516 tuebantur
378 476 508 524 cives,
541 476 671 516 donec
695 475 872 516 Insuber
896 489 1021 528 eques
1047 499 1101 504 ——
1126 474 1311 514 Ducario
1341 487 1491 514 nomen

133 546 285 578 erat—
301 538 405 578 facie
430 552 593 591 quoque
618 538 828 578 noscitans
857 537 1019 578 ‘consul
1044 536 1111 577 en'
1136 536 1268 589 inquit
1294 536 1380 576 ‘hie
1405 535 1492 585 est‚'

134 599 401 654 popularibus
429 599 514 639 suis
542 599 631 652 ‘qui
655 599 839 654 legiones
864 606 1025 639 nostras
1053 598 1199 639 cecidit
1223 612 1427 653 agrosque
1453 604 1493 637 et

135 661 277 701 urbem
304 669 365 701 est
391 661 683 715 depopulatus!
720 661 802 701 iam
828 675 905 715 ego
930 661 1036 700 hane
1061 660 1270 700 victimam
1301 658 1491 699 manibus

134 731 439 777 peremptorum
465 723 584 763 foede
616 723 768 763 civium
799 722 938 771 dabo‚'
975 721 1233 774 subditisque
1265 720 1492 762 calcaribus
1518 734 1538 763 4

135 799 241 836 equo
267 799 340 838 per
370 783 715 825 confertissimam
746 784 926 824 hostium
958 783 1120 823 turbam
1151 783 1350 837 impetum
1381 782 1493 831 facit,

135 845 458 898 obtruncatoque
483 846 596 899 prius
623 846 844 900 armigero,
878 845 948 898 qui
974 859 1018 885 se
1042 845 1193 886 infesto
1218 845 1396 885 venienti
1422 844 1495 885 ob-

136 907 244 946 viam
281 907 503 955 obiecerat,
541 907 751 947 consulem
783 906 927 946 lancea
957 906 1179 955 transfixit3
1218 906 1393 960 spoliare
1425 920 1496 946 cu-

134 969 313 1022 pientem
339 968 464 1008 triarii
489 968 658 1008 obiectis
686 968 812 1008 scutis
833 982 1011 1008 arcuere.
1050 983 1225 1022 magnae
1245 968 1373 1022 partis
1394 967 1495 1023 fuga
1521 981 1540 1010 5

134 1030 228 1070 inde
259 1030 435 1083 primum
466 1030 618 1084 coepit3
656 1037 696 1070 et
720 1030 800 1070 iam
826 1044 902 1070 nec
926 1029 1040 1069 lacus
1066 1044 1142 1069 nec
1167 1036 1326 1069 montes
1352 1030 1494 1083 pavori

134 1091 371 1139 obstabant,
408 1106 482 1145 per
511 1092 648 1131 onmia
679 1098 766 1131 arta
796 1098 1097 1145 praeruptaque
1128 1091 1240 1131 velut
1266 1091 1377 1131 caeci
1402 1106 1496 1131 eva-

135 1153 236 1193 dunt
261 1167 456 1206 armaque
483 1160 522 1193 et
547 1153 622 1193 viri
650 1168 772 1207 super
798 1153 923 1193 alium
943 1153 1011 1192 alii
1031 1153 1362 1206 praecipitantur.
1399 1166 1494 1206 pars
1522 1167 1540 1196 6

134 1230 303 1269 magna,
330 1214 401 1255 ubi
425 1214 538 1255 locus
565 1215 690 1269 fugae
716 1215 851 1263 deest,
884 1229 955 1269 per
979 1215 1111 1268 prima
1136 1215 1243 1254 vada
1267 1214 1429 1269 paludis
1454 1214 1497 1254 in

135 1292 284 1330 aquam
304 1277 534 1331 progressi,
562 1277 699 1329 quoad
719 1277 941 1331 capitibus,
968 1277 1121 1317 umeris
1143 1284 1281 1317 extare
1307 1284 1495 1330 possunt,

137 1354 227 1380 sese
246 1339 494 1393 inmergant.
534 1339 649 1379 fuere
669 1353 772 1391 quos
793 1339 1050 1379 inconsultus
1070 1353 1199 1392 pavor
1217 1339 1353 1378 nando
1374 1338 1497 1378 etiarn

137 1415 352 1454 capessere
377 1402 520 1455 fugam
545 1400 757 1454 inpulerit,
789 1414 896 1453 quae
922 1400 993 1441 ubi
1018 1401 1205 1440 inmensa
1231 1414 1277 1440 ac
1305 1400 1391 1440 sine
1424 1414 1496 1453 spe
1524 1414 1540 1441 7

137 1470 239 1510 erat,
271 1470 341 1502 aut
365 1462 649 1503 deficientibus
676 1462 823 1503 animis
849 1461 1143 1502 hauriebantur
1167 1461 1401 1517 gurgitibus
1428 1468 1497 1501 aut

136 1524 385 1576 nequiquam
422 1524 523 1565 fessi
559 1525 666 1565 vada
701 1531 809 1565 retro
846 1525 1071 1579 aegerrime
1102 1524 1341 1578 repetebant
1375 1531 1497 1577 atque

137 1585 193 1626 ibi
219 1585 269 1626 ab
294 1586 492 1640 ingressis
519 1601 668 1639 aquam
694 1586 874 1627 hostium
900 1586 1106 1639 equitibus
1132 1586 1289 1640 passim
1320 1583 1498 1626 trucida-

138 1647 298 1688 bantur.
337 1662 410 1688 sex
428 1648 540 1688 milia
558 1648 686 1689 ferme
705 1648 827 1702 primi
846 1648 1022 1703 agminis
1048 1662 1121 1702 per
1145 1648 1340 1688 adversos
1366 1647 1497 1688 hostis
1524 1658 1542 1688 8

139 1709 349 1762 eruptione
373 1709 533 1764 inpigre
558 1710 685 1759 facta,
717 1710 849 1765 ignari
875 1710 1057 1750 omnium
1083 1724 1188 1763 quae
1213 1718 1307 1764 post
1333 1724 1376 1750 se
1402 1724 1500 1763 age-

138 1782 278 1811 rentur
308 1785 359 1811 ex
391 1771 498 1812 saltu
529 1786 715 1820 evasere,
753 1779 792 1812 et
823 1787 916 1812 cum
947 1772 987 1812 in
1013 1772 1171 1812 tumulo
1197 1772 1376 1825 quodam
1403 1786 1498 1811 con-

141 1832 358 1881 stitissent,
390 1833 611 1873 clamorem
636 1833 760 1874 niodo
785 1848 833 1874 ae
859 1848 1007 1874 sonum
1032 1848 1237 1873 armorum
1270 1833 1497 1881 audientes,

140 1908 244 1947 quae
281 1894 444 1935 fortuna
479 1910 644 1949 pugnae
681 1902 808 1944 esset,
846 1909 979 1948 neque
1017 1895 1119 1936 scire
1156 1910 1232 1936 nee
1268 1896 1499 1949 perspicere
1551 1907 1553 1909 ’

140 1970 237 2010 prae
269 1956 443 2010 caligine
474 1964 673 2011 poterant.
733 1957 928 1998 inclinata
959 1957 1135 2010 denique
1160 1972 1203 1997 re
1229 1972 1324 1997 cum
1348 1957 1500 1997 incale-
1525 1969 1542 1998 9

143 2024 280 2058 scente
312 2018 397 2058 sole
428 2018 613 2072 dispulsa
642 2018 794 2059 nebula
819 2019 1047 2073 aperuisset
1072 2019 1201 2067 diem,
1234 2026 1320 2058 tum
1345 2018 1500 2070 liquida

142 2078 222 2118 iam
248 2079 338 2119 luce
364 2087 522 2120 montes
549 2081 764 2134 campique
790 2081 970 2134 perditas
995 2095 1060 2120 res
1088 2088 1338 2133 stratamque
1363 2088 1500 2120 osten-

144 2140 239 2179 dere
274 2140 394 2180 foede
425 2141 658 2182 Romanam
695 2142 838 2182 aciem.
898 2142 1054 2194 itaque,
1091 2156 1141 2181 ne
1178 2142 1220 2181 in
1257 2148 1499 2195 conspectos
1527 2155 1568 2184 10

144 2201 284 2254 procul
320 2202 591 2243 inmitteretur
626 2217 771 2255 equeS,
817 2202 988 2243 sublatis
1025 2203 1173 2257 raptim
1210 2203 1338 2257 signis
1377 2217 1501 2255 quam

146 2262 386 2302 citatissimo
411 2270 597 2316 poterant
623 2265 787 2319 agmine
814 2279 904 2304 sese
930 2264 1206 2318 abripuerunt.
1250 2271 1414 2318 postero
1434 2264 1499 2305 die
1528 2278 1563 2307 11

146 2338 239 2363 cum
276 2338 399 2377 super
434 2332 568 2365 cetera
602 2334 785 2366 extrema
820 2326 951 2366 fames
989 2326 1112 2366 etiam
1147 2327 1334 2375 instaret,
1376 2326 1501 2366 fidem

146 2386 267 2426 dante
304 2386 566 2436 Maharbale,
611 2388 681 2440 qui
718 2402 812 2428 cum
848 2387 1039 2428 omnibus
1076 2388 1335 2441 equestribus
1372 2388 1500 2442 copiis

147 2455 264 2488 noete
301 2456 544 2489 consecutus
583 2457 686 2498 erat,
729 2449 764 2490 si
800 2465 913 2500 arma
948 2450 1212 2490 tradidissent
1253 2450 1365 2491 abire
1407 2465 1501 2490 cum

148 2509 320 2563 singulis
362 2511 616 2551 vestimentis
658 2525 897 2565 passurum,
947 2526 1038 2552 sese
1079 2512 1334 2552 dediderunt.
1394 2526 1500 2565 quae
1528 2523 1566 2553 12

147 2570 305 2612 Punica
328 2572 524 2626 religione
550 2580 710 2614 servata
734 2573 836 2614 fides
862 2573 913 2614 ab
938 2573 1174 2614 Hannibale
1200 2580 1280 2623 est,
1312 2581 1434 2627 atque
1458 2574 1500 2614 in

147 2633 310 2673 vincula
335 2648 476 2674 omnes
502 2634 686 2675 coniecit.

232 2694 329 2735 VH,
379 2695 498 2736 Haec
525 2703 586 2737 est
612 2696 760 2738 nobilis
786 2697 836 2737 ad
857 2696 1188 2738 Trasumennum
1213 2711 1353 2752 pugna
1377 2707 1499 2751 atque
1526 2711 1540 2740 1
