1815 3184
258 440 297 468 14

256 564 295 591 15

255 873 292 901 16

253 996 290 1024 17

272 1428 290 1456 [ὑ

268 2542 283 2569 λ1

325 253 408 293 294
561 259 714 293 LIBER
739 259 888 299 xxvi,
914 259 968 293 25.
987 259 1040 292 26.
1069 260 1165 303 [ξω.
1182 259 1397 303 0543544]

323 363 408 403 acic
435 362 696 410 cecidissent,
735 376 805 402 eos
830 376 913 401 uno
945 361 1101 402 tumulo
1133 367 1395 416 contegerent
1420 364 1677 406 adhiberent-

322 438 401 476 que
437 423 616 464 humatis
647 423 829 464 titulum:
869 422 953 463 ‘hic
984 423 1049 463 siti
1081 431 1174 463 sunt
1205 422 1465 474 Acarnanes,
1507 426 1577 478 qui
1606 428 1677 467 ad-

322 499 465 525 versus
487 485 570 524 vim
590 491 711 537 atque
730 484 920 524 iniuriam
941 484 1185 525 Aetolorum
1204 499 1278 539 pro
1298 486 1428 539 patria
1445 495 1676 541 pugnantes

320 553 492 587 mortem
524 546 834 587 occubuerunt'.
882 561 955 600 per
979 546 1081 587 haec
1105 546 1281 588 incitatis
1307 547 1453 589 animis
1479 557 1613 589 castra
1635 549 1677 590 in

321 609 511 650 extremis
542 608 693 649 finibus
732 609 816 649 suis
855 608 977 650 obvia
1006 609 1115 650 hosti
1144 616 1381 663 posuerunt.
1442 611 1594 651 nuntiis
1625 612 1678 652 ad

320 670 557 725 Philippum
583 671 739 720 missis,
767 678 919 724 quanto
938 686 1003 712 res
1022 671 1065 711 in
1085 671 1318 712 discrimine
1338 678 1464 721 esset,
1492 673 1676 714 omittere

319 732 559 786 Philippum
595 733 637 773 id
673 733 784 786 quod
825 733 866 772 in
904 732 1094 788 manibus
1137 740 1222 774 erat
1265 741 1487 788 coegerunt
1522 733 1675 775 bellum

318 794 596 848 Iamphoryna
620 809 694 848 per
718 794 967 835 deditionem
996 802 1161 849 recepta
1192 802 1231 836 et
1260 810 1456 850 prospero
1482 796 1560 837 alio
1586 812 1677 838 suc-

315 870 440 911 cessu
464 871 613 896 rerum.
674 855 918 897 Aetolorum
943 857 1142 911 impetum
1168 857 1399 898 tardaverat
1422 858 1554 912 primo
1580 873 1676 899 con-

318 919 531 960 iurationis
557 919 668 960 fama
693 919 996 969 Acarnanicae,
1035 919 1183 960 deinde
1209 920 1372 961 auditus
1397 920 1580 975 Philippi
1605 922 1676 962 ad-

318 988 464 1022 ventus
490 981 650 1036 regredi
671 982 792 1022 etiam
811 982 853 1022 in
872 982 1038 1022 intimos
1060 982 1193 1036 coegit
1211 982 1317 1023 finis.
1354 997 1430 1023 nec
1442 982 1673 1037 Philippus,

317 1058 584 1096 quamquam,
606 1058 657 1084 ne
672 1044 997 1098 opprimerentur
1009 1043 1264 1092 Acarnanes,
1286 1044 1497 1085 itineribus
1512 1046 1673 1100 magnis

317 1105 436 1153 ierat,
462 1105 568 1146 ultra
594 1105 724 1146 Dium
750 1112 811 1146 est
835 1120 1094 1160 progressus.
1148 1106 1260 1155 inde,
1288 1120 1381 1146 cum
1407 1107 1590 1147 audisset
1613 1121 1676 1147 re-

318 1166 448 1207 ditum
473 1166 717 1207 Aetolorum
743 1182 794 1207 ex
819 1166 1071 1216 Acarnania,
1106 1174 1144 1207 et
1168 1168 1257 1221 ipse
1281 1166 1441 1208 Pellam
1465 1168 1594 1209 rediit.

402 1228 575 1270 XXVI.
624 1230 837 1270 Laevinus
863 1230 969 1270 veris
994 1229 1194 1283 principio
1215 1245 1239 1270 a
1260 1228 1441 1284 Corcyra
1465 1230 1674 1284 profectus

316 1290 491 1331 navibus
518 1300 709 1345 superato
728 1292 914 1332 Leucata
939 1291 1221 1345 promunturio
1248 1306 1341 1331 cum
1366 1291 1545 1332 venisset
1563 1292 1675 1332 Nau-

316 1359 502 1406 pactum,
540 1352 784 1407 Anticyram
815 1354 908 1394 inde
941 1368 984 1394 se
1009 1353 1232 1407 petiturum
1259 1353 1402 1402 edixit,
1440 1360 1485 1393 ut
1509 1361 1672 1407 praesto

317 1413 373 1454 ibi
400 1413 558 1468 Scopas
578 1414 799 1467 Aetolique
826 1428 975 1456 essent.
1027 1415 1104 1454 sita
1122 1414 1324 1468 Anticyra
1349 1420 1410 1455 est
1435 1415 1477 1454 in
1494 1415 1673 1471 Locride

315 1475 433 1516 laeva
467 1483 582 1530 parte
620 1477 754 1517 sinum
793 1476 1103 1517 Corinthiacum
1144 1476 1321 1516 intranti.
1404 1475 1528 1517 breve
1570 1484 1675 1518 terra

316 1538 393 1578 iter
423 1553 488 1586 eo,
526 1537 661 1579 brevis
693 1538 902 1593 navigatio
934 1537 985 1579 ab
1015 1537 1231 1592 Naupacto
1263 1544 1336 1578 est.
1397 1538 1514 1579 tertio
1545 1538 1674 1580 ferme

314 1606 408 1654 post
433 1599 498 1639 die
525 1600 729 1652 utrimque
756 1600 985 1654 oppugnari
1017 1608 1162 1654 coepta
1193 1607 1268 1640 cst.
1329 1600 1494 1654 gravior
1524 1616 1548 1640 a
1572 1601 1675 1641 mari

316 1661 569 1715 oppugnatio
606 1669 710 1710 erat,
760 1662 856 1715 quia
893 1669 931 1702 et
968 1668 1171 1702 tormenta
1209 1661 1504 1715 machinaeque
1540 1663 1673 1703 omnis

314 1723 475 1777 generis
513 1722 555 1762 in
591 1723 768 1764 navibus
807 1731 919 1764 erant
957 1731 995 1765 et
1026 1724 1204 1766 Romani
1240 1724 1335 1764 inde
1365 1724 1671 1779 oppugnabant.

312 1785 448 1838 itaque
489 1785 595 1825 intra
635 1801 790 1840 paucos
834 1787 924 1827 dies
966 1794 1129 1841 recepta
1172 1786 1268 1827 urbs
1310 1801 1384 1840 per
1425 1787 1673 1827 deditionem

313 1847 473 1887 Aetolis
502 1848 690 1897 traditur,
717 1848 870 1902 praeda
895 1863 946 1888 ex
970 1856 1091 1903 pacto
1115 1848 1316 1889 Romanis
1342 1848 1478 1889 cessit.

396 1909 579 1950 Litterae
615 1910 805 1950 Laevino
837 1910 1041 1960 redditae,
1087 1910 1297 1951 consulem
1334 1925 1427 1951 eum
1459 1909 1672 1950 absentem

313 1971 579 2020 declaratum,
607 1979 645 2013 et
673 1987 954 2013 successorem
980 1973 1117 2013 venire
1137 1972 1185 2012 P.
1210 1971 1452 2026 Sulpicium.
1491 1978 1671 2012 ceterum

312 2033 502 2073 diuturno
527 2033 584 2074 ibi
610 2033 753 2075 morbo
785 2034 992 2089 inplicitus
1025 2034 1155 2075 serius
1183 2049 1255 2088 spe
1287 2034 1469 2075 omnium
1494 2033 1671 2074 Romam

312 2096 436 2136 venit.

395 2157 455 2198 M.
483 2157 707 2200 Marcellus
741 2173 835 2199 cum
867 2158 1003 2199 idibus
1030 2158 1193 2199 Martiis
1225 2158 1481 2199 consulatum
1514 2157 1670 2205 inisset,

311 2227 499 2260 senatum
525 2235 573 2261 eo
599 2220 663 2260 die
689 2221 815 2261 moris
842 2221 965 2261 modo
991 2235 1115 2261 causa
1140 2220 1302 2269 habuit,
1334 2220 1546 2274 professus
1572 2219 1672 2259 nihil

312 2296 354 2321 sc
391 2281 561 2322 absente
599 2282 772 2337 conlega
806 2297 939 2336 neque
977 2283 1027 2322 de
1059 2297 1102 2323 re
1134 2282 1298 2336 publica
1334 2296 1466 2335 neque
1498 2282 1547 2321 de
1579 2296 1672 2335 pro-

312 2343 453 2383 vinciis
480 2350 685 2384 acturum:
736 2345 838 2385 scire
865 2359 908 2385 se
933 2344 1159 2398 frequentis
1182 2344 1345 2386 Siculos
1369 2358 1495 2398 prope
1526 2343 1670 2384 urbem

310 2405 351 2444 in
377 2405 482 2446 villis
509 2405 830 2447 obtrectatorum
851 2421 1018 2447 suorum
1040 2421 1150 2456 esse3
1177 2406 1326 2459 quibus
1347 2412 1505 2446 tantum
1525 2405 1670 2446 abesse

311 2474 354 2506 ut
378 2481 452 2520 per
478 2482 520 2508 se
547 2483 628 2508 non
653 2468 774 2509 liceat
800 2468 936 2523 palam
961 2468 1120 2509 Romae
1146 2468 1316 2509 crimina
1341 2468 1467 2516 edita,
1499 2467 1595 2507 fieta
1619 2466 1670 2507 ab

311 2528 504 2577 inimicis,
532 2530 718 2584 vulgare,
752 2537 813 2578 ut,
846 2530 887 2570 ni
914 2530 1150 2570 simularent
1177 2530 1355 2583 aliquem
1381 2529 1459 2570 sibi
1484 2529 1670 2569 timorem

312 2589 480 2630 absente
517 2591 688 2645 conlega
726 2592 888 2632 dicendi
924 2593 973 2632 de
1017 2592 1183 2633 consule
1221 2606 1331 2640 esse,
1380 2592 1469 2646 ipse
1506 2591 1564 2631 eis
1601 2604 1670 2630 ex-

312 2651 463 2704 templo
511 2653 680 2693 daturus
731 2661 918 2694 senatum
966 2654 1100 2694 fuerit.
1179 2653 1250 2694 ubi
1292 2653 1457 2706 quidem
1499 2651 1670 2704 conlega

312 2712 510 2762 venisset,
552 2729 635 2755 non
671 2729 890 2769 passurum
926 2716 1147 2768 quicquam
1185 2715 1298 2768 prius
1336 2715 1420 2768 agi,
1465 2727 1586 2766 quam
1625 2720 1668 2751 ut
