1815 3184
487 231 641 266 LIBER
664 231 815 276 xxm,
841 231 894 265 3‘2.
914 231 968 264 33.
997 232 1045 274 [a.
1063 228 1198 273 (1215]
1446 219 1522 259 147

165 343 262 379 crat.
310 336 374 378 his
402 336 554 378 nuntiis
579 331 814 392 propeuno
840 341 1022 389 tempore
1041 333 1192 375 turbati
1212 333 1416 386 erectique
1428 330 1521 372 Ma-
1550 344 1584 373 11

164 414 313 455 gonem
352 414 446 440 cum
483 399 615 440 classe
652 414 727 439 sua
757 397 967 452 copiisque
998 396 1040 437 in
1064 396 1315 450 Hispaniam
1344 395 1522 443 mittunt,

164 463 207 502 in
245 460 478 503 Sardiniam
515 460 824 502 Hasdrubalem
865 459 1051 513 deligunt
1092 459 1240 499 ducem
1281 463 1322 498 et
1362 463 1521 497 tantum
1549 468 1588 497 12

164 525 293 565 ferme
319 524 529 578 copiarum
555 530 755 576 quantum
779 521 954 576 Magoni
979 522 1216 561 decernunt.

248 586 305 627 Et
341 586 499 626 Romae
536 585 726 626 consules
764 583 980 624 transactis
1018 582 1159 631 rebus,
1204 596 1309 636 quae
1344 581 1388 621 in
1423 578 1524 620 urbe

165 649 349 704 agendae
381 656 512 696 erant,
539 646 760 688 movebant
785 646 866 686 iam
893 660 984 686 sese
1010 646 1061 686 ad
1085 645 1252 686 bellum.
1313 642 1378 683 Ti.
1407 640 1526 683 Seni-

164 711 333 766 pronius
359 710 556 751 militibus
574 708 816 750 Sinuessam
835 708 945 749 diem
964 708 1016 749 ad
1036 706 1364 749 conveniendum
1384 704 1523 753 edixit,

166 780 203 813 01
231 772 283 825 Q.
309 772 483 821 Fabius,
522 771 707 812 consulto
732 771 844 825 prius
872 777 1035 819 senatu,
1073 776 1117 810 ut
1146 769 1352 809 frumenta
1382 781 1524 808 omnes

166 850 217 876 cx
248 835 357 890 agris
389 841 483 875 ante
513 834 593 874 kal.
626 833 767 874 Iunias
805 833 958 887 primas
990 833 1033 872 in
1064 832 1186 873 urbes
1217 831 1396 871 munitas
1429 844 1525 870 con-

165 897 378 937 veherent:
406 896 476 949 qui
500 910 583 936 non
606 895 849 944 invexisset,
877 895 964 935 eius
986 910 1029 935 50
1049 909 1195 948 agrum
1219 893 1523 947 populaturum,

166 974 307 1000 servos
334 957 410 998 sub
436 958 554 998 hasta
578 957 859 1005 venditurum,
885 957 1004 996 villas
1025 956 1301 996 incensurum.
1338 969 1390 994 110
1409 967 1526 1007 prac-

165 1020 321 1061 toribus
347 1019 531 1072 quidem,
559 1019 628 1071 qui
653 1019 705 1058 ad
729 1018 793 1058 ius
820 1018 1039 1058 dicendum
1060 1018 1182 1057 creati
1203 1023 1337 1065 erant,
1365 1015 1524 1055 vacatio

165 1097 189 1122 a
219 1081 315 1122 belli
346 1080 698 1121 administratione
728 1080 825 1120 data
850 1086 924 1120 est.
984 1079 1199 1120 Valerium
1230 1085 1459 1132 praetorem
1484 1076 1525 1115 in

163 1142 360 1197 Apuliam
387 1142 444 1182 ire
469 1142 621 1196 placuit
646 1142 698 1182 ad
718 1141 942 1182 exercitum
963 1141 1195 1182 aTerentio
1221 1139 1505 1194 accipiendum
1515 1155 1524 1187 ;

163 1219 258 1246 cum
284 1219 335 1244 ex
361 1202 502 1245 Sicilia
532 1203 716 1258 legiones
748 1203 975 1253 venissent,
1013 1204 1062 1244 iis
1094 1203 1355 1257 potissimum
1385 1202 1445 1242 uti
1475 1202 1527 1242 ad

162 1266 342 1321 regionis
358 1266 444 1307 eius
464 1266 714 1320 praesidium
724 1283 734 1316 3
762 1266 1057 1307 Terentianum
1074 1265 1265 1321 [militem
1280 1262 1524 1319 Tarentum]

163 1329 270 1369 mitti
306 1343 399 1369 cum
437 1328 573 1382 aliquo
610 1328 852 1383 legatorum.
924 1335 963 1369 et
999 1328 1146 1383 viginti
1182 1328 1363 1381 quinque
1398 1342 1525 1367 naves

164 1391 302 1439 datae,
341 1389 490 1443 quibus
522 1405 635 1431 oram
665 1391 912 1431 maritimam
942 1391 1048 1431 inter
1072 1391 1341 1432 Brundisium
1373 1404 1421 1430 ac
1447 1389 1528 1430 Ta—

164 1459 326 1493 rentum
362 1452 484 1492 tutari
518 1460 671 1506 posset.
743 1468 817 1507 par
852 1453 1020 1494 navium
1059 1468 1256 1494 numerus
1295 1452 1346 1505 Q.
1379 1452 1414 1492 F
1419 1452 1527 1493 ulx‘io

164 1513 342 1568 praetori
390 1513 547 1555 urbano
589 1515 777 1556 decretus
821 1515 872 1555 ad
916 1515 1154 1556 suburbana
1189 1515 1308 1556 litora
1344 1514 1526 1555 tutanda.

168 1576 217 1617 C.
245 1575 439 1616 Terentio
503 1577 739 1630 proconsuli
771 1577 983 1631 negotium
1014 1577 1178 1625 datum,
1225 1585 1270 1617 ut
1301 1577 1342 1617 in
1372 1576 1527 1617 Piceno

167 1652 266 1691 agro
285 1637 628 1690 conquisitionem
654 1638 828 1678 militum
847 1639 1018 1680 haberet
1036 1639 1220 1692 locisque
1239 1639 1302 1680 his
1323 1639 1528 1693 praesidio

166 1706 288 1740 esset.
349 1707 388 1739 et
414 1699 462 1740 T.
492 1698 695 1741 Otacilius
724 1699 922 1749 Crassus,
959 1708 1179 1755 postquam
1205 1701 1348 1741 aedem
1373 1700 1528 1742 Mentis

165 1761 208 1801 in
228 1760 434 1815 Capitolio
459 1762 682 1811 dedicavit,
714 1762 757 1803 in
784 1761 969 1804 Siciliam
995 1777 1089 1803 cum
1113 1763 1286 1818 imperio
1311 1763 1381 1816 qui
1406 1763 1529 1804 classi

165 1829 375 1877 praeesset
400 1823 565 1864 missus,

251 1885 479 1926 XXXIII.
539 1886 591 1926 In
621 1886 727 1927 hanc
759 1887 1062 1927 dimicationem
1093 1887 1269 1928 duorum
1305 1887 1529 1942 opulentis-

168 1948 365 1988 simorum
411 1948 454 1988 in
501 1949 617 1989 terris
666 1949 911 2003 populorum
955 1958 1098 1990 01111105
1139 1964 1259 2004 reges
1302 1956 1529 2004 gentesque

169 2010 328 2051 animos
354 2010 630 2060 intenderant,
657 2011 762 2052 inter
786 2026 888 2065 quos
908 2011 1128 2066 Philippus
1153 2011 1434 2053 Macedonum
1458 2027 1531 2053 rex

169 2087 217 2112 00
245 2072 397 2127 magis,
424 2073 535 2126 quod
558 2073 726 2127 propior
750 2073 894 2114 Italiae
920 2088 967 2114 ae
993 2074 1096 2114 mari
1121 2081 1279 2114 tantum
1303 2074 1422 2115 Ionio
1448 2075 1531 2114 dis-

169 2141 304 2174 cretus
341 2142 438 2175 erat.
509 2135 545 2175 is
581 2135 654 2176 ubi
695 2136 873 2190 primum
909 2136 1021 2177 fama
1058 2137 1216 2191 accepit
1250 2137 1531 2178 Hannibalem

169 2195 292 2250 Alpis
319 2202 642 2251 transgressum,
670 2204 714 2237 ut
738 2197 846 2238 bello
871 2199 975 2239 inter
1000 2199 1235 2239 Romanum
1259 2198 1531 2253 Poenumque

172 2266 261 2298 orto
286 2258 460 2298 laetatus
487 2266 590 2308 erat,
616 2259 690 2309 ita,
720 2260 847 2301 utrius
867 2261 1009 2315 populi
1029 2261 1168 2302 mallet
1186 2261 1400 2302 victoriam
1425 2276 1530 2311 esse,

170 2320 335 2361 incertis
362 2320 496 2361 adhue
520 2321 676 2362 viribus
702 2322 923 2364 fluctuatus
949 2323 1085 2363 animo
1111 2323 1257 2364 fuerat.
1312 2330 1532 2378 postquam

171 2382 288 2423 tertia
312 2382 393 2423 iam
418 2398 576 2438 pugna,
603 2384 721 2425 tertia
745 2385 915 2426 victoria
941 2400 1033 2425 cum
1059 2385 1211 2426 Poenis
1238 2393 1342 2435 erat,
1375 2386 1427 2426 ad
1452 2386 1534 2426 for-

173 2451 314 2484 tunam
338 2444 549 2485 inclinavit
573 2445 815 2500 legatosque
841 2447 894 2487 ad
917 2447 1198 2488 Hannibalem
1223 2448 1352 2497 misit,
1379 2448 1450 2501 qui
1474 2449 1534 2488 vi-

171 2513 303 2547 tantes
331 2513 472 2561 portus
497 2507 794 2549 Brundisinum
820 2509 1189 2564 Tarentinumque,
1216 2511 1312 2564 quia
1337 2511 1533 2552 custodiis

173 2569 339 2608 navium
387 2569 668 2611 Romanarum
717 2571 976 2621 tenebantur,
1027 2572 1079 2613 ad
1114 2573 1314 2614 Laciniae
1362 2572 1533 2614 Iunonis

171 2630 369 2684 templum
402 2631 444 2671 in
475 2638 622 2673 terram
654 2634 811 2687 egressi
843 2641 949 2675 511111.
1009 2634 1104 2675 inde
1134 2650 1207 2689 per
1236 2634 1434 2689 Apuliam
1464 2649 1535 2689 pc-

172 2699 303 2733 tentcs
343 2692 531 2747 Capuam
574 2695 708 2736 media
745 2696 784 2736 in
822 2696 1026 2750 praesidia
1062 2697 1252 2738 Romana
1287 2696 1402 2738 inlati
1440 2703 1534 2737 sunt

1229 2762 1307 2797 10÷÷

1552 591 1591 621 13

1553 655 1590 683 14

1554 903 1593 932 15

1554 1089 1593 1118 16

1556 1335 1593 1363 17

1556 1457 1595 1487 18

1556 1584 1594 1612 19

1560 2647 1579 2677 5
