<?xml version="1.0" encoding="UTF-8"?>
<!DOCTYPE html PUBLIC "-//W3C//DTD XHTML 1.0 Transitional//EN"
    "http://www.w3.org/TR/xhtml1/DTD/xhtml1-transitional.dtd">
<html xmlns="http://www.w3.org/1999/xhtml" xml:lang="en" lang="en">
 <head>
  <title>
</title>
<meta http-equiv="Content-Type" content="text/html;charset=utf-8" />
  <meta name='ocr-system' content='tesseract 3.04.00' />
  <meta name='ocr-capabilities' content='ocr_page ocr_carea ocr_par ocr_line ocrx_word'/>
</head>
<body>
  <div class='ocr_page' id='page_1' title='image "./aburbeconditalib02livyuoft_0387.png"; bbox 0 0 1815 3184; ppageno 0'>
   <div class='ocr_carea' id='block_1_1' title="bbox 500 217 1495 273">
    <p class='ocr_par' dir='ltr' id='par_1_1' title="bbox 500 217 1495 273">
     <span class='ocr_line' id='line_1_1' title="bbox 500 217 1495 273; baseline -0.006 -9"><span class='ocrx_word' id='word_1_1' title='bbox 500 229 653 264; x_wconf 83' lang='lat' dir='ltr'>LIBER</span> <span class='ocrx_word' id='word_1_2' title='bbox 677 229 825 273; x_wconf 77' lang='lat' dir='ltr'>XXVI,</span> <span class='ocrx_word' id='word_1_3' title='bbox 852 229 904 262; x_wconf 83' lang='grc'>16.</span> <span class='ocrx_word' id='word_1_4' title='bbox 933 230 981 271; x_wconf 79' lang='lat' dir='ltr'>[a.</span> <span class='ocrx_word' id='word_1_5' title='bbox 996 227 1035 264; x_wconf 87' lang='lat' dir='ltr'>e.</span> <span class='ocrx_word' id='word_1_6' title='bbox 1049 227 1132 271; x_wconf 79' lang='lat'>211]</span> <span class='ocrx_word' id='word_1_7' title='bbox 1413 217 1495 260; x_wconf 80' lang='lat'>283</span> 
     </span>
    </p>
   </div>
   <div class='ocr_carea' id='block_1_2' title="bbox 142 330 1497 449">
    <p class='ocr_par' dir='ltr' id='par_1_2' title="bbox 142 330 1497 449">
     <span class='ocr_line' id='line_1_2' title="bbox 142 330 1496 388; baseline -0.004 -13"><span class='ocrx_word' id='word_1_8' title='bbox 142 350 234 376; x_wconf 88' lang='lat' dir='ltr'>rum</span> <span class='ocrx_word' id='word_1_9' title='bbox 259 341 299 374; x_wconf 88' lang='lat' dir='ltr'>et</span> <span class='ocrx_word' id='word_1_10' title='bbox 323 333 519 388; x_wconf 82' lang='lat' dir='ltr'>pleraque</span> <span class='ocrx_word' id='word_1_11' title='bbox 545 332 623 372; x_wconf 86' lang='lat' dir='ltr'>alia</span> <span class='ocrx_word' id='word_1_12' title='bbox 649 332 699 372; x_wconf 89' lang='lat' dir='ltr'>de</span> <span class='ocrx_word' id='word_1_13' title='bbox 718 331 857 372; x_wconf 82' lang='lat' dir='ltr'>Flacci</span> <span class='ocrx_word' id='word_1_14' title='bbox 882 331 1002 371; x_wconf 87' lang='lat' dir='ltr'>unius</span> <span class='ocrx_word' id='word_1_15' title='bbox 1031 330 1231 370; x_wconf 86' lang='lat' dir='ltr'>sententia</span> <span class='ocrx_word' id='word_1_16' title='bbox 1256 336 1346 370; x_wconf 87' lang='lat' dir='ltr'>acta</span> <span class='ocrx_word' id='word_1_17' title='bbox 1371 336 1496 378; x_wconf 87' lang='lat' dir='ltr'>erant,</span> 
     </span>
     <span class='ocr_line' id='line_1_3' title="bbox 144 391 1497 449; baseline -0.004 -13"><span class='ocrx_word' id='word_1_18' title='bbox 144 402 349 437; x_wconf 86' lang='lat' dir='ltr'>mortuum</span> <span class='ocrx_word' id='word_1_19' title='bbox 373 394 456 449; x_wconf 86' lang='lat' dir='ltr'>Ap.</span> <span class='ocrx_word' id='word_1_20' title='bbox 485 393 706 435; x_wconf 85' lang='lat' dir='ltr'>Claudium</span> <span class='ocrx_word' id='word_1_21' title='bbox 739 393 815 434; x_wconf 93' lang='lat' dir='ltr'>sub</span> <span class='ocrx_word' id='word_1_22' title='bbox 847 392 1096 433; x_wconf 90' lang='lat' dir='ltr'>deditionem</span> <span class='ocrx_word' id='word_1_23' title='bbox 1130 391 1299 445; x_wconf 81' lang='lat' dir='ltr'>Capuae</span> <span class='ocrx_word' id='word_1_24' title='bbox 1331 391 1497 444; x_wconf 88' lang='lat' dir='ltr'>quidam</span> 
     </span>
    </p>
   </div>
   <div class='ocr_carea' id='block_1_3' title="bbox 146 454 1542 509">
    <p class='ocr_par' dir='ltr' id='par_1_3' title="bbox 146 454 1542 509">
     <span class='ocr_line' id='line_1_4' title="bbox 146 454 1542 509; baseline -0.002 -12"><span class='ocrx_word' id='word_1_25' title='bbox 146 458 331 498; x_wconf 83' lang='lat' dir='ltr'>tradunt:</span> <span class='ocrx_word' id='word_1_26' title='bbox 380 456 490 497; x_wconf 89' lang='lat' dir='ltr'>hunc</span> <span class='ocrx_word' id='word_1_27' title='bbox 515 469 678 508; x_wconf 88' lang='lat' dir='ltr'>quoque</span> <span class='ocrx_word' id='word_1_28' title='bbox 703 455 839 509; x_wconf 87' lang='lat' dir='ltr'>ipsum</span> <span class='ocrx_word' id='word_1_29' title='bbox 865 454 1070 494; x_wconf 79' lang='lat' dir='ltr'>Tauream</span> <span class='ocrx_word' id='word_1_30' title='bbox 1094 467 1227 507; x_wconf 89' lang='lat' dir='ltr'>neque</span> <span class='ocrx_word' id='word_1_31' title='bbox 1254 468 1328 493; x_wconf 87' lang='lat' dir='ltr'>sua</span> <span class='ocrx_word' id='word_1_32' title='bbox 1354 462 1497 507; x_wconf 87' lang='lat' dir='ltr'>sponte</span> <span class='ocrx_word' id='word_1_33' title='bbox 1524 466 1542 494; x_wconf 81' lang='lat'>2</span> 
     </span>
    </p>
   </div>
   <div class='ocr_carea' id='block_1_4' title="bbox 144 515 1504 2716">
    <p class='ocr_par' dir='ltr' id='par_1_4' title="bbox 144 515 1501 1297">
     <span class='ocr_line' id='line_1_5' title="bbox 144 515 1500 570; baseline -0.004 -11"><span class='ocrx_word' id='word_1_34' title='bbox 144 519 307 561; x_wconf 79' lang='lat' dir='ltr'>venisse</span> <span class='ocrx_word' id='word_1_35' title='bbox 324 518 447 559; x_wconf 87' lang='lat' dir='ltr'>Cales</span> <span class='ocrx_word' id='word_1_36' title='bbox 472 532 605 570; x_wconf 89' lang='lat' dir='ltr'>neque</span> <span class='ocrx_word' id='word_1_37' title='bbox 633 532 706 557; x_wconf 90' lang='lat' dir='ltr'>sua</span> <span class='ocrx_word' id='word_1_38' title='bbox 732 532 856 557; x_wconf 88' lang='lat' dir='ltr'>manu</span> <span class='ocrx_word' id='word_1_39' title='bbox 880 516 1152 565; x_wconf 83' lang='lat' dir='ltr'>interfectum,</span> <span class='ocrx_word' id='word_1_40' title='bbox 1181 515 1253 556; x_wconf 88' lang='lat' dir='ltr'>sed</span> <span class='ocrx_word' id='word_1_41' title='bbox 1278 530 1370 555; x_wconf 91' lang='lat' dir='ltr'>cum</span> <span class='ocrx_word' id='word_1_42' title='bbox 1395 515 1500 555; x_wconf 89' lang='lat' dir='ltr'>inter</span> 
     </span>
     <span class='ocr_line' id='line_1_6' title="bbox 145 577 1500 635; baseline -0.004 -14"><span class='ocrx_word' id='word_1_43' title='bbox 145 587 300 621; x_wconf 85' lang='lat' dir='ltr'>ceteros</span> <span class='ocrx_word' id='word_1_44' title='bbox 322 581 373 620; x_wconf 89' lang='lat' dir='ltr'>ad</span> <span class='ocrx_word' id='word_1_45' title='bbox 391 580 531 635; x_wconf 88' lang='lat' dir='ltr'>palum</span> <span class='ocrx_word' id='word_1_46' title='bbox 551 579 772 633; x_wconf 75' lang='lat' dir='ltr'>deligatur,</span> <span class='ocrx_word' id='word_1_47' title='bbox 810 578 906 631; x_wconf 89' lang='lat' dir='ltr'>quia</span> <span class='ocrx_word' id='word_1_48' title='bbox 924 593 1069 632; x_wconf 88' lang='lat' dir='ltr'>parum</span> <span class='ocrx_word' id='word_1_49' title='bbox 1088 578 1193 617; x_wconf 87' lang='lat' dir='ltr'>inter</span> <span class='ocrx_word' id='word_1_50' title='bbox 1212 577 1404 630; x_wconf 88' lang='lat' dir='ltr'>strepitus</span> <span class='ocrx_word' id='word_1_51' title='bbox 1430 591 1500 617; x_wconf 86' lang='lat' dir='ltr'>ex-</span> 
     </span>
     <span class='ocr_line' id='line_1_7' title="bbox 145 639 1498 696; baseline -0.004 -13"><span class='ocrx_word' id='word_1_52' title='bbox 145 643 275 683; x_wconf 87' lang='lat' dir='ltr'>audiri</span> <span class='ocrx_word' id='word_1_53' title='bbox 300 649 470 696; x_wconf 76' lang='lat' dir='ltr'>possent</span> <span class='ocrx_word' id='word_1_54' title='bbox 494 655 598 694; x_wconf 91' lang='lat' dir='ltr'>quae</span> <span class='ocrx_word' id='word_1_55' title='bbox 622 640 940 689; x_wconf 80' lang='lat' dir='ltr'>vociferabatur,</span> <span class='ocrx_word' id='word_1_56' title='bbox 973 640 1177 680; x_wconf 88' lang='lat' dir='ltr'>silentium</span> <span class='ocrx_word' id='word_1_57' title='bbox 1197 639 1284 679; x_wconf 92' lang='lat' dir='ltr'>fieri</span> <span class='ocrx_word' id='word_1_58' title='bbox 1302 639 1498 679; x_wconf 80' lang='lat' dir='ltr'>Flaccum</span> 
     </span>
     <span class='ocr_line' id='line_1_8' title="bbox 144 702 1499 755; baseline -0.004 -10"><span class='ocrx_word' id='word_1_59' title='bbox 144 705 339 753; x_wconf 80' lang='lat' dir='ltr'>iussisse3</span> <span class='ocrx_word' id='word_1_60' title='bbox 389 710 474 744; x_wconf 88' lang='lat' dir='ltr'>tum</span> <span class='ocrx_word' id='word_1_61' title='bbox 511 703 715 743; x_wconf 83' lang='lat' dir='ltr'>Tauream</span> <span class='ocrx_word' id='word_1_62' title='bbox 756 702 826 742; x_wconf 89' lang='lat' dir='ltr'>illa</span> <span class='ocrx_word' id='word_1_63' title='bbox 867 716 973 755; x_wconf 86' lang='lat' dir='ltr'>quae</span> <span class='ocrx_word' id='word_1_64' title='bbox 1009 708 1102 742; x_wconf 86' lang='lat' dir='ltr'>ante</span> <span class='ocrx_word' id='word_1_65' title='bbox 1138 707 1363 741; x_wconf 86' lang='lat' dir='ltr'>memorata</span> <span class='ocrx_word' id='word_1_66' title='bbox 1405 707 1499 741; x_wconf 88' lang='lat' dir='ltr'>sunt</span> 
     </span>
     <span class='ocr_line' id='line_1_9' title="bbox 144 762 1500 816; baseline -0.003 -11"><span class='ocrx_word' id='word_1_67' title='bbox 144 766 317 814; x_wconf 80' lang='lat' dir='ltr'>dixisse,</span> <span class='ocrx_word' id='word_1_68' title='bbox 348 766 481 805; x_wconf 74' lang='lat' dir='ltr'>virum</span> <span class='ocrx_word' id='word_1_69' title='bbox 508 779 550 805; x_wconf 85' lang='lat' dir='ltr'>se</span> <span class='ocrx_word' id='word_1_70' title='bbox 576 764 845 806; x_wconf 87' lang='lat' dir='ltr'>fortissimum</span> <span class='ocrx_word' id='word_1_71' title='bbox 871 763 921 804; x_wconf 89' lang='lat' dir='ltr'>ab</span> <span class='ocrx_word' id='word_1_72' title='bbox 947 777 1207 816; x_wconf 84' lang='lat' dir='ltr'>nequaquam</span> <span class='ocrx_word' id='word_1_73' title='bbox 1231 762 1319 816; x_wconf 89' lang='lat' dir='ltr'>pari</span> <span class='ocrx_word' id='word_1_74' title='bbox 1344 762 1395 802; x_wconf 89' lang='lat' dir='ltr'>ad</span> <span class='ocrx_word' id='word_1_75' title='bbox 1421 762 1500 801; x_wconf 88' lang='lat' dir='ltr'>vir-</span> 
     </span>
     <span class='ocr_line' id='line_1_10' title="bbox 145 824 1499 878; baseline -0.003 -11"><span class='ocrx_word' id='word_1_76' title='bbox 145 834 273 868; x_wconf 88' lang='lat' dir='ltr'>tutem</span> <span class='ocrx_word' id='word_1_77' title='bbox 299 827 448 876; x_wconf 83' lang='lat' dir='ltr'>occidi3</span> <span class='ocrx_word' id='word_1_78' title='bbox 477 826 552 867; x_wconf 89' lang='lat' dir='ltr'>sub</span> <span class='ocrx_word' id='word_1_79' title='bbox 579 826 680 866; x_wconf 91' lang='lat' dir='ltr'>haec</span> <span class='ocrx_word' id='word_1_80' title='bbox 705 826 815 866; x_wconf 88' lang='lat' dir='ltr'>dicta</span> <span class='ocrx_word' id='word_1_81' title='bbox 838 825 955 865; x_wconf 87' lang='lat' dir='ltr'>iussu</span> <span class='ocrx_word' id='word_1_82' title='bbox 979 824 1235 878; x_wconf 83' lang='lat' dir='ltr'>proconsulis</span> <span class='ocrx_word' id='word_1_83' title='bbox 1254 838 1499 878; x_wconf 85' lang='lat' dir='ltr'>praeconem</span> 
     </span>
     <span class='ocr_line' id='line_1_11' title="bbox 146 886 1500 942; baseline -0.003 -13"><span class='ocrx_word' id='word_1_84' title='bbox 146 889 202 929; x_wconf 84' lang='lat' dir='ltr'>ita</span> <span class='ocrx_word' id='word_1_85' title='bbox 227 889 513 942; x_wconf 78' lang='lat' dir='ltr'>pronuntiasse</span> <span class='ocrx_word' id='word_1_86' title='bbox 546 888 699 935; x_wconf 84' lang='lat' dir='ltr'>‘lictor,</span> <span class='ocrx_word' id='word_1_87' title='bbox 737 887 824 927; x_wconf 80' lang='lat' dir='ltr'>viro</span> <span class='ocrx_word' id='word_1_88' title='bbox 850 887 945 927; x_wconf 82' lang='lat' dir='ltr'>forti</span> <span class='ocrx_word' id='word_1_89' title='bbox 976 887 1081 926; x_wconf 88' lang='lat' dir='ltr'>adde</span> <span class='ocrx_word' id='word_1_90' title='bbox 1111 886 1249 940; x_wconf 79' lang='lat' dir='ltr'>virgas</span> <span class='ocrx_word' id='word_1_91' title='bbox 1276 892 1315 926; x_wconf 90' lang='lat' dir='ltr'>et</span> <span class='ocrx_word' id='word_1_92' title='bbox 1338 886 1380 925; x_wconf 91' lang='lat' dir='ltr'>in</span> <span class='ocrx_word' id='word_1_93' title='bbox 1406 900 1500 925; x_wconf 87' lang='lat' dir='ltr'>eum</span> 
     </span>
     <span class='ocr_line' id='line_1_12' title="bbox 145 947 1498 1004; baseline -0.003 -14"><span class='ocrx_word' id='word_1_94' title='bbox 145 951 321 1004; x_wconf 87' lang='lat' dir='ltr'>primum</span> <span class='ocrx_word' id='word_1_95' title='bbox 358 950 449 1004; x_wconf 84' lang='lat' dir='ltr'>lege</span> <span class='ocrx_word' id='word_1_96' title='bbox 491 949 597 1003; x_wconf 82' lang='lat' dir='ltr'>age&#39;.</span> <span class='ocrx_word' id='word_1_97' title='bbox 656 948 807 988; x_wconf 89' lang='lat' dir='ltr'>lectum</span> <span class='ocrx_word' id='word_1_98' title='bbox 844 962 1007 1000; x_wconf 89' lang='lat' dir='ltr'>quoque</span> <span class='ocrx_word' id='word_1_99' title='bbox 1049 954 1215 987; x_wconf 88' lang='lat' dir='ltr'>senatus</span> <span class='ocrx_word' id='word_1_100' title='bbox 1253 947 1498 996; x_wconf 85' lang='lat' dir='ltr'>consultum,</span> 
     </span>
     <span class='ocr_line' id='line_1_13' title="bbox 144 1009 1500 1066; baseline -0.003 -14"><span class='ocrx_word' id='word_1_101' title='bbox 144 1013 384 1066; x_wconf 87' lang='lat' dir='ltr'>priusquam</span> <span class='ocrx_word' id='word_1_102' title='bbox 411 1011 543 1051; x_wconf 89' lang='lat' dir='ltr'>securi</span> <span class='ocrx_word' id='word_1_103' title='bbox 568 1010 723 1058; x_wconf 88' lang='lat' dir='ltr'>feriret,</span> <span class='ocrx_word' id='word_1_104' title='bbox 750 1009 917 1062; x_wconf 88' lang='lat' dir='ltr'>quidam</span> <span class='ocrx_word' id='word_1_105' title='bbox 942 1014 1128 1049; x_wconf 85' lang='lat' dir='ltr'>auctores</span> <span class='ocrx_word' id='word_1_106' title='bbox 1156 1015 1249 1048; x_wconf 84' lang='lat' dir='ltr'>sunt</span> <span class='ocrx_word' id='word_1_107' title='bbox 1258 1025 1268 1057; x_wconf 84' lang='lat'><em>3</em></span> <span class='ocrx_word' id='word_1_108' title='bbox 1307 1009 1379 1049; x_wconf 87' lang='lat' dir='ltr'>sed</span> <span class='ocrx_word' id='word_1_109' title='bbox 1405 1009 1500 1061; x_wconf 87' lang='lat' dir='ltr'>quia</span> 
     </span>
     <span class='ocr_line' id='line_1_14' title="bbox 145 1069 1501 1126; baseline -0.003 -13"><span class='ocrx_word' id='word_1_110' title='bbox 145 1074 394 1126; x_wconf 88' lang='lat' dir='ltr'>adscriptum</span> <span class='ocrx_word' id='word_1_111' title='bbox 419 1072 461 1111; x_wconf 90' lang='lat' dir='ltr'>in</span> <span class='ocrx_word' id='word_1_112' title='bbox 487 1078 653 1112; x_wconf 87' lang='lat' dir='ltr'>senatus</span> <span class='ocrx_word' id='word_1_113' title='bbox 679 1070 866 1111; x_wconf 88' lang='lat' dir='ltr'>consulto</span> <span class='ocrx_word' id='word_1_114' title='bbox 892 1070 1031 1118; x_wconf 86' lang='lat' dir='ltr'>fuerit,</span> <span class='ocrx_word' id='word_1_115' title='bbox 1065 1070 1099 1110; x_wconf 90' lang='lat' dir='ltr'>si</span> <span class='ocrx_word' id='word_1_116' title='bbox 1123 1069 1161 1109; x_wconf 85' lang='lat' dir='ltr'>ei</span> <span class='ocrx_word' id='word_1_117' title='bbox 1185 1070 1408 1118; x_wconf 83' lang='lat' dir='ltr'>videretur,</span> <span class='ocrx_word' id='word_1_118' title='bbox 1439 1070 1501 1109; x_wconf 87' lang='lat' dir='ltr'>in-</span> 
     </span>
     <span class='ocr_line' id='line_1_15' title="bbox 144 1131 1497 1187; baseline -0.002 -13"><span class='ocrx_word' id='word_1_119' title='bbox 144 1141 301 1187; x_wconf 80' lang='lat' dir='ltr'>tegram</span> <span class='ocrx_word' id='word_1_120' title='bbox 342 1147 429 1173; x_wconf 87' lang='lat' dir='ltr'>rem</span> <span class='ocrx_word' id='word_1_121' title='bbox 471 1133 525 1173; x_wconf 90' lang='lat' dir='ltr'>ad</span> <span class='ocrx_word' id='word_1_122' title='bbox 567 1137 754 1172; x_wconf 86' lang='lat' dir='ltr'>senatum</span> <span class='ocrx_word' id='word_1_123' title='bbox 795 1131 989 1179; x_wconf 87' lang='lat' dir='ltr'>reice-ret,</span> <span class='ocrx_word' id='word_1_124' title='bbox 1042 1131 1352 1183; x_wconf 87' lang='lat' dir='ltr'>interpretatum</span> <span class='ocrx_word' id='word_1_125' title='bbox 1393 1145 1497 1179; x_wconf 90' lang='lat' dir='ltr'>esse,</span> 
     </span>
     <span class='ocr_line' id='line_1_16' title="bbox 144 1191 1501 1249; baseline -0.002 -15"><span class='ocrx_word' id='word_1_126' title='bbox 144 1195 243 1248; x_wconf 88' lang='lat' dir='ltr'>quid</span> <span class='ocrx_word' id='word_1_127' title='bbox 273 1194 405 1249; x_wconf 79' lang='lat' dir='ltr'>magis</span> <span class='ocrx_word' id='word_1_128' title='bbox 437 1208 459 1234; x_wconf 94' lang='lat' dir='ltr'>e</span> <span class='ocrx_word' id='word_1_129' title='bbox 489 1207 532 1234; x_wconf 91' lang='lat' dir='ltr'>re</span> <span class='ocrx_word' id='word_1_130' title='bbox 562 1193 728 1247; x_wconf 86' lang='lat' dir='ltr'>publica</span> <span class='ocrx_word' id='word_1_131' title='bbox 758 1193 925 1233; x_wconf 88' lang='lat' dir='ltr'>duceret</span> <span class='ocrx_word' id='word_1_132' title='bbox 955 1192 1283 1232; x_wconf 86' lang='lat' dir='ltr'>aestimationem</span> <span class='ocrx_word' id='word_1_133' title='bbox 1308 1191 1386 1232; x_wconf 88' lang='lat' dir='ltr'>sibi</span> <span class='ocrx_word' id='word_1_134' title='bbox 1410 1206 1501 1245; x_wconf 90' lang='lat' dir='ltr'>per-</span> 
     </span>
     <span class='ocr_line' id='line_1_17' title="bbox 146 1256 328 1297; baseline -0.005 -1"><span class='ocrx_word' id='word_1_135' title='bbox 146 1256 328 1297; x_wconf 86' lang='lat' dir='ltr'>missam.</span> 
     </span>
    </p>

    <p class='ocr_par' dir='ltr' id='par_1_5' title="bbox 144 1314 1504 2604">
     <span class='ocr_line' id='line_1_18' title="bbox 232 1314 1502 1371; baseline -0.002 -13"><span class='ocrx_word' id='word_1_136' title='bbox 232 1317 421 1371; x_wconf 86' lang='lat' dir='ltr'>Capuam</span> <span class='ocrx_word' id='word_1_137' title='bbox 446 1332 470 1357; x_wconf 91' lang='lat' dir='ltr'>a</span> <span class='ocrx_word' id='word_1_138' title='bbox 496 1316 667 1357; x_wconf 88' lang='lat' dir='ltr'>Calibus</span> <span class='ocrx_word' id='word_1_139' title='bbox 698 1316 874 1356; x_wconf 88' lang='lat' dir='ltr'>reditum</span> <span class='ocrx_word' id='word_1_140' title='bbox 906 1321 986 1364; x_wconf 84' lang='lat' dir='ltr'>est,</span> <span class='ocrx_word' id='word_1_141' title='bbox 1022 1314 1245 1368; x_wconf 89' lang='lat' dir='ltr'>Atellaque</span> <span class='ocrx_word' id='word_1_142' title='bbox 1276 1321 1315 1355; x_wconf 87' lang='lat' dir='ltr'>et</span> <span class='ocrx_word' id='word_1_143' title='bbox 1341 1314 1502 1356; x_wconf 89' lang='lat' dir='ltr'>Calatia</span> 
     </span>
     <span class='ocr_line' id='line_1_19' title="bbox 144 1377 1501 1432; baseline -0.001 -12"><span class='ocrx_word' id='word_1_144' title='bbox 144 1381 187 1421; x_wconf 88' lang='lat' dir='ltr'>in</span> <span class='ocrx_word' id='word_1_145' title='bbox 223 1380 472 1419; x_wconf 88' lang='lat' dir='ltr'>deditionem</span> <span class='ocrx_word' id='word_1_146' title='bbox 509 1386 713 1432; x_wconf 84' lang='lat' dir='ltr'>acceptae.</span> <span class='ocrx_word' id='word_1_147' title='bbox 785 1378 843 1419; x_wconf 90' lang='lat' dir='ltr'>ibi</span> <span class='ocrx_word' id='word_1_148' title='bbox 878 1392 1041 1431; x_wconf 90' lang='lat' dir='ltr'>quoque</span> <span class='ocrx_word' id='word_1_149' title='bbox 1076 1377 1118 1417; x_wconf 85' lang='lat' dir='ltr'>in</span> <span class='ocrx_word' id='word_1_150' title='bbox 1154 1392 1224 1417; x_wconf 86' lang='lat' dir='ltr'>eos</span> <span class='ocrx_word' id='word_1_151' title='bbox 1260 1377 1331 1430; x_wconf 92' lang='lat' dir='ltr'>qui</span> <span class='ocrx_word' id='word_1_152' title='bbox 1367 1377 1501 1431; x_wconf 86' lang='lat' dir='ltr'>capita</span> 
     </span>
     <span class='ocr_line' id='line_1_20' title="bbox 145 1438 1500 1493; baseline -0.003 -11"><span class='ocrx_word' id='word_1_153' title='bbox 145 1456 282 1482; x_wconf 86' lang='lat' dir='ltr'>rerum</span> <span class='ocrx_word' id='word_1_154' title='bbox 309 1446 422 1480; x_wconf 86' lang='lat' dir='ltr'>erant</span> <span class='ocrx_word' id='word_1_155' title='bbox 447 1440 791 1480; x_wconf 87' lang='lat' dir='ltr'>animadversum.</span> <span class='ocrx_word' id='word_1_156' title='bbox 850 1439 907 1479; x_wconf 89' lang='lat' dir='ltr'>ita</span> <span class='ocrx_word' id='word_1_157' title='bbox 931 1439 983 1479; x_wconf 83' lang='lat' dir='ltr'>ad</span> <span class='ocrx_word' id='word_1_158' title='bbox 1009 1439 1271 1493; x_wconf 78' lang='lat' dir='ltr'>septuaginta</span> <span class='ocrx_word' id='word_1_159' title='bbox 1294 1438 1500 1492; x_wconf 86' lang='lat' dir='ltr'>principes</span> 
     </span>
     <span class='ocr_line' id='line_1_21' title="bbox 146 1499 1503 1554; baseline -0.001 -11"><span class='ocrx_word' id='word_1_160' title='bbox 146 1509 312 1544; x_wconf 87' lang='lat' dir='ltr'>senatus</span> <span class='ocrx_word' id='word_1_161' title='bbox 337 1501 557 1550; x_wconf 83' lang='lat' dir='ltr'>interfecti,</span> <span class='ocrx_word' id='word_1_162' title='bbox 591 1501 760 1543; x_wconf 83' lang='lat' dir='ltr'>trecenti</span> <span class='ocrx_word' id='word_1_163' title='bbox 784 1500 912 1541; x_wconf 85' lang='lat' dir='ltr'>ferme</span> <span class='ocrx_word' id='word_1_164' title='bbox 938 1500 1095 1540; x_wconf 86' lang='lat' dir='ltr'>nobiles</span> <span class='ocrx_word' id='word_1_165' title='bbox 1123 1499 1326 1554; x_wconf 88' lang='lat' dir='ltr'>Campani</span> <span class='ocrx_word' id='word_1_166' title='bbox 1349 1500 1391 1540; x_wconf 88' lang='lat' dir='ltr'>in</span> <span class='ocrx_word' id='word_1_167' title='bbox 1416 1515 1503 1541; x_wconf 93' lang='lat' dir='ltr'>car-</span> 
     </span>
     <span class='ocr_line' id='line_1_22' title="bbox 146 1561 1502 1615; baseline -0.002 -11"><span class='ocrx_word' id='word_1_168' title='bbox 146 1578 281 1604; x_wconf 88' lang='lat' dir='ltr'>cerem</span> <span class='ocrx_word' id='word_1_169' title='bbox 305 1562 476 1611; x_wconf 85' lang='lat' dir='ltr'>conditi3</span> <span class='ocrx_word' id='word_1_170' title='bbox 519 1562 586 1602; x_wconf 89' lang='lat' dir='ltr'>alii</span> <span class='ocrx_word' id='word_1_171' title='bbox 610 1576 683 1615; x_wconf 86' lang='lat' dir='ltr'>per</span> <span class='ocrx_word' id='word_1_172' title='bbox 708 1562 910 1602; x_wconf 88' lang='lat' dir='ltr'>sociorum</span> <span class='ocrx_word' id='word_1_173' title='bbox 935 1561 1077 1601; x_wconf 89' lang='lat' dir='ltr'>Latini</span> <span class='ocrx_word' id='word_1_174' title='bbox 1106 1561 1282 1601; x_wconf 86' lang='lat' dir='ltr'>nominis</span> <span class='ocrx_word' id='word_1_175' title='bbox 1312 1561 1436 1602; x_wconf 84' lang='lat' dir='ltr'>urbes</span> <span class='ocrx_word' id='word_1_176' title='bbox 1461 1562 1502 1601; x_wconf 90' lang='lat' dir='ltr'>in</span> 
     </span>
     <span class='ocr_line' id='line_1_23' title="bbox 147 1622 1502 1671; baseline -0.003 -6"><span class='ocrx_word' id='word_1_177' title='bbox 147 1625 353 1666; x_wconf 81' lang='lat' dir='ltr'>custodias</span> <span class='ocrx_word' id='word_1_178' title='bbox 391 1624 475 1664; x_wconf 89' lang='lat' dir='ltr'>dati</span> <span class='ocrx_word' id='word_1_179' title='bbox 510 1623 634 1664; x_wconf 82' lang='lat' dir='ltr'>variis</span> <span class='ocrx_word' id='word_1_180' title='bbox 672 1622 835 1663; x_wconf 83' lang='lat' dir='ltr'>casibus</span> <span class='ocrx_word' id='word_1_181' title='bbox 872 1623 1130 1671; x_wconf 86' lang='lat' dir='ltr'>interierunt,</span> <span class='ocrx_word' id='word_1_182' title='bbox 1168 1622 1387 1662; x_wconf 84' lang='lat' dir='ltr'>multitudo</span> <span class='ocrx_word' id='word_1_183' title='bbox 1423 1622 1502 1662; x_wconf 87' lang='lat' dir='ltr'>alia</span> 
     </span>
     <span class='ocr_line' id='line_1_24' title="bbox 147 1682 1502 1738; baseline -0.001 -12"><span class='ocrx_word' id='word_1_184' title='bbox 147 1687 298 1727; x_wconf 77' lang='lat' dir='ltr'>civium</span> <span class='ocrx_word' id='word_1_185' title='bbox 324 1684 630 1738; x_wconf 87' lang='lat' dir='ltr'>Campanorum</span> <span class='ocrx_word' id='word_1_186' title='bbox 660 1698 811 1724; x_wconf 77' lang='lat' dir='ltr'>venum</span> <span class='ocrx_word' id='word_1_187' title='bbox 843 1684 949 1724; x_wconf 89' lang='lat' dir='ltr'>data.</span> <span class='ocrx_word' id='word_1_188' title='bbox 1016 1684 1066 1723; x_wconf 89' lang='lat' dir='ltr'>de</span> <span class='ocrx_word' id='word_1_189' title='bbox 1096 1682 1197 1723; x_wconf 90' lang='lat' dir='ltr'>urbe</span> <span class='ocrx_word' id='word_1_190' title='bbox 1228 1697 1409 1737; x_wconf 83' lang='lat' dir='ltr'>agroque</span> <span class='ocrx_word' id='word_1_191' title='bbox 1439 1698 1502 1724; x_wconf 90' lang='lat' dir='ltr'>re-</span> 
     </span>
     <span class='ocr_line' id='line_1_25' title="bbox 146 1744 1501 1802; baseline -0.004 -13"><span class='ocrx_word' id='word_1_192' title='bbox 146 1749 258 1802; x_wconf 89' lang='lat' dir='ltr'>liqua</span> <span class='ocrx_word' id='word_1_193' title='bbox 293 1748 537 1788; x_wconf 86' lang='lat' dir='ltr'>consultatio</span> <span class='ocrx_word' id='word_1_194' title='bbox 568 1747 662 1795; x_wconf 86' lang='lat' dir='ltr'>fuit,</span> <span class='ocrx_word' id='word_1_195' title='bbox 706 1746 953 1799; x_wconf 85' lang='lat' dir='ltr'>quibusdam</span> <span class='ocrx_word' id='word_1_196' title='bbox 983 1745 1200 1785; x_wconf 84' lang='lat' dir='ltr'>delendam</span> <span class='ocrx_word' id='word_1_197' title='bbox 1231 1744 1501 1785; x_wconf 86' lang='lat' dir='ltr'>sciscentibus</span> 
     </span>
     <span class='ocr_line' id='line_1_26' title="bbox 147 1806 1502 1863; baseline -0.003 -13"><span class='ocrx_word' id='word_1_198' title='bbox 147 1810 291 1851; x_wconf 86' lang='lat' dir='ltr'>urbem</span> <span class='ocrx_word' id='word_1_199' title='bbox 337 1808 636 1863; x_wconf 70' lang='lat' dir='ltr'>praevalidam,</span> <span class='ocrx_word' id='word_1_200' title='bbox 685 1807 974 1862; x_wconf 87' lang='lat' dir='ltr'>propinquam,</span> <span class='ocrx_word' id='word_1_201' title='bbox 1024 1806 1244 1847; x_wconf 85' lang='lat' dir='ltr'>inimicam.</span> <span class='ocrx_word' id='word_1_202' title='bbox 1322 1812 1502 1846; x_wconf 87' lang='lat' dir='ltr'>ceterum</span> 
     </span>
     <span class='ocr_line' id='line_1_27' title="bbox 146 1869 1501 1926; baseline -0.003 -14"><span class='ocrx_word' id='word_1_203' title='bbox 146 1886 340 1926; x_wconf 87' lang='lat' dir='ltr'>praesens</span> <span class='ocrx_word' id='word_1_204' title='bbox 376 1870 529 1911; x_wconf 87' lang='lat' dir='ltr'>utilitas</span> <span class='ocrx_word' id='word_1_205' title='bbox 560 1870 675 1918; x_wconf 81' lang='lat' dir='ltr'>vicit3</span> <span class='ocrx_word' id='word_1_206' title='bbox 712 1884 808 1909; x_wconf 88' lang='lat' dir='ltr'>nam</span> <span class='ocrx_word' id='word_1_207' title='bbox 838 1875 1004 1922; x_wconf 91' lang='lat' dir='ltr'>propter</span> <span class='ocrx_word' id='word_1_208' title='bbox 1034 1883 1197 1922; x_wconf 81' lang='lat' dir='ltr'>agrum,</span> <span class='ocrx_word' id='word_1_209' title='bbox 1236 1883 1359 1920; x_wconf 86' lang='lat' dir='ltr'>quem</span> <span class='ocrx_word' id='word_1_210' title='bbox 1390 1869 1501 1908; x_wconf 89' lang='lat' dir='ltr'>omni</span> 
     </span>
     <span class='ocr_line' id='line_1_28' title="bbox 146 1929 1500 1984; baseline -0.002 -11"><span class='ocrx_word' id='word_1_211' title='bbox 146 1933 352 1974; x_wconf 77' lang='lat' dir='ltr'>fertilitate</span> <span class='ocrx_word' id='word_1_212' title='bbox 390 1940 519 1973; x_wconf 86' lang='lat' dir='ltr'>terrae</span> <span class='ocrx_word' id='word_1_213' title='bbox 557 1932 656 1972; x_wconf 86' lang='lat' dir='ltr'>satis</span> <span class='ocrx_word' id='word_1_214' title='bbox 694 1930 909 1972; x_wconf 87' lang='lat' dir='ltr'>constabat</span> <span class='ocrx_word' id='word_1_215' title='bbox 943 1930 1121 1984; x_wconf 89' lang='lat' dir='ltr'>primum</span> <span class='ocrx_word' id='word_1_216' title='bbox 1156 1930 1199 1969; x_wconf 91' lang='lat' dir='ltr'>in</span> <span class='ocrx_word' id='word_1_217' title='bbox 1234 1929 1355 1970; x_wconf 87' lang='lat' dir='ltr'>Italia</span> <span class='ocrx_word' id='word_1_218' title='bbox 1396 1944 1500 1979; x_wconf 84' lang='lat' dir='ltr'>esse,</span> 
     </span>
     <span class='ocr_line' id='line_1_29' title="bbox 146 1991 1503 2045; baseline -0.003 -10"><span class='ocrx_word' id='word_1_219' title='bbox 146 1995 244 2035; x_wconf 89' lang='lat' dir='ltr'>urbs</span> <span class='ocrx_word' id='word_1_220' title='bbox 277 2001 439 2035; x_wconf 79' lang='lat' dir='ltr'>servata</span> <span class='ocrx_word' id='word_1_221' title='bbox 469 2001 550 2043; x_wconf 86' lang='lat' dir='ltr'>est,</span> <span class='ocrx_word' id='word_1_222' title='bbox 587 2000 632 2033; x_wconf 92' lang='lat' dir='ltr'>ut</span> <span class='ocrx_word' id='word_1_223' title='bbox 663 1999 772 2033; x_wconf 85' lang='lat' dir='ltr'>essct</span> <span class='ocrx_word' id='word_1_224' title='bbox 808 1992 945 2045; x_wconf 89' lang='lat' dir='ltr'>aliqua</span> <span class='ocrx_word' id='word_1_225' title='bbox 975 1999 1181 2032; x_wconf 89' lang='lat' dir='ltr'>aratorum</span> <span class='ocrx_word' id='word_1_226' title='bbox 1219 1992 1350 2032; x_wconf 84' lang='lat' dir='ltr'>sedes.</span> <span class='ocrx_word' id='word_1_227' title='bbox 1411 1991 1503 2032; x_wconf 89' lang='lat' dir='ltr'>urbi</span> 
     </span>
     <span class='ocr_line' id='line_1_30' title="bbox 147 2053 1503 2108; baseline -0.003 -11"><span class='ocrx_word' id='word_1_228' title='bbox 147 2057 468 2108; x_wconf 82' lang='lat' dir='ltr'>frequentandae</span> <span class='ocrx_word' id='word_1_229' title='bbox 516 2055 733 2096; x_wconf 85' lang='lat' dir='ltr'>multitudo</span> <span class='ocrx_word' id='word_1_230' title='bbox 780 2054 1004 2094; x_wconf 88' lang='lat' dir='ltr'>incolarum</span> <span class='ocrx_word' id='word_1_231' title='bbox 1051 2053 1415 2106; x_wconf 88' lang='lat' dir='ltr'>libertinorumque</span> <span class='ocrx_word' id='word_1_232' title='bbox 1464 2060 1503 2093; x_wconf 84' lang='lat' dir='ltr'>et</span> 
     </span>
     <span class='ocr_line' id='line_1_31' title="bbox 147 2115 1502 2171; baseline -0.001 -14"><span class='ocrx_word' id='word_1_233' title='bbox 147 2118 378 2158; x_wconf 84' lang='lat' dir='ltr'>institorum</span> <span class='ocrx_word' id='word_1_234' title='bbox 413 2118 688 2171; x_wconf 84' lang='lat' dir='ltr'>opificumque</span> <span class='ocrx_word' id='word_1_235' title='bbox 719 2122 894 2164; x_wconf 76' lang='lat' dir='ltr'>retent-a,</span> <span class='ocrx_word' id='word_1_236' title='bbox 932 2130 1030 2170; x_wconf 85' lang='lat' dir='ltr'>ager</span> <span class='ocrx_word' id='word_1_237' title='bbox 1060 2115 1191 2155; x_wconf 88' lang='lat' dir='ltr'>omnis</span> <span class='ocrx_word' id='word_1_238' title='bbox 1223 2122 1263 2155; x_wconf 89' lang='lat' dir='ltr'>et</span> <span class='ocrx_word' id='word_1_239' title='bbox 1293 2121 1400 2155; x_wconf 89' lang='lat' dir='ltr'>tecta</span> <span class='ocrx_word' id='word_1_240' title='bbox 1429 2130 1502 2169; x_wconf 90' lang='lat' dir='ltr'>pu-</span> 
     </span>
     <span class='ocr_line' id='line_1_32' title="bbox 148 2177 1504 2233; baseline -0.002 -14"><span class='ocrx_word' id='word_1_241' title='bbox 148 2179 254 2220; x_wconf 88' lang='lat' dir='ltr'>blica</span> <span class='ocrx_word' id='word_1_242' title='bbox 277 2178 418 2233; x_wconf 90' lang='lat' dir='ltr'>populi</span> <span class='ocrx_word' id='word_1_243' title='bbox 441 2179 619 2219; x_wconf 81' lang='lat' dir='ltr'>Romani</span> <span class='ocrx_word' id='word_1_244' title='bbox 645 2178 765 2218; x_wconf 88' lang='lat' dir='ltr'>facta.</span> <span class='ocrx_word' id='word_1_245' title='bbox 815 2183 994 2218; x_wconf 90' lang='lat' dir='ltr'>ceterum</span> <span class='ocrx_word' id='word_1_246' title='bbox 1019 2177 1194 2218; x_wconf 88' lang='lat' dir='ltr'>habitari</span> <span class='ocrx_word' id='word_1_247' title='bbox 1218 2183 1376 2217; x_wconf 86' lang='lat' dir='ltr'>tantum</span> <span class='ocrx_word' id='word_1_248' title='bbox 1401 2183 1504 2217; x_wconf 87' lang='lat' dir='ltr'>tam-</span> 
     </span>
     <span class='ocr_line' id='line_1_33' title="bbox 148 2239 1502 2295; baseline -0.001 -14"><span class='ocrx_word' id='word_1_249' title='bbox 148 2257 272 2294; x_wconf 81' lang='lat' dir='ltr'>quam</span> <span class='ocrx_word' id='word_1_250' title='bbox 320 2241 464 2281; x_wconf 91' lang='lat' dir='ltr'>urbem</span> <span class='ocrx_word' id='word_1_251' title='bbox 512 2240 701 2295; x_wconf 84' lang='lat' dir='ltr'>Capuam</span> <span class='ocrx_word' id='word_1_252' title='bbox 748 2240 1079 2293; x_wconf 79' lang='lat' dir='ltr'>frequentarique</span> <span class='ocrx_word' id='word_1_253' title='bbox 1127 2239 1303 2293; x_wconf 87' lang='lat' dir='ltr'>placuit,</span> <span class='ocrx_word' id='word_1_254' title='bbox 1354 2253 1502 2293; x_wconf 86' lang='lat' dir='ltr'>corpus</span> 
     </span>
     <span class='ocr_line' id='line_1_34' title="bbox 149 2300 1503 2355; baseline -0.001 -13"><span class='ocrx_word' id='word_1_255' title='bbox 149 2303 306 2343; x_wconf 86' lang='lat' dir='ltr'>nullum</span> <span class='ocrx_word' id='word_1_256' title='bbox 343 2303 517 2343; x_wconf 86' lang='lat' dir='ltr'>civitatis</span> <span class='ocrx_word' id='word_1_257' title='bbox 562 2317 638 2343; x_wconf 89' lang='lat' dir='ltr'>nec</span> <span class='ocrx_word' id='word_1_258' title='bbox 682 2308 847 2342; x_wconf 84' lang='lat' dir='ltr'>senatus</span> <span class='ocrx_word' id='word_1_259' title='bbox 889 2315 965 2341; x_wconf 91' lang='lat' dir='ltr'>nec</span> <span class='ocrx_word' id='word_1_260' title='bbox 1001 2300 1133 2355; x_wconf 85' lang='lat' dir='ltr'>plebis</span> <span class='ocrx_word' id='word_1_261' title='bbox 1176 2300 1392 2341; x_wconf 88' lang='lat' dir='ltr'>concilium</span> <span class='ocrx_word' id='word_1_262' title='bbox 1427 2315 1503 2340; x_wconf 88' lang='lat' dir='ltr'>nec</span> 
     </span>
     <span class='ocr_line' id='line_1_35' title="bbox 147 2363 1504 2420; baseline -0.003 -14"><span class='ocrx_word' id='word_1_263' title='bbox 147 2366 412 2420; x_wconf 74' lang='lat' dir='ltr'>magistratus</span> <span class='ocrx_word' id='word_1_264' title='bbox 438 2380 547 2406; x_wconf 86' lang='lat' dir='ltr'>esse:</span> <span class='ocrx_word' id='word_1_265' title='bbox 575 2365 661 2405; x_wconf 88' lang='lat' dir='ltr'>sine</span> <span class='ocrx_word' id='word_1_266' title='bbox 687 2364 856 2405; x_wconf 89' lang='lat' dir='ltr'>consilio</span> <span class='ocrx_word' id='word_1_267' title='bbox 881 2363 1064 2418; x_wconf 85' lang='lat' dir='ltr'>publico,</span> <span class='ocrx_word' id='word_1_268' title='bbox 1092 2363 1180 2404; x_wconf 87' lang='lat' dir='ltr'>sine</span> <span class='ocrx_word' id='word_1_269' title='bbox 1204 2363 1374 2417; x_wconf 89' lang='lat' dir='ltr'>imperio</span> <span class='ocrx_word' id='word_1_270' title='bbox 1400 2363 1504 2402; x_wconf 89' lang='lat' dir='ltr'>mul-</span> 
     </span>
     <span class='ocr_line' id='line_1_36' title="bbox 149 2424 1503 2475; baseline -0.002 -8"><span class='ocrx_word' id='word_1_271' title='bbox 149 2428 380 2475; x_wconf 86' lang='lat' dir='ltr'>titudinem,</span> <span class='ocrx_word' id='word_1_272' title='bbox 418 2427 569 2467; x_wconf 90' lang='lat' dir='ltr'>nullius</span> <span class='ocrx_word' id='word_1_273' title='bbox 595 2427 652 2467; x_wconf 90' lang='lat' dir='ltr'>rei</span> <span class='ocrx_word' id='word_1_274' title='bbox 676 2426 781 2466; x_wconf 90' lang='lat' dir='ltr'>inter</span> <span class='ocrx_word' id='word_1_275' title='bbox 806 2440 849 2466; x_wconf 89' lang='lat' dir='ltr'>se</span> <span class='ocrx_word' id='word_1_276' title='bbox 875 2426 1048 2474; x_wconf 87' lang='lat' dir='ltr'>sociam,</span> <span class='ocrx_word' id='word_1_277' title='bbox 1086 2425 1139 2465; x_wconf 89' lang='lat' dir='ltr'>ad</span> <span class='ocrx_word' id='word_1_278' title='bbox 1169 2439 1417 2465; x_wconf 87' lang='lat' dir='ltr'>consensum</span> <span class='ocrx_word' id='word_1_279' title='bbox 1441 2424 1503 2464; x_wconf 87' lang='lat' dir='ltr'>in-</span> 
     </span>
     <span class='ocr_line' id='line_1_37' title="bbox 148 2486 1503 2543; baseline -0.002 -14"><span class='ocrx_word' id='word_1_280' title='bbox 148 2489 326 2530; x_wconf 88' lang='lat' dir='ltr'>habilem</span> <span class='ocrx_word' id='word_1_281' title='bbox 362 2489 474 2537; x_wconf 88' lang='lat' dir='ltr'>fore,</span> <span class='ocrx_word' id='word_1_282' title='bbox 523 2488 778 2543; x_wconf 86' lang='lat' dir='ltr'>praefectum</span> <span class='ocrx_word' id='word_1_283' title='bbox 820 2488 873 2528; x_wconf 90' lang='lat' dir='ltr'>ad</span> <span class='ocrx_word' id='word_1_284' title='bbox 913 2488 1002 2528; x_wconf 89' lang='lat' dir='ltr'>iura</span> <span class='ocrx_word' id='word_1_285' title='bbox 1036 2486 1245 2527; x_wconf 86' lang='lat' dir='ltr'>reddenda</span> <span class='ocrx_word' id='word_1_286' title='bbox 1281 2486 1332 2527; x_wconf 90' lang='lat' dir='ltr'>ab</span> <span class='ocrx_word' id='word_1_287' title='bbox 1368 2486 1503 2527; x_wconf 83' lang='lat' dir='ltr'>Roma</span> 
     </span>
     <span class='ocr_line' id='line_1_38' title="bbox 147 2551 603 2604; baseline 0.002 -13"><span class='ocrx_word' id='word_1_288' title='bbox 147 2552 365 2604; x_wconf 89' lang='lat' dir='ltr'>quotannis</span> <span class='ocrx_word' id='word_1_289' title='bbox 391 2551 603 2592; x_wconf 87' lang='lat' dir='ltr'>missuros.</span> 
     </span>
    </p>

    <p class='ocr_par' dir='ltr' id='par_1_6' title="bbox 148 2609 1502 2716">
     <span class='ocr_line' id='line_1_39' title="bbox 232 2609 1502 2667; baseline -0.004 -13"><span class='ocrx_word' id='word_1_290' title='bbox 232 2613 297 2653; x_wconf 88' lang='lat' dir='ltr'>Ita</span> <span class='ocrx_word' id='word_1_291' title='bbox 322 2613 374 2654; x_wconf 85' lang='lat' dir='ltr'>ad</span> <span class='ocrx_word' id='word_1_292' title='bbox 400 2612 589 2667; x_wconf 85' lang='lat' dir='ltr'>Capuam</span> <span class='ocrx_word' id='word_1_293' title='bbox 612 2626 678 2653; x_wconf 85' lang='lat' dir='ltr'>res</span> <span class='ocrx_word' id='word_1_294' title='bbox 704 2611 955 2666; x_wconf 90' lang='lat' dir='ltr'>compositae</span> <span class='ocrx_word' id='word_1_295' title='bbox 981 2610 1150 2652; x_wconf 86' lang='lat' dir='ltr'>consilio</span> <span class='ocrx_word' id='word_1_296' title='bbox 1175 2609 1227 2651; x_wconf 88' lang='lat' dir='ltr'>ab</span> <span class='ocrx_word' id='word_1_297' title='bbox 1253 2609 1363 2650; x_wconf 88' lang='lat' dir='ltr'>omni</span> <span class='ocrx_word' id='word_1_298' title='bbox 1387 2615 1502 2664; x_wconf 88' lang='lat' dir='ltr'>parte</span> 
     </span>
     <span class='ocr_line' id='line_1_40' title="bbox 148 2671 1502 2716; baseline -0.002 -2"><span class='ocrx_word' id='word_1_299' title='bbox 148 2674 353 2716; x_wconf 86' lang='lat' dir='ltr'>laudabili.</span> <span class='ocrx_word' id='word_1_300' title='bbox 415 2689 555 2716; x_wconf 91' lang='lat' dir='ltr'>severe</span> <span class='ocrx_word' id='word_1_301' title='bbox 587 2681 626 2715; x_wconf 92' lang='lat' dir='ltr'>et</span> <span class='ocrx_word' id='word_1_302' title='bbox 656 2673 840 2715; x_wconf 86' lang='lat' dir='ltr'>celeriter</span> <span class='ocrx_word' id='word_1_303' title='bbox 868 2673 910 2713; x_wconf 91' lang='lat' dir='ltr'>in</span> <span class='ocrx_word' id='word_1_304' title='bbox 941 2673 1118 2713; x_wconf 82' lang='lat' dir='ltr'>maxime</span> <span class='ocrx_word' id='word_1_305' title='bbox 1148 2671 1294 2713; x_wconf 78' lang='lat' dir='ltr'>noxios</span> <span class='ocrx_word' id='word_1_306' title='bbox 1320 2671 1502 2712; x_wconf 87' lang='lat' dir='ltr'>animad-</span> 
     </span>
    </p>
   </div>
   <div class='ocr_carea' id='block_1_5' title="bbox 1529 1699 1545 1726">
    <p class='ocr_par' dir='ltr' id='par_1_7' title="bbox 1529 1699 1545 1726">
     <span class='ocr_line' id='line_1_41' title="bbox 1529 1699 1545 1726; textangle 90"><span class='ocrx_word' id='word_1_307' title='bbox 1529 1699 1545 1726; x_wconf 43' lang='grc' dir='ltr'>λ]</span> 
     </span>
    </p>
   </div>
   <div class='ocr_carea' id='block_1_6' title="bbox 1531 2376 1570 2404">
    <p class='ocr_par' dir='ltr' id='par_1_8' title="bbox 1531 2376 1570 2404">
     <span class='ocr_line' id='line_1_42' title="bbox 1531 2376 1570 2404; baseline 0 0"><span class='ocrx_word' id='word_1_308' title='bbox 1531 2376 1570 2404; x_wconf 88' lang='grc'>10</span> 
     </span>
    </p>
   </div>
   <div class='ocr_carea' id='block_1_7' title="bbox 1531 2623 1566 2651">
    <p class='ocr_par' dir='ltr' id='par_1_9' title="bbox 1531 2623 1566 2651">
     <span class='ocr_line' id='line_1_43' title="bbox 1531 2623 1566 2651; baseline 0 0"><span class='ocrx_word' id='word_1_309' title='bbox 1531 2623 1566 2651; x_wconf 88' lang='grc'>11</span> 
     </span>
    </p>
   </div>
  </div>
 </body>
</html>
