1815 3184
271 436 287 464 7

269 557 288 586 8

267 804 284 833 9

269 1364 288 1391 10

318 248 372 288 46
634 254 789 289 LIBER
814 255 924 297 XXI,
951 255 1004 288 54.
1025 254 1080 287 55.
1109 257 1157 297 [a.
1173 266 1207 287 u.
1224 265 1254 288 ρ.
1267 254 1350 297 536]

313 367 521 414 postremo
552 373 694 399 omnes
724 358 864 411 copias
897 357 950 397 ad
981 357 1230 397 destinatum
1261 357 1343 398 iam
1375 363 1468 398 ante
1500 359 1669 399 consilio

314 421 459 461 avidus
491 419 724 460 certaminis
758 419 910 459 eduxit.
961 425 1047 459 erat
1082 418 1187 459 forte
1223 418 1393 460 brumae
1430 426 1592 473 tempus
1631 428 1670 460 ct

312 482 458 522 nivalis
484 482 571 522 dies
596 481 638 520 in
663 481 763 521 loeis
784 479 964 534 Alpibus
985 480 1289 534 Apenninoque
1310 481 1550 530 interiectis,
1577 495 1670 535 pro-

315 544 539 598 pinquitate
577 543 697 583 etiam
735 543 950 583 fluminum
987 557 1034 583 ac
1064 542 1277 596 paludium
1308 543 1568 597 praegelidis.
1617 543 1670 583 ad

311 606 388 646 hoe
412 606 559 660 raptim
586 605 743 645 eductis
769 604 1004 645 hominibus
1031 612 1152 657 atque
1172 605 1307 657 equis,
1334 620 1416 646 non
1438 613 1557 659 capto
1577 612 1670 645 ante

312 667 422 716 cibo,
460 682 542 707 non
579 682 656 721 ope
693 667 776 707 ulla
811 667 863 707 ad
900 667 1122 707 arcendum
1157 666 1289 721 frigus
1326 666 1527 716 adhibita,
1570 667 1670 706 nihil

312 729 456 769 caloris
482 729 624 778 inerat,
653 737 693 769 et
713 728 913 781 quidquid
931 742 1053 769 aurae
1073 728 1252 768 fluminis
1273 728 1669 783 adpropinquabant,

312 790 491 831 adflabat
521 791 652 831 aerior
683 790 846 845 frigoris
873 790 948 831 vis.
998 796 1043 830 ut
1067 805 1164 830 vero
1190 790 1442 845 refugientes
1470 790 1671 832 Numidas

311 852 574 905 insequentes
595 867 745 905 aquam
766 852 942 906 ingressi
964 859 1155 892 sunt—et
1176 859 1260 892 erat
1281 852 1514 906 pectoribus
1536 859 1669 901 tenus,

312 922 432 955 aucta
452 921 652 955 nocturno
673 913 938 955 imbri—tum
961 914 1100 966 utiquc
1122 914 1299 968 egressis
1324 914 1456 968 rigere
1481 914 1671 954 omnibus

313 992 502 1031 corpora,
529 985 574 1016 ut
592 977 661 1016 vix
683 991 888 1017 armorum
910 976 1177 1016 tenendorum
1198 976 1382 1030 potentia
1403 985 1531 1025 esset„
1559 984 1599 1016 et
1618 977 1671 1017 si-
1728 974 1733 979 ’

313 1039 396 1079 mul
419 1039 661 1079 lassitudine
681 1045 719 1079 et
739 1039 985 1092 procedente
1005 1038 1085 1078 iam
1112 1038 1177 1078 die
1203 1038 1312 1079 fame
1338 1038 1460 1079 ctiam
1485 1039 1670 1079 deficere.

398 1100 492 1141 LV.
553 1100 801 1141 Hannibalis
834 1100 995 1140 interim
1028 1100 1144 1140 miles
1176 1099 1342 1154 ignibus
1374 1108 1467 1141 ante
1499 1101 1673 1141 tentoria

313 1162 433 1203 factis
460 1162 631 1215 oleoque
657 1177 729 1216 per
753 1162 1004 1216 manipulos,
1031 1168 1075 1202 ut
1094 1162 1298 1202 mollirent
1322 1170 1453 1211 artus,
1480 1162 1607 1203 misso
1633 1170 1671 1202 et

315 1225 407 1265 cibo
432 1239 504 1279 per
529 1224 655 1264 otium
683 1232 821 1278 capto,
849 1223 919 1264 ubi
939 1232 1219 1278 transgressos
1240 1223 1393 1264 flumen
1413 1224 1542 1265 hostis
1568 1239 1671 1263 nun-

315 1286 457 1326 tiatum
485 1292 565 1334 est,
599 1285 733 1326 alacer
758 1285 905 1326 animis
932 1284 1253 1339 corporibusque
1279 1301 1392 1326 arma
1417 1286 1524 1339 capit
1550 1294 1671 1338 atque

315 1348 355 1387 in
381 1347 509 1387 aciem
530 1347 725 1400 procedit.
775 1347 960 1387 Baliares
986 1347 1094 1387 locat
1119 1354 1212 1387 ante
1239 1347 1357 1401 signa
1382 1347 1514 1387 levem
1541 1362 1672 1386 arma-

314 1416 445 1449 turam
472 1415 563 1448 octo
590 1408 717 1448 ferme
748 1409 860 1448 milia
890 1408 1123 1456 hominum,
1162 1408 1256 1448 dein
1286 1409 1516 1462 graviorem
1548 1408 1671 1449 armis

314 1470 511 1524 peditem,
550 1471 660 1523 quod
698 1470 864 1519 virium,
908 1470 1018 1523 quod
1053 1469 1211 1511 roboris
1249 1478 1346 1510 erat.
1401 1470 1443 1510 in
1479 1469 1671 1510 cornibus

316 1531 576 1573 circumfudit
596 1532 738 1572 decem
760 1532 871 1572 milia
891 1532 1072 1584 equitum
1095 1538 1133 1572 et
1159 1531 1210 1572 ab
1237 1531 1428 1572 cornibus
1454 1532 1494 1571 in
1521 1538 1672 1571 utram-

315 1608 393 1647 que
420 1600 577 1648 partem
609 1594 763 1635 divisos
797 1593 1036 1647 elephantos
1070 1593 1222 1634 statuit.
1273 1593 1416 1634 consul
1447 1594 1578 1634 effuse
1611 1608 1672 1634 sc-

313 1656 475 1709 quentis
508 1656 684 1708 equites,
723 1670 817 1697 cum
850 1655 901 1696 ab
926 1655 1211 1696 resistentibus
1239 1655 1373 1696 subito
1398 1655 1587 1696 Numidis
1612 1655 1673 1695 in-

314 1718 423 1758 cauti
454 1718 750 1771 exciperentur,
785 1718 903 1772 signo
929 1718 1111 1771 receptui
1138 1717 1232 1758 dato
1257 1726 1468 1758 revocatos
1501 1717 1673 1757 eircum-

314 1780 424 1819 dedit
443 1779 661 1833 peditibus.
702 1779 985 1833 duodeviginti
1011 1779 1123 1819 milia
1142 1779 1330 1819 Romana
1355 1786 1489 1828 erant,
1517 1779 1671 1819 socium

314 1841 490 1881 nominis
516 1841 658 1880 Latini
691 1841 853 1895 viginti,
893 1841 1044 1881 auxilia
1075 1848 1285 1894 practerea
1318 1840 1671 1887 Cenomanorum3

315 1917 362 1942 ea
390 1901 476 1942 sola
501 1902 542 1942 in
570 1902 649 1942 fide
675 1909 881 1942 manserat
909 1900 1069 1943 Gallica
1094 1917 1209 1956 gens.
1259 1902 1307 1943 iis
1342 1902 1470 1956 copiis
1504 1915 1672 1941 coneur-

315 1980 406 2005 sum
439 1971 511 2004 est.
561 1964 761 2017 proelium
793 1979 816 2004 a
849 1963 1081 2004 Baliaribus
1114 1971 1247 2003 ortum
1280 1970 1360 2012 est;
1397 1963 1546 2016 quibus
1580 1977 1671 2003 eum

314 2026 466 2066 maiore
498 2024 642 2066 robore
673 2025 857 2080 legiones
891 2025 1156 2073 obsisterent,
1195 2025 1395 2065 deductae
1427 2038 1600 2078 propere
1632 2025 1671 2064 in

315 2102 466 2128 cornua
487 2087 599 2128 leves
620 2096 849 2128 armaturae
877 2095 989 2136 sunt,
1016 2101 1121 2140 quae
1146 2101 1210 2127 res
1238 2087 1371 2127 effecit
1398 2094 1443 2126 ut
1467 2087 1671 2139 equitatus

316 2148 529 2190 Romanus
561 2149 768 2202 extemplo
801 2156 1031 2203 urgeretur:
1071 2164 1166 2189 nam
1200 2163 1292 2189 cum
1325 2148 1393 2188 vix
1425 2148 1505 2188 iam
1530 2163 1672 2202 perse

314 2211 549 2251 resisterent
582 2211 724 2251 decem
756 2211 921 2251 milibus
948 2211 1130 2264 equitum
1157 2217 1347 2263 quattuor
1373 2210 1484 2250 milia
1509 2217 1546 2250 et
1573 2209 1672 2250 fessi

314 2273 483 2327 integris
515 2272 739 2326 plerisque,
773 2272 907 2313 obruti
940 2280 1032 2313 sunt
1059 2272 1226 2326 insuper
1251 2272 1362 2312 velut
1387 2270 1496 2312 nube
1521 2271 1673 2312 iaculo-

315 2349 405 2374 rum
431 2349 455 2374 a
473 2333 706 2374 Baliaribus
728 2334 923 2374 coniecta.
963 2334 1111 2374 adhoc
1137 2333 1344 2387 elephanti
1370 2333 1595 2373 eminentes
1621 2332 1672 2373 ab

316 2395 507 2435 extremis
529 2394 732 2443 cornibus,
761 2395 874 2448 equis
896 2395 1073 2435 maxime
1092 2410 1172 2435 non
1188 2396 1279 2435 visu
1294 2395 1429 2443 modo,
1457 2394 1529 2434 sed
1549 2394 1672 2434 odore

317 2456 479 2497 insolito
506 2457 672 2505 territis,
700 2456 843 2511 fugam
862 2456 942 2497 late
964 2456 1181 2497 faciebant.
1218 2456 1420 2510 pedestris
1442 2471 1582 2510 pugna
1600 2470 1673 2509 par

316 2518 461 2559 animis
498 2519 630 2573 magis
669 2533 793 2571 quam
829 2518 984 2559 viribus
1023 2525 1128 2567 erat,
1165 2533 1268 2571 quas
1299 2518 1475 2558 recenti‘s
1506 2517 1671 2557 Poenus

316 2580 439 2633 paulo
464 2589 558 2621 ante
584 2580 734 2621 curatis
762 2580 999 2634 corporibus
1019 2581 1059 2620 in
1080 2580 1278 2634 proelium
1299 2579 1505 2620 attulerat:
1533 2585 1673 2619 contra

316 2642 452 2683 ieiuna
482 2642 674 2696 fessaque
706 2657 875 2696 corpora
904 2643 1103 2683 Romanis
1137 2649 1176 2683 et
1206 2642 1379 2697 rigentia
1412 2641 1508 2696 gelu
1539 2647 1670 2693 torpe-

318 2702 428 2743 bant.
465 2704 709 2745 restitissent
730 2710 866 2745 tamen
888 2704 1053 2753 animis,
1081 2704 1114 2744 si
1136 2718 1226 2744 cum
1248 2704 1384 2758 pedite
1410 2701 1540 2743 solum
1566 2700 1669 2741 soret
