1815 3184
244 620 299 650 13-

245 865 281 892 14

243 989 281 1017 15

243 1294 281 1323 16

244 1418 281 1447 17

242 1600 281 1630 18

262 2155 280 2184 10

267 2707 285 2735 5

310 254 392 295 436
592 259 742 294 LIBER
768 259 954 303 XXVIII,
984 259 1034 292 44.
1052 258 1107 292 45.
1137 262 1184 302 [a.
1199 271 1234 294 u.
1250 271 1279 294 e.
1293 260 1375 304 549]

311 378 379 404 seo
411 363 532 402 modo
563 361 824 415 perficeretur
854 360 1025 409 bellum,
1063 366 1200 400 tamen
1231 361 1283 400 ad
1313 361 1550 416 dignitatem
1587 378 1658 418 po-

308 424 394 477 puli
429 423 605 463 Romani
640 422 875 474 famamque
912 428 1010 475 aput
1050 436 1168 476 reges
1205 428 1431 475 gentesque
1473 430 1658 464 externas

308 484 554 538 pertinebat,
591 499 673 524 non
709 484 761 524 ad
796 483 1097 524 defendendam
1135 485 1257 524 modo
1289 485 1468 533 Italiam,
1507 486 1580 526 sed
1608 486 1660 526 ad

308 546 520 585 inferenda
551 546 673 585 etiam
698 545 867 585 Africae
898 560 1010 585 arma
1040 545 1168 584 ’videri
1201 545 1317 585 nobis
1349 547 1530 586 animum
1556 561 1659 596 esse,

308 621 383 646 neo
414 607 491 646 hoc
524 607 633 647 credi
663 606 921 661 vulgarique,
970 606 1080 659 quod
1110 606 1319 647 Hannibal
1351 623 1475 647 ausus
1509 608 1560 647 sit
1590 622 1660 647 ne-

307 668 459 708 minem
485 668 632 708 ducem
657 668 937 708 Romanorum
969 667 1118 707 audere
1149 675 1188 708 et
1212 668 1343 722 priore
1369 668 1528 709 Punico
1553 668 1660 710 bello

307 736 412 777 tum,
440 743 533 769 cum
560 729 609 769 de
631 727 771 770 Sicilia
797 735 1034 777 certaretur,
1062 729 1207 769 totiens
1222 729 1408 769 Africam
1434 729 1484 770 ab
1510 730 1658 770 nostris

309 790 637 843 exercitibusque
673 797 712 831 et
749 790 950 830 classibus
987 800 1284 844 oppugnatam,
1321 806 1447 839 nunc,
1486 806 1577 831 cum
1609 792 1659 831 de

308 851 428 891 Italia
464 858 656 900 certetur,
705 851 892 892 Africam
928 858 1117 905 pacatam
1153 866 1255 892 esse.
1326 853 1553 905 requiescat
1589 852 1661 893 ali-

307 913 471 965 quando
508 920 656 954 vexata
698 920 781 953 tam
817 913 886 952 diu
923 913 1066 961 Italia,
1115 920 1255 953 uratur
1297 922 1583 966 evasteturque
1619 914 1661 953 in

307 975 438 1014 vicem
474 974 637 1023 Africa3
675 984 807 1015 castra
842 975 1030 1015 Romana
1065 975 1201 1028 potius
1235 974 1496 1029 Carthaginis
1533 975 1660 1029 portis

307 1036 564 1084 immineant,
602 1050 724 1088 quam
755 1051 829 1076 nos
860 1036 1006 1076 iterum
1038 1036 1189 1076 vallum
1221 1036 1400 1076 hostium
1431 1051 1482 1076 ex
1506 1036 1661 1076 moeni-

306 1096 383 1137 bus
409 1098 558 1137 nostris
584 1098 818 1145 videamus3
856 1096 1001 1137 Africa
1027 1097 1078 1137 sit
1099 1097 1245 1150 reliqui
1271 1097 1366 1137 belli
1392 1098 1527 1145 sedes,
1564 1097 1659 1136 illuc

307 1165 434 1198 terror
470 1158 669 1212 fugaque,
718 1158 927 1211 populatio
965 1173 1180 1212 agrorum,
1230 1158 1404 1198 defectio
1442 1158 1658 1204 sociorum,

307 1227 465 1259 ceterae
496 1219 591 1259 belli
628 1219 782 1267 clades,
822 1233 926 1271 quae
956 1219 997 1258 in
1028 1234 1102 1258 nos
1133 1233 1206 1273 per
1235 1219 1559 1271 quattuordecim
1590 1234 1660 1258 an-

306 1294 381 1320 nos
418 1281 675 1335 ingruerunt,
713 1287 930 1320 vertantur.
992 1294 1096 1332 quae
1132 1281 1184 1320 ad
1212 1295 1297 1320 rem
1333 1279 1540 1334 publicam
1570 1294 1660 1333 per-

308 1341 436 1381 tinent
471 1349 511 1381 et
546 1341 716 1390 bellum,
755 1342 864 1394 quod
894 1342 1035 1389 instat,
1075 1349 1113 1381 et
1143 1342 1392 1394 provincias,
1430 1342 1479 1381 de
1511 1341 1659 1394 quibus

309 1404 459 1458 agitur,
487 1404 639 1443 dixisse
666 1404 762 1444 satis
790 1411 869 1443 est:
902 1404 970 1444 illa
994 1404 1118 1457 longa
1142 1404 1269 1443 oratio
1295 1418 1369 1443 nec
1396 1404 1447 1442 ad
1473 1418 1544 1443 vos
1570 1417 1660 1456 per-

306 1466 447 1515 tinens⁴
477 1466 550 1513 sit,
601 1466 657 1513 si,
708 1480 829 1517 quem
873 1465 925 1505 ad
965 1465 1132 1505 modum
1171 1463 1222 1516 Q.
1251 1464 1404 1504 Fabius
1444 1478 1558 1504 meas
1596 1478 1660 1503 res

306 1525 444 1580 gestas
470 1527 511 1566 in
537 1526 742 1580 Hispania
773 1526 964 1574 clevavit,
1004 1526 1061 1565 sic
1094 1540 1170 1580 ego
1202 1532 1341 1565 contra
1371 1525 1543 1579 gloriam
1574 1525 1660 1565 eius

308 1588 469 1628 eludere
507 1595 546 1628 et
581 1602 715 1628 meam
757 1588 892 1628 verbis
936 1588 1128 1628 extollere
1165 1587 1299 1627 velim.
1370 1594 1559 1627 neutrum
1602 1587 1662 1626 fa-

307 1650 429 1698 ciam,
478 1656 613 1703 patres
651 1650 892 1703 conscripti,
942 1656 1005 1698 et,
1056 1649 1089 1689 si
1125 1648 1207 1689 ulla
1238 1649 1316 1689 alia
1351 1663 1412 1697 re,
1461 1649 1662 1689 modestia

306 1718 413 1752 certe
455 1719 494 1751 et
536 1712 801 1765 temperando
837 1712 1001 1766 linguae
1044 1711 1285 1752 adulescens
1329 1726 1469 1752 senem
1510 1711 1658 1752 vicero.

306 1773 361 1812 ita
399 1779 435 1813 et
466 1773 550 1812 vixi
587 1780 626 1813 et
662 1773 773 1827 gessi
808 1788 890 1822 res,
940 1780 984 1812 ut
1021 1773 1166 1813 tacitus
1204 1787 1251 1813 ea
1286 1773 1494 1826 opinione,
1537 1787 1660 1826 quam

305 1842 441 1875 vestra
472 1842 615 1889 sponte
647 1842 885 1889 conceptam
917 1835 1062 1875 animis
1088 1834 1310 1883 haberetis,
1349 1834 1468 1875 facile
1495 1842 1660 1875 conten-
1695 1850 1698 1852 ·

308 1902 371 1936 tus
398 1896 558 1937 essem.'

392 1957 640 1998 XXXXV.
701 1957 845 1998 Minus
877 1959 1018 2012 aequis
1051 1958 1195 1999 animis
1228 1958 1390 1998 auditus
1417 1963 1478 1997 est
1505 1955 1657 2010 Scipio,

307 2019 402 2071 quia
426 2019 638 2073 vulgatum
666 2027 767 2068 erat,
806 2021 840 2060 si
871 2029 969 2074 aput
995 2027 1181 2061 senatum
1212 2034 1293 2059 non
1318 2018 1578 2067 obtinuisset,
1616 2026 1661 2058 ut

306 2081 515 2134 provincia
539 2081 684 2121 Africa
710 2081 787 2122 sibi
813 2082 1114 2129 decerneretur,
1152 2081 1203 2121 ad
1232 2080 1430 2134 populum
1456 2079 1660 2133 extemplo

307 2142 495 2181 laturum.
555 2142 691 2195 itaque
731 2142 783 2195 Q.
822 2143 1014 2191 Fulvius,
1052 2143 1122 2196 qui
1158 2142 1300 2182 consul
1337 2148 1480 2193 quater
1514 2140 1659 2189 fuerat,

305 2203 527 2256 postulavit
563 2218 587 2243 a
623 2204 807 2253 consule,
857 2211 901 2244 ut
935 2204 1070 2258 palam
1106 2204 1147 2243 in
1180 2210 1321 2243 senatu
1353 2203 1523 2250 diceret,
1569 2217 1661 2255 per-

307 2265 535 2304 mitteretne
561 2265 764 2318 patribus,
791 2272 834 2305 ut
854 2266 903 2306 de
922 2265 1141 2319 provinciis
1162 2265 1435 2312 decernerent,
1463 2270 1661 2304 staturus-

307 2340 385 2378 que
422 2340 470 2366 eo
502 2333 610 2367 esset
647 2327 758 2379 quod
788 2327 1062 2375 censuissent,
1100 2342 1150 2366 an
1183 2327 1234 2366 ad
1264 2325 1461 2379 populum
1490 2324 1658 2364 laturus.

308 2386 556 2441 cumScipio
580 2389 876 2442 respondisset,
905 2403 948 2429 se
974 2389 1084 2441 quod
1109 2403 1129 2428 e
1154 2403 1196 2428 re
1221 2387 1385 2441 publica
1405 2392 1513 2427 esset
1531 2386 1661 2426 factu-

308 2463 415 2497 rum,
453 2456 539 2489 tum
563 2449 755 2490 Fulvius:
801 2454 900 2490 ‘non
926 2465 1003 2504 ego
1035 2450 1222 2504 ignarus,
1260 2449 1358 2501 quid
1387 2462 1659 2502 responsurus

308 2509 542 2551 facturusve
579 2526 715 2560 esses,
765 2512 973 2564 quaesivi,
1024 2511 1173 2564 quippe
1211 2525 1303 2550 cum
1339 2524 1435 2563 prae
1477 2516 1516 2549 te
1552 2508 1659 2548 feras

309 2578 506 2624 temptare
543 2579 581 2612 te
617 2573 750 2628 magis
782 2588 905 2626 quam
942 2573 1153 2614 consulere
1187 2578 1372 2612 senatum
1404 2577 1460 2619 et,
1498 2570 1540 2610 ni
1568 2584 1661 2623 pro-

309 2631 484 2672 vinciam
515 2633 587 2673 tibi
618 2648 741 2686 quam
772 2635 949 2675 volueris
983 2633 1187 2688 extemplo
1219 2633 1506 2679 decernamus,
1543 2629 1660 2684 para-

310 2698 391 2731 tam
423 2694 675 2747 rogationem
705 2695 870 2736 habeas.
930 2697 1067 2748 itaque
1097 2711 1122 2736 a
1151 2694 1288 2743 vobis,
1325 2692 1475 2733 tribuni
1511 2689 1654 2744 plebis,
