1815 3184
256 351 273 379 ⁴2

254 1337 269 1364 *Σ

252 1522 270 1550 8

252 1768 269 1797 9

233 1892 270 1921 10

232 2141 266 2168 11

300 226 353 265 G?
659 232 810 267 LIBER
836 233 967 275 XXII,
996 234 1025 266 7.
1055 236 1152 276 [au.
1169 245 1197 267 c.
1212 235 1294 278 537]

300 338 404 377 inter
427 351 581 390 paucas
609 343 831 376 memorata
858 335 999 388 populi
1019 335 1196 375 Romani
1223 335 1373 377 clades.
1423 337 1655 390 quindecim

298 398 407 437 milia
433 398 713 437 Romanorum
741 397 782 436 111
808 397 894 436 acie
919 411 1056 445 caesa,
1084 397 1227 437 decem
1252 398 1364 438 milia
1389 413 1532 452 sparsa
1555 399 1657 454 fuga

298 473 370 512 per
405 473 567 498 omnem
607 458 815 497 Etruriam
858 458 1012 498 aversis
1055 458 1269 498 itineribus
1313 459 1454 500 urbem
1490 460 1654 513 petiere.

298 521 378 559 duo
404 520 515 559 milia
541 519 754 573 quingenti
778 519 960 560 hostium
983 520 1025 559 in
1051 520 1155 569 acie,
1193 520 1311 560 multi
1342 528 1486 574 postea
1515 522 1657 561 utrim—

297 596 376 633 que
413 596 463 621 ex
500 581 738 621 vulneribus
775 581 944 635 periere.
1006 582 1220 636 multiplex
1263 583 1409 622 caedes
1454 583 1656 636 utrimque

297 647 406 685 facta
447 646 620 685 traditur
664 645 715 686 ab
759 645 868 685 aliis:
919 659 1016 699 ego,
1066 652 1352 698 praeterquam
1400 646 1512 698 quod
1557 645 1657 685 nihil

296 707 489 747 haustum
521 722 572 747 ex
604 721 709 747 vano
741 706 885 755 velim,
924 721 1005 759 quo
1036 707 1156 747 nimis
1182 707 1378 747 inclinant
1406 707 1534 747 ferme
1560 708 1657 748 scri-

296 768 480 809 bentium
525 769 668 818 animi,
711 768 889 809 Fabium
933 769 1147 821 aequalem
1191 768 1444 823 temporibus
1486 769 1657 810 huiusce

299 830 395 870 belli
420 830 682 884 potissimum
709 838 916 870 auctorem
943 830 1081 871 habui.
1142 830 1356 871 Hannibal
1388 831 1655 884 captivorum,

297 892 368 945 qui
396 893 537 932 Latini
562 892 738 932 nominis
765 899 921 940 essent,
957 892 1044 932 sine
1068 893 1199 946 pretio
1225 892 1425 940 dimissis,
1458 892 1656 933 Romanis

296 955 339 994 in
374 954 539 994 vincula
576 955 701 1003 datis,
747 961 965 1009 segregata
1006 969 1058 994 ex
1100 954 1281 995 hostium
1325 961 1657 995 coacervatorum

297 1016 471 1057 cumulis
508 1031 678 1070 corpora
716 1031 884 1057 suorum
916 1031 1009 1057 cum
1042 1016 1205 1070 sepeliri
1235 1016 1442 1065 iussisset,
1479 1016 1657 1056 Flamini

296 1092 460 1130 quoque
486 1092 634 1132 corpus
659 1078 816 1118 funeris
843 1093 966 1118 causa
994 1093 1143 1133 magna
1171 1093 1264 1118 011111
1291 1093 1387 1119 cura
1417 1078 1657 1131 inquisitum

296 1154 376 1179 non
402 1148 569 1179 mvemt.

381 1200 539 1241 Romae
571 1202 623 1241 ad
653 1202 829 1255 primum
865 1202 1052 1242 nuntium
1085 1202 1212 1242 cladis
1247 1202 1334 1242 eius
1373 1217 1465 1242 cum
1501 1202 1656 1256 ingenti

298 1273 449 1303 terrore
481 1277 528 1303 ac
559 1264 737 1303 tumultu
772 1278 995 1304 concursus
1027 1265 1068 1304 in
1094 1265 1229 1304 forum
1254 1264 1395 1317 populi
1421 1273 1484 1304 est
1507 1265 1654 1304 factus.

297 1333 505 1364 matronae
528 1340 657 1379 vagae
678 1340 752 1379 pcr
767 1326 867 1374 vias,
894 1340 998 1378 quae
1019 1341 1165 1379 repens
1187 1326 1324 1365 clades
1345 1326 1481 1366 adlata
1499 1340 1656 1379 quaeve

297 1387 462 1426 fortuna
498 1387 700 1426 exercitus
739 1394 868 1434 esset,
907 1387 1051 1428 obvios
1096 1396 1425 1441 percunctantur.
1487 1395 1527 1427 et
1563 1403 1655 1427 cum

295 1447 520 1500 frequentis
559 1449 757 1488 contionis
796 1450 918 1489 modo
956 1448 1075 1489 turba
1110 1449 1151 1488 in
1189 1449 1399 1489 comitium
1432 1457 1471 1488 et
1502 1450 1657 1489 curiam

298 1524 417 1550 versa
448 1510 713 1563 magistratus
742 1518 923 1560 vocaret,
957 1512 1124 1551 tandem
1150 1511 1260 1551 haud
1286 1511 1414 1551 multo
1440 1519 1533 1551 ante
1560 1512 1657 1552 solis

296 1586 488 1613 occasum
520 1572 580 1612 M.
612 1572 869 1627 Pomponius
906 1583 1068 1628 praetor
1105 1574 1282 1629 ‘pugna’
1318 1575 1450 1627 inquit
1488 1579 1658 1629 ‘magna

296 1633 392 1673 11011
425 1635 599 1683 smnus?
637 1643 677 1675 01
707 1650 954 1688 quamquam
988 1636 1088 1675 1111111
1121 1637 1270 1676 certius
1305 1651 1355 1676 ex
1387 1651 1435 1676 00
1472 1636 1655 1676 auditum

297 1703 376 1744 est,
405 1703 540 1736 tamen
562 1697 665 1737 alius
686 1697 737 1737 ab
763 1698 842 1737 alio
868 1698 1010 1751 inpleti
1035 1698 1266 1738 rumoribus
1293 1698 1437 1738 domos
1463 1697 1656 1747 referunt,

297 1757 507 1797 consulem
541 1772 633 1798 cum
665 1773 817 1813 magna
849 1768 962 1812 parte
989 1760 1198 1813 copiarum
1225 1774 1409 1808 caesum,
1443 1773 1657 1813 superesse

294 1833 449 1872 paucos
481 1826 550 1859 aut
581 1819 682 1874 fuga
712 1821 869 1874 passim
896 1836 968 1874 per
992 1821 1200 1861 Etruriam
1229 1836 1394 1875 sparsos
1421 1829 1492 1862 aut
1516 1827 1657 1875 captos

296 1880 347 1920 ab
373 1880 504 1921 hoste.
554 1891 653 1934 quot
679 1896 798 1921 casus
827 1883 1030 1923 exercitus
1057 1883 1153 1923 victi
1178 1884 1360 1931 fucrant,
1388 1891 1447 1923 tot
1471 1883 1513 1922 111
1539 1897 1656 1923 curas

296 1942 497 1995 dispertiti
533 1943 657 1982 animi
695 1958 835 1983 eorum
868 1951 999 1992 erant,
1037 1959 1212 1997 quorum
1245 1944 1465 1998 propinqui
1496 1943 1572 1984 sub
1606 1943 1655 1984 C.

295 2003 499 2043 Flaminio
525 2005 691 2044 consule
718 2012 968 2054 meruerant,
1002 2006 1299 2059 ignorantium,
1327 2020 1431 2058 quae
1458 2006 1656 2058 cuiusque

297 2079 464 2105 suorum
490 2066 655 2106 fortuna
681 2076 802 2106 esset.
864 2081 939 2107 nec
965 2068 1183 2120 quisquam
1212 2067 1310 2107 satis
1338 2075 1493 2107 certum
1519 2066 1655 2115 habet,

296 2127 394 2179 quid
426 2136 496 2167 aut
528 2137 663 2181 speret
694 2136 762 2168 aut
795 2129 947 2169 timeat.
1008 2140 1172 2183 postero
1206 2144 1253 2169 ac
1285 2130 1477 2183 deinceps
1504 2129 1657 2181 aliquot

296 2188 441 2229 diebus
479 2190 531 2229 ad
567 2200 706 2243 portas
743 2190 874 2230 maior
909 2205 1036 2244 prope
1073 2191 1290 2231 mulierum
1321 2205 1445 2243 quam
1476 2191 1657 2230 virorum

296 2251 514 2291 multitudo
552 2252 662 2291 stetit
699 2260 769 2292 aut
806 2267 973 2292 suorum
1010 2253 1187 2305 aliquem
1225 2261 1296 2292 aut
1326 2252 1492 2292 nuntios
1525 2252 1575 2292 de
1606 2252 1656 2292 iis

297 2314 533 2366 opperiens,
561 2314 1075 2368 circumfundebanturque
1096 2314 1227 2355 obviis
1249 2315 1504 2354 sciscitantes
1524 2328 1656 2366 neque

297 2375 435 2423 avelli,
467 2375 608 2428 utique
634 2375 686 2415 ab
711 2376 837 2423 notis,
870 2376 1109 2429 priusquam
1136 2377 1277 2416 ordine
1304 2376 1440 2416 omnia
1464 2376 1657 2428 inquisis-

298 2444 388 2476 sent
406 2444 605 2490 poterant.
643 2437 737 2477 inde
762 2438 897 2478 varios
923 2438 1059 2478 vultus
1085 2438 1401 2493 digredientium
1427 2437 1478 2478 ab
1504 2438 1656 2477 nuntiis

297 2512 503 2545 cerneres,
541 2506 586 2538 ut
618 2499 765 2551 cuique
796 2498 903 2539 laeta
929 2507 998 2539 aut
1025 2500 1155 2540 tristia
1179 2498 1485 2547 nuntiabantur,
1518 2507 1657 2553 gratu-

297 2558 499 2611 lantisque
530 2568 601 2600 aut
626 2560 876 2600 consolantis
901 2561 1167 2609 redeuntibus
1193 2561 1336 2601 domos
1364 2560 1655 2608 circu1nfusos3

297 2620 542 2660 feminarum
578 2621 798 2675 praecipue
829 2630 870 2662 et
899 2623 1051 2676 gaudia
1082 2622 1260 2677 insignia
1292 2630 1406 2662 erant
1437 2629 1476 2661 et
1506 2622 1653 2661 luctus.

234 2694 272 2723 13
298 2695 422 2720 unam
451 2682 493 2720 in
523 2682 611 2735 ipsa
644 2690 760 2735 porta
792 2684 936 2737 sospiti
966 2683 1049 2724 filio
1079 2690 1246 2737 repente
1278 2683 1457 2724 oblatam
1487 2683 1529 2722 in
1560 2697 1655 2722 con-
