1815 3184
484 214 637 248 LIBER
662 214 810 258 xxm,
837 214 890 248 17.
912 199 964 246 13.
993 215 1042 256 [a.
1059 210 1097 246 C.
1113 211 1194 254 216]
1433 201 1508 242 131

154 320 268 361 sidiis
294 319 591 367 traduxissent,
617 324 663 358 ut
687 317 738 358 de
759 317 929 371 Capuae
954 315 1185 356 defectione
1210 314 1278 369 agi
1302 313 1512 368 accipique

153 381 433 422 Hannibalem
459 380 556 421 satis
583 394 657 434 pro
683 386 792 420 certo
817 378 1016 426 habuere,
1048 376 1273 417 interfectis
1298 382 1417 416 nocte
1443 390 1516 430 op-

152 443 312 497 pidanis
343 449 502 496 partem
532 440 645 481 urbis
677 455 781 494 quae
813 440 871 480 cis
903 439 1152 480 Volturnum
1185 445 1247 479 est
1269 462 1304 467 -—
1327 452 1376 478 eo
1406 437 1514 477 enim

154 505 348 544 dividitur
366 503 477 544 amni
494 528 527 531 —
546 516 811 556 occupavere.
861 501 984 554 idque
1004 500 1183 555 praesidi
1198 499 1370 541 Casilini
1389 498 1515 539 habe-

153 566 253 606 bant
276 565 466 606 Romani.
516 564 680 604 additur
705 570 744 603 et
769 563 973 603 Perusina
998 562 1163 611 cohors,
1202 561 1389 602 homines
1415 575 1515 614 qua-

154 627 359 682 dringenti
385 627 617 681 sexaginta,
644 626 789 666 eodem
816 625 957 665 nuntio
983 639 1064 677 quo
1077 623 1336 664 Praenestini
1360 637 1514 676 paucos

155 696 248 730 ante
279 690 366 730 dies
395 688 626 731 Casilinum
652 687 853 741 conpulsi.
904 693 942 727 et
974 687 1073 727 satis
1105 686 1234 726 ferme
1266 692 1514 725 armatorum

155 751 207 792 ad
229 759 311 792 tam
332 751 480 806 exigua
501 750 663 790 moenia
683 756 722 790 et
740 749 907 789 flumine
927 748 1054 788 altera
1077 754 1191 802 parte
1213 747 1344 787 cincta
1365 746 1517 786 tuenda

154 821 239 854 erat
248 830 258 862 3
300 813 471 867 penuria
495 811 706 860 frumenti,
739 811 910 850 nimium
936 810 1059 850 etiam
1084 816 1129 849 ut
1154 809 1361 849 videretur
1384 808 1516 848 homi-

154 890 271 923 num,
299 874 516 914 efficiebat.

239 935 411 975 XVIII.
466 933 678 974 Hannibal
714 947 807 973 cum
843 932 924 972 iam
960 931 1055 971 inde
1087 931 1186 971 haut
1216 931 1359 985 procul
1391 940 1513 979 esset,

156 996 356 1039 Gaetulos
382 1012 474 1037 cun]
494 996 701 1049 praefecto
721 994 885 1034 nomine
904 993 1039 1034 Isalca
1058 993 1275 1047 praemitti,
1302 1007 1350 1033 ac
1368 993 1514 1046 primo,

155 1059 190 1099 si
217 1059 286 1098 fiat
311 1058 517 1110 conloquii
542 1056 677 1111 copia,
704 1055 840 1096 verbis
868 1055 1056 1109 benignis
1083 1055 1135 1094 ad
1159 1062 1298 1108 portas
1325 1055 1516 1107 aperiun-

153 1119 227 1160 das
252 1120 584 1173 praesidiumque
610 1117 894 1172 accipiendum
920 1116 1116 1171 perlicere
1142 1116 1273 1164 iubet,
1301 1116 1336 1156 si
1360 1116 1402 1155 in
1426 1130 1518 1170 per-

153 1181 303 1221 tinacia
327 1188 528 1235 perstent,
567 1180 608 1221 vi
631 1195 719 1220 rem
743 1194 885 1234 gerere
911 1194 959 1219 ac
985 1185 1203 1232 temptare,
1237 1178 1271 1218 si
1296 1192 1378 1231 qua
1402 1185 1516 1232 parte

152 1244 345 1284 invadere
382 1243 527 1284 urbem
562 1243 706 1297 possit.
768 1241 839 1282 ubi
869 1241 921 1282 ad
952 1241 1114 1282 moenia
1144 1240 1377 1289 adcessere,
1421 1240 1517 1293 quia

154 1306 359 1347 silentium
380 1312 477 1354 erat,
506 1304 684 1345 solitudo
704 1304 812 1353 visa3
839 1310 1033 1356 metuque
1054 1316 1297 1343 concessum
1318 1301 1516 1342 barbarus

153 1375 265 1408 ratus
292 1367 425 1407 moliri
449 1373 588 1421 portas
615 1374 654 1406 et
679 1366 857 1407 claustra
881 1366 1102 1419 refringere
1122 1371 1257 1418 parat,
1285 1378 1379 1404 cum
1404 1370 1518 1418 pate-

155 1429 275 1470 factis
300 1435 466 1482 repente
491 1428 619 1483 portis
646 1428 834 1468 cohortes
861 1428 979 1476 duae,
1007 1427 1059 1468 ad
1078 1427 1120 1467 id
1139 1426 1273 1480 ipsum
1294 1426 1518 1466 instructae

154 1492 282 1539 intus,
308 1491 465 1545 ingenti
489 1505 583 1531 cum
608 1490 787 1530 tumultu
812 1496 1033 1543 erumpunt
1053 1495 1317 1543 stragemque
1336 1487 1516 1528 hostium

155 1553 324 1593 faciunt.
378 1553 435 1593 ita
459 1552 602 1607 primis
627 1552 802 1606 repulsis
827 1551 1047 1592 Maharbal
1074 1565 1167 1591 cum
1192 1550 1345 1590 maiore
1370 1549 1516 1590 robore

155 1615 334 1655 virorum
365 1614 516 1655 missus
548 1628 623 1654 nec
654 1614 742 1667 ipse
769 1613 1023 1667 eruptionem
1049 1612 1277 1653 cohortium
1311 1611 1516 1652 sustinuit.

155 1683 362 1731 postremo
392 1676 605 1717 Hannibal
654 1676 797 1716 castris
840 1683 934 1716 ante
975 1675 1066 1728 ipsa
1107 1674 1270 1714 moenia
1317 1674 1516 1728 oppositis

155 1754 325 1793 parvam
360 1738 504 1779 urbem
540 1752 795 1792 parvumque
831 1736 1085 1791 praesidium
1121 1751 1283 1777 summa
1318 1737 1359 1776 vi
1395 1744 1517 1789 atque

155 1799 346 1840 omnibus
373 1800 501 1853 copiis
527 1814 766 1853 oppugnare
791 1806 919 1852 parat.
980 1812 1028 1838 ac
1053 1798 1152 1838 dum
1183 1798 1308 1838 instat
1332 1797 1517 1838 lacessit-

155 1876 235 1915 que
255 1876 404 1902 corona
418 1862 599 1914 undique
614 1861 874 1902 circumdatis
890 1859 1118 1909 moenibus,
1146 1860 1301 1913 aliquot
1314 1860 1462 1900 milites
1478 1867 1517 1900 et

155 1923 508 1978 promptissimum
533 1938 737 1976 quemque
764 1938 785 1963 e
811 1937 926 1963 muro
953 1921 1213 1975 turribusque
1238 1923 1339 1962 ictos
1366 1922 1515 1962 amisit.

158 1986 285 2026 semel
322 1985 425 2027 ultro
468 1985 718 2040 erumpentis
761 1985 924 2039 agmine
975 1984 1285 2037 elephantorum
1327 1984 1516 2038 opposito

157 2063 282 2102 prope
301 2049 528 2090 interclusit
547 2049 808 2102 trepidosque
828 2047 1010 2101 conpulit
1029 2047 1071 2086 in
1089 2047 1232 2088 urbem
1260 2047 1357 2087 satis
1378 2047 1516 2087 multis

157 2117 201 2150 ut
238 2125 289 2150 ex
325 2118 437 2151 tanta
466 2111 671 2165 paucitate
707 2109 946 2151 interfectis.
1005 2109 1143 2163 plures
1176 2109 1437 2157 cecidissent,
1475 2109 1518 2148 ni

158 2187 240 2212 nox
270 2172 423 2225 proelio
453 2173 752 2213 intervenisset.
812 2178 977 2226 postero
1004 2171 1069 2211 die
1100 2172 1284 2211 omnium
1314 2171 1439 2211 animi
1465 2171 1516 2210 ad

158 2234 481 2288 oppugnandum
507 2234 798 2282 accenduntur,
824 2234 964 2286 utique
985 2239 1205 2286 postquam
1225 2247 1374 2273 corona
1393 2247 1517 2272 aurea

158 2296 325 2335 muralis
362 2296 629 2349 propositast,
678 2303 800 2348 atque
836 2295 925 2349 ipse
962 2295 1047 2335 dux
1084 2294 1240 2335 castelli
1272 2294 1394 2348 plano
1425 2294 1516 2334 loco

158 2357 280 2412 positi
306 2372 475 2412 segnem
500 2358 849 2412 oppugnationem
866 2356 1043 2411 Sagunti
1069 2355 1419 2411 expugnatoribus
1446 2371 1517 2396 ex-

159 2418 395 2473 probrabat,
435 2418 674 2459 Cannarum
700 2419 1028 2472 Trasmnenique
1059 2425 1099 2459 et
1124 2418 1299 2459 Trebiae
1331 2418 1515 2473 singulos

1542 512 1580 540 11

157 2482 383 2521 admonens
409 2481 724 2534 universosque3
761 2481 855 2521 inde
885 2481 1029 2522 vineae
1060 2495 1223 2533 quoque
1254 2487 1422 2534 coeptae
1448 2480 1515 2534 agi
1541 2494 1560 2523 8

157 2543 427 2596 cuniculique.
488 2558 563 2584 nec
594 2544 647 2584 ad
677 2543 812 2584 varios
844 2550 1013 2583 conatus
1040 2542 1220 2583 hostium
1245 2549 1315 2582 aut
1338 2542 1400 2583 vis
1432 2541 1515 2582 ulla

157 2612 224 2645 aut
251 2620 316 2645 ars
342 2605 498 2645 deerat:
544 2605 644 2646 socii
667 2605 949 2646 Romanorum
973 2604 1285 2659 propugnacula
1315 2604 1514 2645 adversus

155 2667 297 2708 vineas
336 2674 533 2717 statuere,
572 2669 815 2710 transversis
854 2668 1052 2709 cuniculis
1090 2668 1270 2709 hostium
1302 2667 1513 2708 cuniculos

1240 2734 1285 2767 9*
