1815 3184
443 270 596 305 LIBER
621 270 749 311 XXII,
776 270 902 303 10.11.
931 271 979 312 [a.
995 266 1033 302 o.
1047 268 1129 312 217]
1412 255 1465 297 65

112 391 184 417 ver
208 375 387 416 attulerit
412 389 463 416 ex
485 374 623 423 suillo,
650 373 791 422 ovillo,
819 372 1003 427 caprino,
1030 370 1181 412 bovillo
1201 384 1326 425 grege
1345 383 1470 423 quae-

112 452 192 491 que
217 437 389 491 profana
414 442 549 485 erunt,
581 436 672 476 Iovi
697 435 784 476 fieri
809 450 860 476 ex
884 449 966 487 qua
991 433 1056 473 die
1082 438 1248 473 senatus
1273 431 1471 486 populus-

113 514 192 553 que
218 499 394 540 iusserit.
454 498 525 551 qui
549 497 689 547 faciet,
722 497 886 550 quando
910 495 1021 536 volet
1045 508 1207 547 quaque
1231 493 1322 548 lege
1348 492 1468 541 volet,

112 561 256 602 facito:
288 576 369 613 quo
395 560 517 600 modo
544 559 664 608 faxit,
691 558 818 613 probe
843 558 998 599 factum
1024 562 1124 597 esto.
1175 556 1209 596 si
1234 555 1276 596 id
1300 555 1471 596 moritur

114 623 224 676 quod
249 623 336 662 fieri
361 621 582 676 oportebit,
607 621 827 675 profanum
853 626 940 660 esto
965 633 1099 672 neque
1126 617 1260 659 scelus
1286 624 1386 658 esto.
1437 616 1472 657 si

113 685 204 738 quis
241 690 402 738 rumpet
438 683 648 723 occidetve
684 683 881 730 insciens,
919 695 970 721 ne
1005 680 1117 720 fraus
1152 686 1252 720 esto.
1314 679 1349 719 si
1379 678 1471 732 quis

114 746 277 800 clepsit,
310 761 361 786 ne
386 745 538 799 populo
565 745 698 786 scelus
732 751 818 785 esto
849 758 952 784 neve
984 743 1050 783 cui
1081 742 1259 796 cleptum
1291 741 1377 782 erit.
1438 741 1473 781 si

115 818 201 849 atro
227 808 292 848 die
317 808 420 848 faxit
445 807 643 856 insciens,
675 806 802 860 probe
828 806 981 846 factum
1009 810 1108 845 esto.
1171 804 1205 844 si
1234 811 1353 844 nocte
1385 802 1472 844 sive

114 870 224 918 luce,
263 870 297 910 si
334 884 476 910 servus
515 869 601 909 sive
637 868 739 909 liber
775 868 894 915 faxit,
933 865 1059 920 probe
1090 866 1246 906 factum
1278 871 1378 906 esto.
1440 864 1474 905 si

115 932 280 972 :uitidca
317 938 482 972 senatus
519 930 779 984 populusque
815 929 981 969 iusserit
1016 928 1103 968 fieri
1139 942 1186 968 ae
1222 927 1387 976 faxitur,
1426 941 1474 967 eo

114 993 290 1047 populus
312 993 483 1041 solutus,
505 992 608 1032 liber
626 991 739 1032 esto.'
782 991 966 1031 eiusdem
991 990 1049 1030 rei
1075 1004 1200 1030 causa
1223 989 1310 1029 ludi
1334 988 1474 1042 magni

119 1055 199 1095 voti
224 1055 328 1095 acris
355 1054 545 1094 trecentis
573 1053 739 1107 triginta
759 1052 887 1093 tribus
909 1051 1073 1092 milibus
1095 1051 1286 1091 trecentis
1307 1050 1474 1104 triginta

114 1116 242 1157 tribus
269 1116 430 1164 triente,
463 1121 674 1169 practerea
699 1114 834 1155 bubus
859 1114 951 1155 Iovi
976 1113 1186 1162 trecentis,
1219 1112 1358 1152 multis
1384 1113 1473 1153 aliis

115 1178 219 1218 divis
246 1177 381 1218 bubus
408 1177 511 1217 albis
538 1175 660 1229 atque
686 1177 830 1217 ceteris
856 1176 1014 1216 hostiis.
1075 1175 1179 1216 votis
1211 1175 1285 1215 rite
1316 1189 1475 1215 nuncu-

113 1239 220 1294 patis
259 1239 502 1293 supplicatio
540 1239 690 1287 edicta3
735 1238 1093 1292 supplicatumque
1130 1236 1211 1277 iere
1249 1251 1342 1277 cum
1379 1251 1475 1277 con-

114 1301 281 1356 iugibus
324 1315 372 1341 ae
409 1300 552 1342 liberis
595 1315 678 1341 non
720 1299 878 1341 urbana
919 1299 1137 1339 multitudo
1175 1305 1352 1348 tantum,
1403 1299 1476 1339 sed

115 1363 341 1419 agrestium
374 1363 496 1403 etiam
528 1377 631 1415 quos
662 1363 703 1402 in
735 1363 872 1415 aliqua
898 1377 973 1402 sua
997 1362 1162 1402 fortuna
1186 1361 1352 1415 publica
1376 1375 1477 1414 quo-

118 1440 198 1478 que
242 1424 503 1479 contingebat
547 1439 656 1465 cura.
716 1432 802 1464 tum
845 1424 1139 1465 lectisternium
1182 1438 1255 1477 per
1296 1423 1476 1463 triduum

117 1487 302 1527 habitum
328 1487 570 1527 decemviris
598 1501 805 1527 sacrorum
833 1486 1083 1526 curantibus.
1145 1500 1217 1526 sex
1247 1485 1479 1539 pulvinaria

116 1550 157 1589 111
183 1555 407 1602 conspectu
432 1548 615 1589 fuerunt:
648 1549 738 1589 Iovi
763 1563 810 1589 ae
831 1548 977 1589 Iunoni
1002 1563 1149 1596 unum,
1176 1547 1349 1588 alterum
1368 1547 1478 1601 Nep-

117 1619 215 1651 tuno
259 1625 305 1651 ac
341 1610 575 1660 Minervae,
620 1611 783 1651 tertium
817 1610 945 1651 Marti
987 1625 1035 1651 ac
1072 1610 1242 1658 Veneri,
1286 1616 1477 1663 quartum

118 1673 303 1727 Apollini
327 1687 375 1713 ae
399 1673 581 1722 Dianae,
608 1673 796 1726 quintum
822 1673 1010 1714 Vulcano
1038 1687 1085 1714 ac
1111 1672 1283 1721 Vestae,
1313 1679 1475 1713 sextum

118 1734 326 1775 Mercurio
353 1741 392 1775 et
418 1734 571 1776 Cereri.
611 1744 718 1775 *tum
751 1736 873 1776 aedes
898 1743 1030 1776 votae.
1092 1734 1246 1776 Veneri
1270 1735 1477 1775 Erucinae

119 1797 262 1837 aedem
297 1796 349 1849 Q
381 1796 536 1838 Fabius
568 1797 781 1838 Maximus
819 1798 992 1838 dictator
1028 1797 1159 1846 vovit,
1203 1797 1299 1850 quia
1335 1797 1392 1837 ita
1427 1811 1477 1836 ex

118 1858 311 1899 fatalibus
337 1858 450 1899 libris
478 1859 631 1900 editum
652 1866 754 1908 erat,
782 1866 826 1899 ut
845 1859 880 1899 is
901 1870 1086 1908 voveret,
1114 1859 1229 1900 cuius
1250 1859 1477 1899 maximum

118 1921 335 1974 imperium
378 1920 421 1961 in
458 1921 621 1962 civitate
657 1930 784 1971 esset3
827 1921 961 1963 Menti
999 1922 1143 1962 aedem
1181 1921 1230 1962 T.
1272 1920 1475 1962 Otacilius

119 1989 280 2035 praetor
305 1983 429 2023 vovit.

204 2044 285 2084 XI.
345 2044 409 2084 Ita
433 2044 554 2086 rebus
581 2046 729 2087 divinis
755 2046 930 2100 peractis
957 2052 1042 2086 tum
1069 2045 1119 2086 (le
1144 2044 1251 2086 bello
1276 2059 1401 2097 reque
1426 2045 1476 2084 de.

121 2104 285 2157 publica
316 2106 488 2147 dictator
518 2108 689 2156 rettulit,
722 2107 871 2161 quibus
897 2115 1048 2160 quotve
1072 2107 1306 2162 legionibus
1333 2107 1477 2147 victori

121 2165 228 2206 hosti
264 2166 426 2207 obviam
463 2170 643 2209 eundum
680 2184 770 2210 esse
800 2176 936 2223 patres
969 2176 1193 2209 censerent.
1254 2169 1474 2217 decretum,

123 2235 167 2267 ut
193 2227 242 2268 ab
271 2227 347 2268 Cn.
377 2227 551 2271 Servilio
577 2232 745 2272 consule
771 2232 994 2271 exercitum
1026 2232 1246 2285 acciperet,
1281 2230 1476 2271 scriberet

121 2296 331 2342 practerea
362 2305 413 2330 cx
443 2291 601 2333 civibus
628 2293 832 2346 sociisque
858 2300 1056 2346 quantum
1082 2293 1264 2346 equitum
1291 2308 1338 2333 ae
1363 2293 1477 2347 pedi-

122 2360 209 2389 tum
242 2351 465 2401 videretur,
509 2360 643 2393 cetera
679 2355 815 2395 onmia
851 2361 990 2409 ageret
1026 2355 1260 2407 faceretque
1296 2362 1341 2395 ut
1377 2369 1398 2395 e
1434 2369 1477 2395 re

121 2412 287 2473 publica
319 2413 496 2454 duceret.
556 2415 711 2455 Fabius
738 2416 840 2457 (luas
865 2416 1049 2471 legiones
1077 2431 1119 2457 se
1146 2417 1400 2457 adiecturum
1425 2417 1477 2457 ad

123 2474 397 2515 Servilianum
423 2476 645 2517 exercitum
671 2478 784 2518 (lixit.
845 2479 894 2519 iis
926 2493 999 2532 per
1024 2479 1266 2533 magistrum
1294 2479 1476 2532 equitum

121 2536 281 2589 scriptis
315 2536 445 2578 Tibur
480 2539 588 2579 diem
626 2540 678 2580 ad
715 2541 1040 2581 conveniendum
1078 2541 1222 2590 edixit,
1261 2541 1475 2594 edictoque

119 2598 348 2651 proposito,
386 2606 429 2639 ut
460 2600 608 2653 quibus
641 2602 791 2655 oppida
822 2603 1068 2656 castellaque
1100 2603 1300 2643 imnunita
1325 2611 1474 2653 essent,

118 2666 162 2699 ut
193 2660 221 2699 ii
252 2661 569 2715 commigrarent
598 2663 639 2703 in
669 2664 759 2704 loca
790 2671 893 2713 tuta,
932 2680 982 2705 ex
1013 2665 1122 2719 agris
1155 2679 1317 2718 quoque
1348 2665 1477 2706 demi-

118 2728 283 2774 grarent
314 2723 446 2764 omnis
477 2724 656 2778 regionis
691 2725 797 2774 eius,
835 2741 917 2779 qua
948 2726 1077 2767 iturus
1110 2726 1322 2768 Hannibal
1352 2734 1473 2776 esset,

190 2787 250 2814 Livi
272 2789 324 2815 vol.
342 2789 372 2815 ΙΙ.
1228 2792 1249 2826 5

1502 1001 1517 1029 Ν]

1506 1746 1545 1774 10

1503 2180 1520 2209 10
