1815 3184
292 255 373 295 276
592 262 742 296 LIBER
766 262 914 307 XXVI,
943 264 1068 298 10.11.
1098 266 1146 307 [a.
1161 276 1195 299 u.
1213 276 1242 299 ο.
1256 265 1338 309 543]

247 380 264 409 6
292 366 425 406 media
456 364 554 405 urbe
586 365 756 406 transire
786 365 996 420 Esquilias
1033 366 1257 415 iusserunt,
1296 368 1428 409 nullos
1466 370 1640 423 aptiores

247 625 262 653 *Ἰ

223 1304 263 1333 10

242 1612 260 1641 Ν)

290 428 393 467 inter
429 426 634 467 convalles
671 433 858 480 tectaque
894 427 1103 468 hortorum
1145 435 1185 468 et
1221 429 1408 483 sepulcra
1445 436 1483 470 et
1520 445 1641 472 cavas

292 487 469 540 undique
495 488 582 528 vias
614 488 666 528 ad
695 488 963 542 pugnandum
994 488 1154 530 futuros
1185 490 1273 530 rati.
1334 505 1436 543 quos
1468 505 1562 531 cum
1592 506 1642 532 ex

290 564 380 590 arce
408 549 693 603 Capitolioque
720 550 824 591 clivo
850 550 1038 591 Publicio
1064 551 1106 590 in
1131 551 1246 604 equis
1277 552 1528 593 decurrentis
1554 554 1643 606 qui-

291 612 385 652 dam
416 611 634 661 vidissent,
673 619 837 666 captum
868 611 1123 653 Aventinum
1155 613 1523 655 conclamaverunt.
1596 629 1643 655 ea

288 688 353 714 res
385 679 543 714 tantum
575 673 793 714 tumultum
826 689 873 714 ac
905 674 1048 729 fugam
1077 674 1283 728 praebuit,
1327 682 1371 716 ut
1401 676 1480 716 nisi
1512 683 1644 717 castra

289 735 448 775 Punica
484 742 598 775 extra
635 735 777 776 urbem
810 736 1004 785 fuissent,
1043 737 1224 777 effusura
1256 752 1298 777 se
1330 738 1462 778 omnis
1493 738 1643 792 pavida

289 797 506 838 multitudo
531 797 671 838 fuerit:
699 806 794 838 tunc
820 798 861 838 in
886 799 1029 839 domos
1057 805 1178 852 atque
1197 799 1239 839 in
1259 806 1365 840 tecta
1383 799 1643 854 refugiebant

288 873 500 914 vagosque
536 859 578 899 in
619 859 696 900 viis
734 874 830 900 suos
867 860 1084 901 hostilibus
1127 860 1331 914 lapidibus
1375 861 1547 915 telisque
1582 861 1643 901 in-

290 920 518 961 cessebant.
556 935 630 961 nec
657 921 870 975 comprimi
889 921 1087 961 tumultus
1108 922 1335 975 aperirique
1356 937 1466 963 error
1485 929 1643 977 poterat

287 982 447 1023 refertis
473 982 686 1023 itineribus
718 983 942 1037 agrestium
974 984 1095 1023 turba
1122 998 1415 1037 pecorumque,
1453 998 1557 1037 quae
1582 998 1644 1023 re-

288 1043 479 1097 pentinus
505 1058 633 1098 pavor
663 1045 705 1084 in
737 1044 878 1085 urbem
907 1045 1170 1099 compulerat.
1232 1054 1418 1098 equestre
1444 1045 1642 1099 proelium

290 1105 515 1145 secundum
546 1106 624 1146 fuit
662 1107 936 1159 summotique
968 1107 1107 1147 hostes
1141 1113 1247 1147 sunt.
1309 1114 1348 1147 et
1378 1108 1473 1160 quia
1504 1107 1641 1147 multis

288 1166 388 1206 locis
415 1167 709 1221 comprimendi
735 1168 933 1208 tumultus
960 1175 1092 1216 erant,
1125 1169 1194 1221 qui
1219 1175 1370 1209 temere
1396 1168 1640 1216 oriebantur,

287 1228 440 1282 placuit
466 1244 606 1270 onmes
633 1230 702 1282 qui
728 1230 955 1275 dictatores,
973 1230 1160 1270 consules
1193 1244 1435 1271 censoresve
1467 1230 1643 1270 fuissent

289 1305 381 1330 curn
407 1291 577 1345 imperio
610 1306 719 1340 esse,
760 1292 890 1332 donec
920 1292 1158 1332 recessisset
1189 1307 1213 1332 a
1243 1293 1369 1332 muris
1400 1292 1542 1332 hostis.
1604 1298 1643 1331 et

288 1352 368 1392 diei
399 1353 509 1405 quod
540 1353 740 1406 reliquum
772 1353 850 1393 fuit
882 1360 921 1393 ct
951 1360 1068 1393 nocte
1094 1353 1324 1406 insequenti
1349 1353 1465 1394 multi
1492 1360 1642 1394 temere

289 1415 451 1455 excitati
477 1415 675 1456 tumultus
702 1422 797 1456 sunt
825 1415 1143 1469 compressique.

372 1476 455 1516 XI.
516 1476 689 1517 Postero
720 1477 784 1517 (lie
816 1483 1098 1530 transgressus
1130 1475 1334 1516 Anienem
1360 1476 1570 1517 Hannibal
1601 1477 1643 1516 in

288 1539 414 1579 aciem
442 1539 573 1578 omnis
600 1539 737 1592 copias
765 1538 921 1586 eduxit,
960 1552 1035 1578 nec
1059 1537 1234 1578 Flaccus
1261 1538 1532 1590 consulesque
1559 1553 1644 1578 cer-

288 1607 424 1640 tamen
449 1601 737 1640 detrectavere.
788 1600 996 1640 instructis
1018 1600 1206 1652 utrinque
1227 1600 1472 1641 exercitibus
1494 1601 1535 1640 in
1556 1600 1642 1640 eius

287 1676 452 1715 pugnae
477 1676 636 1710 casum,
665 1662 706 1701 in
732 1676 813 1714 qua
837 1661 934 1702 urbs
950 1662 1083 1702 Roma
1103 1662 1246 1702 victori
1272 1662 1499 1716 praemium
1520 1669 1641 1711 esset,

287 1723 417 1763 imber
441 1724 586 1777 ingens
613 1724 811 1778 grandine
838 1724 989 1763 mixtus
1020 1724 1076 1764 ita
1106 1730 1321 1777 utramque
1352 1724 1481 1764 aciem
1506 1724 1644 1765 turba-

286 1785 361 1832 vit,
394 1794 438 1825 nt
463 1785 531 1825 vix
557 1786 680 1827 armis
706 1785 873 1826 retentis
900 1786 940 1825 in
966 1793 1099 1826 castra
1126 1801 1215 1827 sese
1241 1787 1466 1840 receperint
1491 1786 1641 1827 nullius

286 1847 344 1887 rei
379 1848 535 1888 minore
571 1862 693 1900 quam
731 1848 911 1888 hostium
947 1855 1070 1888 metii.
1133 1855 1172 1888 et
1206 1855 1371 1902 postero
1402 1849 1466 1889 die
1498 1849 1642 1889 eodem

286 1909 376 1949 loco
402 1910 509 1950 acies
536 1910 755 1951 instructas
782 1911 925 1951 eadem
951 1916 1172 1964 tempestas
1199 1910 1372 1950 diremit.
1432 1909 1503 1950 ubi
1533 1925 1643 1951 rece-

286 1971 442 2024 pissent
481 1986 523 2012 50
560 1972 601 2011 in
638 1978 794 2020 castra,
845 1972 948 2012 mira
985 1972 1179 2012 serenitas
1224 1986 1317 2012 cum
1352 1972 1643 2024 tranquillitate

288 2033 504 2073 oriebatur.
564 2033 605 2073 in
642 2033 880 2088 religionem
919 2049 966 2074 ea
996 2048 1060 2074 res
1093 2041 1191 2088 aput
1221 2033 1385 2074 Poenos
1418 2048 1537 2073 versa
1568 2041 1641 2081 est,

288 2095 508 2147 auditaque
544 2110 625 2135 vox
660 2094 908 2136 Hannibalis
946 2095 1096 2144 fertur,
1146 2095 1368 2149 potiundae
1411 2095 1488 2135 sibi
1530 2095 1641 2136 urbis

288 2156 446 2196 Romae
471 2157 592 2197 modo
618 2164 797 2197 mentem
823 2172 906 2197 non
927 2157 1032 2205 dari,
1060 2158 1182 2198 modo
1203 2156 1421 2197 fortunam.
1461 2157 1642 2197 minuere

288 2219 409 2258 etiam
436 2234 551 2272 spem
583 2219 670 2259 eius
702 2226 741 2259 et
773 2219 892 2268 aliae,
930 2234 1057 2273 parva
1082 2234 1331 2274 magnaque,
1370 2234 1452 2259 res:
1492 2234 1644 2274 magna

287 2280 373 2329 illa,
411 2281 539 2333 quod,
578 2295 671 2321 cum
706 2282 795 2335 ipse
832 2282 883 2321 ad
919 2281 1081 2321 moenia
1117 2281 1229 2322 urbis
1267 2281 1425 2322 Romae
1462 2287 1642 2321 armatus

289 2343 464 2391 sederet,
503 2343 651 2383 milites
685 2343 760 2383 sub
787 2343 946 2383 vexillis
978 2344 1019 2383 in
1052 2343 1382 2397 supplementum
1414 2343 1643 2397 Hispaniae

289 2404 493 2457 profectos
531 2405 676 2454 audiit3
725 2420 853 2459 parva
889 2412 1042 2454 autem,
1082 2406 1193 2457 quod
1228 2420 1301 2459 per
1331 2420 1399 2445 eos
1431 2405 1518 2445 dies
1550 2419 1644 2445 eum

288 2466 390 2506 forte
417 2482 579 2521 agrum,
612 2467 653 2507 in
679 2482 759 2520 quo
786 2468 872 2521 ipse
900 2475 1033 2507 castra
1058 2467 1244 2516 haberet,
1278 2467 1440 2507 venisse
1466 2466 1566 2506 nihil
1591 2465 1643 2507 ob

289 2527 329 2566 id
355 2528 563 2569 deminuto
594 2529 722 2583 pretio
754 2529 963 2584 cognitum
996 2544 1045 2568 ex
1071 2530 1250 2582 quodam
1282 2529 1442 2582 captivo
1468 2535 1542 2568 est.
1602 2528 1644 2567 id

289 2604 385 2629 vero
422 2591 524 2631 adeo
562 2591 784 2644 superbum
822 2598 943 2644 atque
980 2589 1194 2645 indignum
1230 2591 1383 2638 visum,
1428 2590 1515 2630 eius
1554 2589 1640 2636 soli,

290 2651 399 2702 quod
423 2651 512 2704 ipse
537 2651 644 2693 bello
670 2660 834 2706 captum
865 2653 1094 2707 possideret
1124 2653 1392 2705 haberetque,
1431 2652 1640 2691 inventum

291 2710 446 2752 Romae
473 2721 715 2767 emptorem,
754 2721 797 2753 ut
824 2714 1028 2767 extemplo
1054 2721 1199 2754 vocato
1223 2727 1424 2767 praecone
1449 2711 1639 2751 tabernas
