1815 3184
470 226 622 260 LIBER
647 225 758 267 XXI,
784 224 838 258 25.
857 224 912 257 26.
940 226 987 266 [a.
1003 221 1040 256 C.
1056 222 1138 266 218]
1431 211 1480 249 21

132 331 216 371 nita
241 337 297 379 et,
330 330 426 383 quia
452 328 583 371 Gallis
610 329 661 369 ad
687 327 924 381 temptanda
954 341 1002 366 ea
1033 324 1164 365 defuit
1195 337 1307 377 spes,
1344 321 1486 362 refecti

133 400 226 433 sunt
252 393 424 433 militum
451 391 593 440 animi,
620 405 868 444 quamquam
895 389 947 429 ad
972 397 1024 419 Η
1049 386 1247 427 cecidisse
1274 384 1372 425 satis
1393 398 1488 423 con-

132 454 278 495 stabat.
338 454 414 494 iter
449 453 596 493 deinde
633 453 683 492 de
718 452 877 505 integro
909 457 1117 503 coeptum,
1154 462 1248 496 nec,
1287 446 1383 486 dum
1415 460 1487 499 per

131 516 311 571 patentia
337 515 426 555 loca
451 514 677 555 ducebatur
702 529 870 568 agmen,
897 511 1085 566 apparuit
1114 509 1263 550 hostis:
1300 507 1371 548 ubi
1401 522 1487 547 rur-

133 593 202 619 sus
229 578 355 618 silvae
381 577 570 625 intratae,
597 584 683 616 tum
709 583 937 629 postremos
964 572 1094 613 adorti
1119 586 1212 612 cum
1238 585 1389 624 magna
1409 576 1488 609 tre-

130 640 337 694 pidatione
363 654 410 679 ac
441 653 591 693 pavore
623 638 804 677 omnium
837 636 1116 690 septingentos
1149 633 1297 673 milites
1329 631 1488 672 occide-

132 709 242 750 runt,
287 716 359 741 sex
397 701 515 755 signa
551 700 751 740 ademere.
811 698 904 738 finis
947 705 987 738 et
1023 695 1154 737 Gallis
1198 694 1406 735 territandi
1449 699 1488 732 et

132 763 309 818 pavendi
345 763 423 802 fuit
458 762 675 809 Romanis,
721 767 764 800 ut
800 776 821 800 e
861 759 966 800 saltu
1002 759 1112 799 invio
1150 765 1270 810 atque
1307 755 1488 810 inpedito

133 839 311 865 evasere.
365 824 459 864 inde
485 823 636 877 apertis
662 823 761 862 locis
788 822 907 862 facile
934 827 1111 860 tutantes
1138 833 1287 873 agmen
1312 817 1489 858 Romani

133 887 384 934 Tannetum,
422 886 558 925 vicum
589 884 834 938 propincum
866 882 1000 930 Pado,
1039 881 1296 922 contendere.
1356 879 1413 919 ibi
1445 893 1487 918 se

132 949 382 989 munimento
408 947 459 987 ad
485 953 646 1000 tempus
674 943 1051 995 commeatibusque
1070 941 1249 982 fluminis
1271 948 1309 981 et
1329 940 1489 980 Brixia-

131 1025 275 1050 norum
297 1010 416 1049 etiam
435 1007 648 1049 Gallorum
670 1006 821 1047 auxilio
843 1006 1040 1046 adversus
1063 1010 1313 1045 crescentem
1334 1003 1376 1042 in
1400 1002 1487 1042 dies

132 1071 433 1112 multitudinem
458 1070 638 1110 hostium
665 1068 915 1108 tutabantur.
1385 1056 1387 1059 ι

214 1132 388 1174 XXVI.
445 1131 527 1184 Qui
560 1131 756 1173 tumultus
788 1145 935 1184 repens
967 1134 1188 1182 postquam
1220 1133 1282 1167 est
1311 1125 1488 1166 Romam

130 1196 328 1250 perlatus,
362 1202 401 1235 et
425 1194 631 1234 Punicum
656 1193 824 1246 insuper
850 1190 1010 1232 Gallico
1043 1190 1196 1230 bellum
1227 1195 1392 1229 auctum
1417 1202 1490 1242 pa-

131 1266 211 1299 tres
243 1264 505 1312 acceperunt,
546 1256 594 1297 C.
626 1255 801 1297 Atilium
832 1261 1062 1308 praetorem
1093 1267 1185 1292 cum
1217 1266 1300 1291 una
1328 1249 1489 1305 legione

131 1320 317 1361 Romana
349 1326 387 1361 et
412 1319 591 1372 quinque
616 1317 781 1359 milibus
809 1316 1011 1356 sociorum
1038 1315 1189 1355 dilectu
1213 1327 1320 1354 novo
1346 1328 1369 1353 a
1395 1327 1490 1352 con-

132 1382 219 1423 sule
256 1381 496 1435 conscriptis
533 1380 730 1422 auxilium
769 1379 875 1419 ferre
905 1377 1064 1418 Manlio
1101 1376 1262 1423 iubent,
1300 1374 1370 1427 qui
1402 1374 1488 1414 sine

132 1443 214 1484 ullo
240 1443 459 1484 certamine
485 1467 537 1471 -—
564 1441 849 1482 abscesserant
875 1440 982 1480 enim
1008 1445 1121 1479 metu
1145 1437 1285 1478 hostes
1305 1462 1357 1466 —
1380 1435 1490 1476 Tan-

134 1512 271 1545 netum
297 1505 492 1559 pervenit.

216 1567 273 1607 Et
296 1567 345 1607 P.
368 1566 584 1607 Cornelius
610 1566 651 1606 in
676 1565 812 1606 locum
838 1565 944 1611 eiu&
972 1579 1077 1617 quae
1103 1564 1230 1604 missa
1255 1577 1349 1602 cum
1374 1575 1491 1615 prae-

134 1637 217 1669 tore
251 1636 353 1677 erat,
392 1629 542 1683 scripta
572 1628 733 1683 legione
764 1643 871 1668 nova
901 1627 1110 1681 profectus
1148 1625 1199 1666 ab
1238 1624 1336 1664 urbe
1374 1638 1492 1664 sexa-

133 1691 247 1746 ginta
276 1691 409 1745 longis
440 1690 614 1731 navibus
645 1696 806 1744 praeter
836 1705 947 1730 oram
979 1689 1171 1729 Etruriae
1201 1687 1490 1741 Ligurumque

134 1761 172 1793 et
197 1753 290 1793 inde
319 1751 534 1794 Saluvium
559 1753 707 1793 montis
732 1752 917 1806 pervenit
943 1750 1175 1791 Massiliam
1201 1756 1240 1789 et
1264 1749 1317 1789 ad
1342 1762 1492 1802 proxu-

134 1830 245 1855 mum
271 1815 421 1855 ostium
446 1815 638 1855 Rhodani
663 1840 716 1843 —ffl
741 1813 926 1868 pluribus
959 1813 1067 1853 enim
1099 1812 1255 1852 divisus
1287 1810 1418 1851 amnis
1450 1809 1491 1849 in

134 1891 244 1917 mare
270 1876 446 1917 decurrit
472 1901 524 1937 —‚—
551 1884 683 1917 castra
707 1876 832 1925 locat,
859 1876 1028 1916 vixdum
1056 1875 1154 1915 satis
1181 1873 1350 1914 credens
1376 1872 1494 1912 Han-

135 1938 310 1979 nibalem
343 1954 560 1992 superasse
591 1938 827 1993 Pyrenaeos
858 1938 1021 1978 montis.
1077 1951 1199 1990 quem
1232 1942 1275 1975 ut.
1305 1935 1356 1974 de
1381 1933 1493 1974 Rho-

136 2001 230 2040 dani
255 2015 417 2054 quoque
443 2001 615 2041 transitu
641 2001 795 2055 agitare
827 2000 1131 2047 animadvertit,
1163 1999 1360 2045 incertus,
1393 2010 1494 2048 quo-

137 2077 231 2101 nam
257 2063 292 2102 ei
318 2063 406 2103 loco
432 2069 678 2111 occurreret,
705 2063 880 2102 necdum
902 2061 1000 2101 satis
1020 2060 1183 2101 refectis
1205 2059 1256 2099 ab
1276 2057 1493 2098 iactatione

139 2123 354 2164 marituma
379 2124 575 2164 militibus
596 2131 798 2165 trecentos
819 2124 980 2164 interim
1001 2122 1181 2162 delectos
1202 2120 1359 2173 equites
1380 2118 1494 2159 duci-

138 2185 215 2224 bus
247 2184 578 2226 Massiliensibus
616 2193 655 2226 et
691 2185 958 2226 auxiliaribus
991 2183 1124 2225 Gallis
1161 2183 1213 2223 ad
1244 2181 1494 2235 exploranda

139 2247 275 2286 omnia
305 2247 580 2300 visendosque
612 2262 662 2287 ex
694 2255 779 2288 tuto
810 2248 950 2288 hostes
987 2245 1220 2300 praemittit.
1281 2242 1492 2284 Hannibal

140 2308 283 2348 ceteris
310 2316 420 2349 metu
445 2317 515 2348 aut
539 2309 668 2362 pretio
692 2310 847 2363 pacatis
873 2309 955 2349 iam
982 2309 1023 2348 in
1048 2307 1271 2348 Volcarum
1297 2319 1494 2359 pervene-

140 2377 201 2409 rat
226 2385 389 2424 agrum,
421 2370 554 2425 gentis
580 2371 751 2411 validae.
802 2371 940 2411 colunt
973 2377 1110 2410 autem
1142 2369 1249 2410 cirea
1279 2376 1494 2420 utramque

140 2432 269 2485 ripam
295 2432 503 2481 Rhodani,
542 2433 615 2473 sed
645 2432 772 2472 diffisi
802 2433 985 2473 citeriore
1017 2446 1115 2486 agro
1147 2431 1274 2471 arceri
1305 2429 1494 2470 Poenum

140 2509 279 2547 posse,
307 2503 349 2534 ut
368 2495 518 2534 fiumen
538 2510 610 2549 pro
631 2495 882 2535 munimento
906 2494 1122 2542 haberent,
1149 2492 1339 2534 omnibus
1367 2493 1494 2533 ferme

142 2556 225 2595 suis
263 2568 373 2596 trans
411 2556 659 2596 Rhodanum
702 2557 879 2597 traiectis
923 2556 1157 2597 ulteriorem
1193 2555 1325 2609 ripam
1362 2554 1494 2595 amnis

141 2617 263 2657 armis
301 2617 550 2659 obtinebant.
605 2625 761 2659 ceteros
798 2618 958 2659 accolas
994 2617 1174 2658 fluminis
1206 2616 1418 2658 Hannibal
1456 2623 1495 2656 et

143 2693 282 2719 eorum
308 2680 507 2734 ipsorum,
534 2695 637 2734 quos
664 2681 782 2722 sedes
810 2695 907 2722 suae
932 2687 1164 2729 tenuerant,
1192 2679 1312 2721 simul
1339 2679 1496 2733 perlicit

1516 706 1554 735 13

1518 892 1555 920 14

1516 1263 1533 1291 10

1522 2629 1538 2657 7
