1815 3184
497 210 648 244 LIBER
672 210 820 254 xxm,
846 210 878 246 5.
900 210 930 245 9.
958 212 1006 253 [a,
1022 208 1060 244 e.
1075 209 1157 252 216]
1426 200 1501 240 121

154 321 360 355 0311531110.
423 313 518 354 50115
550 314 678 354 ferme
710 329 859 354 occasu
889 320 1045 367 patrem
1080 312 1297 353 Calavium
1328 327 1379 352 ex
1410 326 1505 352 0011-
1531 326 1549 355 5

129 377 262 416 'vivio
294 391 506 430 egressum
545 382 709 416 secutus
742 376 866 424 filius3
906 375 975 415 ubi
1006 375 1047 414 in
1079 381 1280 414 secretum
1305 373 1505 413 —hortus

154 444 238 478 erat
263 437 431 491 posticis
463 437 625 477 aedium
656 437 840 491 partibus
866 461 899 465 —
923 443 1215 490 pervenerunt,
1256 435 1505 475 ‘consilium'

154 499 283 552 inquit.
310 499 480 546 ‘adfero,
508 506 634 552 pater,
661 514 741 551 quo
762 514 843 538 non
868 499 1030 539 veniam
1051 498 1182 538 solum
1202 498 1371 551 peccati,
1399 499 1507 550 quod

154 561 380 601 defecimus
413 561 464 600 ad
490 560 787 610 Hannibalem,
826 560 1079 614 impetraturi
1112 559 1162 600 ab
1188 559 1406 608 Romanis,
1446 567 1507 600 set

154 623 196 662 in
221 622 349 662 multo
375 622 526 662 maiore
553 622 749 676 dignitate
776 629 815 662 01
839 622 970 676 gratia
996 622 1123 661 simus
1157 620 1359 675 Campani
1384 635 1506 673 quam

155 698 349 736 umquam
386 683 570 723 fuimus'.
632 698 726 723 cum
762 683 1030 724 mirabundus
1067 690 1200 736 pater,
1238 683 1434 736 quidnam
1466 683 1507 722 id

154 752 261 785 esset
288 745 458 793 consilii,
486 751 715 798 quaereret,
742 751 839 799 toga
863 745 1013 785 reiecta
1038 744 1089 784 ab
1116 759 1256 784 umero
1282 744 1388 783 latus
1417 759 1508 784 suc-

155 807 334 846 cinctum
359 806 497 860 gladio
522 807 662 846 nudat.
713 806 811 846 ‘iam
838 806 932 860 ego'
958 806 1090 858 inquit
1116 805 1333 859 ‘sanguine
1348 805 1509 845 Hanni-

155 868 257 908 balis
285 868 465 908 sanciam
491 868 725 908 Romanum
756 868 913 907 foedus.
975 874 1013 906 10
1044 867 1086 906 1(1
1111 867 1222 920 prius
1256 867 1357 907 seire
1383 866 1506 914 volui,

156 930 189 970 si
215 929 318 969 forte
345 929 508 977 abesse,
536 929 633 968 dum
658 929 818 968 facinus
844 935 1046 982 patratur,
1073 928 1247 969 malles’.

240 990 383 1031 VIIII.
435 989 553 1042 Quae
579 989 648 1029 ubi
675 990 830 1029 audivit
855 990 1036 1042 viditque
1057 1004 1201 1038 senex,
1229 990 1339 1029 velut
1369 989 1402 1029 si
1426 989 1508 1029 iam

155 1052 325 1106 agendis
357 1066 461 1103 quae
493 1051 685 1091 audiebat
715 1051 948 1099 interesset,
993 1065 1134 1091 amens
1166 1056 1278 1090 metu
1311 1055 1400 1103 ‘per
1431 1065 1508 1104 ego

153 1114 223 1162 te,'
245 1113 384 1166 inquit
417 1113 508 1160 ‘fili,
547 1127 829 1165 quaecumque
861 1113 950 1152 iura
979 1112 1129 1152 liberos
1161 1112 1335 1166 iungunt
1365 1126 1509 1165 paren-

153 1175 282 1224 tibus,
321 1189 465 1228 precor
489 1189 744 1227 quaesoque,
782 1189 832 1215 ne
864 1181 957 1215 ante
989 1174 1129 1215 oculos
1155 1174 1282 1228 patris
1309 1173 1444 1214 faeere
1470 1180 1509 1213 et

152 1237 236 1290 pati
262 1237 398 1276 onmia
422 1236 591 1276 infanda
616 1236 731 1277 velis.
793 1251 949 1290 paucae
976 1236 1099 1277 horae
1126 1243 1238 1285 sunt,
1276 1236 1381 1275 intra
1406 1250 1507 1288 quas

153 1299 332 1338 iurantes
358 1312 430 1351 per
449 1298 648 1350 quidquid
666 1298 836 1338 deorum
857 1305 936 1346 est,
964 1298 1130 1338 dextrae
1151 1298 1315 1338 dextras
1336 1297 1510 1352 iungen-

153 1368 213 1399 tes
240 1360 360 1399 fidem
393 1359 686 1400 obstrinximus
712 1385 744 1388 —
769 1368 813 1400 ut
839 1366 1018 1401 sacratas
1050 1360 1129 1400 fide
1161 1374 1306 1400 manus
1334 1359 1509 1414 digressi

155 1437 178 1461 a
209 1421 425 1473 conloquio
457 1421 662 1475 extemplo
698 1422 741 1462 in
777 1437 871 1462 eum
908 1422 1186 1462 armaremus?
1234 1421 1284 1461 ab
1316 1420 1508 1475 hospitali

155 1497 297 1522 mensa
322 1483 475 1536 surgis,
504 1483 555 1522 ad
580 1498 703 1535 quam
730 1484 871 1523 tertius
895 1483 1203 1537 Campanorum
1230 1482 1437 1523 adhibitus
1465 1497 1507 1522 05

156 1544 206 1584 ab
232 1544 486 1592 Hannibale,
521 1551 563 1584 ut
589 1560 678 1584 03111
702 1545 836 1598 ipsam
863 1560 1047 1585 mensam
1075 1552 1308 1585 cruentares
1335 1544 1508 1597 hospitis

156 1606 380 1659 sanguine?
405 1605 682 1645 Hannibalem
703 1614 818 1660 pater
837 1607 919 1647 filio
938 1622 1029 1647 meo
1044 1607 1159 1660 potui
1178 1606 1358 1660 placare,
1380 1606 1508 1646 filium

156 1667 381 1707 Hannibali
412 1682 495 1707 non
525 1668 726 1721 possum?
775 1676 836 1708 set
867 1669 916 1708 sit
947 1669 1048 1708 nihil
1086 1669 1232 1716 5311011,
1276 1683 1356 1708 11011
1392 1667 1507 1715 fides,

155 1745 237 1769 non
262 1730 422 1783 religio,
456 1744 537 1769 non
561 1729 710 1783 pietas,
739 1730 965 1770 audeantur
989 1730 1176 1777 infanda,
1211 1730 1244 1769 si
1269 1744 1350 1770 non
1375 1729 1510 1783 perni-

156 1791 258 1831 010111
295 1791 412 1831 nobis
457 1805 549 1830 011111
592 1791 743 1831 5001010
785 1791 933 1831 ferunt.
1005 1806 1112 1831 1111115
1155 1791 1427 1845 adgressurus
1465 1805 1507 1830 05

156 1852 459 1891 Hannibalem?
506 1852 604 1904 quid
629 1852 698 1892 illa
722 1852 841 1892 turba
866 1858 924 1892 tot
948 1852 1168 1892 liberorum
1202 1865 1506 1903 servorumque,

156 1915 254 1966 quid
285 1915 326 1954 in
359 1929 485 1954 unum
518 1915 660 1954 intenti
692 1916 875 1955 onmium
902 1915 1026 1962 001111,
1064 1915 1162 1968 quid
1194 1922 1252 1955 tot
1282 1915 1450 1954 dextrae
1476 1939 1507 1942 —

157 1983 388 2030 torpescent
408 1977 447 2016 in
469 1977 645 2016 amentia
664 1977 756 2016 illa?
786 1977 940 2017 voltum
960 1977 1089 2031 ipsius
1104 1976 1365 2025 Hannibalis,
1387 1991 1507 2029 quem

157 2038 300 2077 armati
326 2038 527 2078 exereitus
555 2038 755 2078 sustinere
781 2046 1006 2090 nequeunt,
1033 2054 1155 2090 quem
1175 2039 1309 2078 horret
1330 2038 1507 2092 populus

177 2100 387 2147 1011131135,
415 2108 458 2139 111
484 2099 729 2139 sustinebis?
765 2107 809 2139 ut
834 2100 912 2140 alia
938 2100 1090 2140 auxilia
1111 2100 1263 2140 desint:
1290 2114 1354 2139 me
1373 2100 1509 2152 ipsum

157 2161 277 2201 ferire
304 2175 452 2214 corpus
484 2176 621 2201 meum
653 2168 926 2214 opponentem
957 2176 1030 2215 pro
1063 2176 1230 2215 corpore
1261 2160 1508 2201 Hannibalis

160 2223 408 2264 sustinebis?
444 2233 565 2276 atque
585 2239 658 2277 per
674 2239 809 2264 meum
829 2232 972 2277 peetus
992 2225 1193 2278 petendus
1212 2224 1279 2264 ille
1294 2223 1365 2263 tibi
1380 2230 1509 2263 trans-

157 2286 430 2340 figendusque
456 2292 529 2325 est.
580 2293 641 2325 set
666 2285 731 2325 hie
752 2292 790 2325 te
810 2286 1001 2326 deterreri
1023 2286 1109 2326 sine
1128 2286 1264 2339 potius
1285 2300 1406 2337 quam
1428 2285 1509 2324 illie

157 2347 282 2395 vinei,
320 2347 481 2386 valeant
507 2361 648 2400 preces
676 2353 773 2400 aput
797 2353 835 2386 te
861 2361 976 2387 meae
1003 2347 1107 2387 sicut
1131 2362 1205 2401 pro
1231 2353 1268 2386 te
1295 2346 1414 2386 hodie
1441 2361 1510 2386 va-

158 2408 346 2448 lucrunt'.
385 2408 664 2448 lacrimantem
689 2408 783 2448 inde
802 2408 992 2448 iuvenem
1013 2423 1181 2449 cernens
1207 2408 1388 2448 medium
1413 2422 1509 2447 con-

158 2470 345 2523 plectitur
376 2476 497 2521 atque
528 2469 668 2510 osculo
700 2469 871 2510 haerens
902 2485 985 2510 non
1010 2478 1102 2510 ante
1132 2470 1322 2524 precibus
1354 2469 1507 2509 abstitit

157 2546 280 2584 quam
306 2532 494 2585 pervicit,
534 2538 576 2571 111
601 2531 784 2586 gladium
808 2539 978 2586 poneret
1007 2532 1211 2584 fidemque
1237 2532 1369 2580 daret,
1406 2531 1506 2570 nihil

157 2593 360 2633 facturum
394 2593 485 2633 tale.
553 2600 637 2632 tum
671 2593 829 2633 iuvenis
863 2598 959 2647 ‘ego
990 2593 1172 2646 quidem'
1204 2593 1335 2645 inquit
1367 2596 1506 2645 ‘quam

158 2656 310 2709 patriae
359 2655 489 2696 debeo
530 2655 721 2709 pietatem
738 2686 747 2703 ,
797 2655 1006 2696 exsolvam
1051 2655 1167 2709 patri.
1239 2662 1350 2694 tuam
1389 2653 1507 2694 doleo

1533 453 1549 479 9

1536 816 1575 845 10

1538 1062 1555 1090 [ό

1538 2605 1576 2634 10

1536 2668 1570 2696 11
