1815 3184
337 240 388 280 76
685 248 840 281 LIBER
865 247 995 290 XXII,
1022 248 1074 281 22.
1104 250 1199 290 [au.
1217 249 1341 291 0537]

333 352 445 391 nium
476 350 705 404 Hispaniae
741 349 986 403 populorum
1023 349 1180 390 animos
1217 349 1463 399 morabatur,
1505 367 1557 392 ne
1594 368 1686 393 san-

334 413 457 466 guine
484 412 659 452 liberum
685 426 851 451 suorum
878 410 997 464 eulpa
1023 411 1262 451 defectionis
1288 411 1476 452 lueretur.

292 488 308 515 u
419 473 485 513 Eo
511 472 674 513 vinculo
698 472 948 526 Hispaniam
980 473 1042 512 vir
1071 487 1177 513 unus
1204 472 1382 514 sollertia
1406 475 1538 528 magis
1564 489 1685 528 quam

335 534 445 574 fideli
476 534 646 575 consilio
672 534 858 574 exsolvit.
918 533 1087 574 Abelux
1119 540 1203 575 erat
1231 533 1407 589 Sagunti
1435 535 1583 576 nobilis
1609 536 1688 576 Hi-

335 611 506 649 spanus,
543 595 650 636 fidus
682 602 776 635 ante
800 595 973 644 Poenis,
1011 604 1116 644 tum,
1153 596 1291 648 qualia
1321 596 1562 650 plerumque
1593 604 1688 638 sunt

288 672 304 700 7
332 656 599 697 barbarorum
624 657 808 711 ingenia,
835 671 927 697 eum
954 657 1119 697 fortuna
1143 665 1370 698 mutaverat
1395 657 1530 699 fidem.
1581 666 1688 699 cete-

332 733 423 758 rum
449 718 707 773 transfugam
734 718 819 759 sine
844 733 1018 773 magnae
1043 719 1103 759 rei
1127 720 1354 773 proditione
1379 720 1611 761 venientem
1635 721 1687 761 ad

331 779 461 820 hostis
494 780 595 819 nihil
627 780 738 820 aliud
769 794 891 832 quam
923 795 1051 820 unum
1081 781 1161 821 vile
1193 787 1315 834 atque
1350 781 1503 822 infame
1539 796 1686 836 corpus

331 856 422 881 esse
447 848 578 890 ratus,
612 842 654 882 id
679 841 846 896 agebat,
879 850 923 882 ut
948 856 1070 895 quam
1096 858 1337 883 maxumum
1368 843 1687 884 emolumentum

288 916 307 946 8
334 904 451 944 novis
491 904 611 945 sociis
650 910 770 944 esset.
832 904 1137 958 circumspectis
1174 905 1299 959 igitur
1335 905 1544 954 omnibus,
1583 920 1687 958 quae

332 965 498 1006 fortuna
532 966 747 1020 potestatis
780 966 867 1006 eius
898 972 1057 1020 poterat
1088 966 1241 1016 facere,
1280 967 1492 1008 obsidibus
1524 967 1688 1021 potissi-

331 1042 445 1067 mum
476 1027 684 1068 tradendis
717 1027 900 1067 animum
931 1028 1096 1076 adiecit,
1135 1043 1225 1068 eam
1250 1043 1375 1068 unam
1398 1043 1485 1069 rem
1511 1029 1687 1069 maxime

332 1096 445 1129 ratus
477 1089 784 1129 conciliaturam
808 1089 1007 1129 Romanis
1039 1090 1269 1143 principum
1294 1090 1523 1144 Hispaniae
1548 1091 1688 1130 amici-

289 1165 306 1194 9
332 1151 443 1190 tiam.
489 1151 562 1191 sed
587 1166 681 1191 cum
706 1151 867 1191 iniussu
884 1151 1071 1192 Bostaris
1095 1151 1292 1205 praefecti
1318 1152 1416 1193 satis
1443 1152 1563 1192 sciret
1587 1152 1687 1192 nihil

333 1211 539 1253 obsidium
575 1213 766 1254 custodes
803 1213 983 1254 facturos
1021 1228 1131 1262 esse,
1176 1213 1393 1254 Bostarem
1429 1214 1564 1268 ipsum
1602 1220 1687 1254 arte

267 1287 307 1317 10
332 1274 580 1328 adgreditur.
641 1281 775 1315 castra
816 1282 930 1315 extra
972 1274 1114 1315 urbem
1156 1275 1198 1315 in
1232 1275 1322 1328 ipso
1358 1276 1473 1316 litore
1509 1275 1687 1316 habebat

330 1335 494 1384 Bostar,
522 1343 565 1375 ut
589 1336 745 1376 aditum
771 1350 819 1376 ca
844 1350 895 1376 ex
919 1344 1033 1390 parte
1059 1336 1345 1377 intercluderet
1369 1337 1581 1378 Romanis.
1630 1336 1686 1377 ibi

333 1412 426 1437 eum
456 1397 499 1437 in
525 1404 726 1437 secretum
752 1397 975 1438 abductum
1001 1398 1111 1438 velut
1136 1398 1392 1452 ignorantem
1417 1404 1573 1446 monet,
1607 1412 1687 1450 quo

267 1474 302 1501 11
334 1466 442 1499 statu
474 1459 525 1498 sit
555 1473 639 1499 res:
678 1467 832 1499 metum
864 1459 1112 1500 continuisse
1144 1460 1197 1499 ad
1228 1474 1318 1500 eam
1343 1460 1451 1500 diem
1476 1459 1687 1513 Hispano-

329 1536 419 1561 rum
445 1521 623 1569 animos,
656 1521 751 1573 quia
776 1520 917 1574 procul
942 1520 1119 1561 Romani
1144 1520 1335 1561 abessent
1345 1536 1355 1570 3
1391 1536 1501 1561 1111110
1526 1521 1584 1562 015
1609 1521 1688 1561 Η1-

332 1582 474 1623 berum
511 1589 644 1623 castra
679 1582 868 1623 Romana
905 1597 996 1623 esse
1033 1597 1168 1623 arcem
1205 1589 1335 1622 tutam
1369 1583 1686 1637 perfugiumque

330 1660 458 1685 novas
502 1644 732 1685 volentibus
774 1660 852 1685 res.
912 1645 1049 1697 itaque
1093 1659 1194 1698 quos
1237 1651 1371 1685 metus
1413 1659 1496 1685 non
1537 1652 1684 1693 teneat,

265 1706 529 1749 12be11eficio
567 1714 605 1747 et
646 1707 779 1761 gratia
822 1706 1113 1747 devinciendos
1156 1721 1259 1747 esse.
1326 1706 1488 1747 miranti
1523 1707 1688 1747 Bostari

329 1768 710 1823 percunctantique,
750 1769 957 1821 quodnam
988 1769 1030 1808 id
1062 1767 1241 1809 subitum
1273 1776 1408 1808 tantae
1439 1768 1498 1808 rei
1534 1769 1685 1808 donum

266 1845 304 1874 13
330 1838 471 1884 posset
503 1845 612 1879 esse,
652 1830 853 1871 ‘obsides'
884 1830 1015 1883 inquit
1048 1830 1108 1870 ‘in
1133 1830 1318 1871 civitates
1343 1831 1514 1870 remitte.
1574 1831 1616 1870 id
1649 1838 1687 1870 et

329 1892 520 1945 privatim
544 1891 803 1945 parentibus,
837 1906 1010 1944 quorum
1036 1906 1277 1931 maxumum
1303 1906 1453 1932 nomen
1479 1892 1520 1931 in
1545 1892 1686 1932 civita-

265 1968 305 1995 14
331 1953 438 1994 tibus
471 1960 533 1993 est
565 1953 668 2001 suis,
708 1960 747 1993 et
776 1951 939 2006 publice
970 1952 1131 2006 populis
1157 1960 1319 2007 gratum
1347 1953 1432 1993 erit.
1492 1953 1576 1993 volt
1608 1952 1686 1993 sibi

330 2015 504 2068 quisque
549 2015 658 2055 credi
695 2021 734 2055 et
769 2014 909 2054 habita
945 2014 1046 2055 fides
1083 2014 1216 2068 ipsam
1253 2014 1493 2068 plerumque
1531 2014 1686 2068 obligat

328 2077 465 2117 fidem.
506 2077 777 2118 ministerium
796 2077 1141 2116 restituendorum
1166 2077 1308 2116 domos
1336 2076 1542 2116 obsidium
1566 2076 1687 2116 mihi-

330 2145 414 2179 met
439 2138 619 2192 deposco
645 2138 751 2192 ipse,
778 2146 822 2178 ut
841 2153 964 2192 opera
990 2152 1153 2190 quoque
1178 2138 1350 2192 inpensa
1376 2138 1591 2178 eonsilium
1616 2139 1686 2179 ad—

330 2201 468 2240 iuvem
495 2214 632 2240 meum
659 2206 698 2240 et
721 2199 782 2240 rei
807 2207 951 2253 suapte
975 2208 1121 2239 natura
1146 2206 1286 2253 gratae
1307 2206 1501 2252 quantam
1521 2199 1687 2253 insuper

266 2278 305 2306 15
331 2263 506 2317 gratiam
535 2262 692 2316 possim
730 2262 929 2303 adiciam.'
988 2262 1143 2302 homini
1172 2276 1253 2302 11011
1285 2262 1337 2302 ad
1367 2257 1500 2302 cetera
1528 2260 1687 2300 Punica

329 2324 495 2379 ingenia
531 2324 677 2364 callido
713 2331 758 2364 ut
794 2323 1015 2377 persuasit,
1058 2330 1177 2364 noete
1213 2323 1318 2363 clam
1355 2337 1597 2377 progressus
1635 2322 1686 2362 ad

328 2385 508 2426 hostium
545 2386 740 2426 stationes
777 2385 988 2426 conventis
1025 2385 1273 2438 quibusdam
1310 2384 1576 2425 auxiliaribus
1607 2383 1684 2423 Hi-

330 2447 468 2501 spanis
501 2454 541 2487 et
572 2447 623 2488 ab
649 2447 713 2487 his
740 2447 792 2487 ad
820 2444 1054 2500 Scipionem
1086 2447 1326 2500 perductus,
1365 2446 1463 2499 quid
1493 2445 1683 2492 adferret,

267 2524 304 2552 16
331 2510 550 2563 expromit,
594 2517 633 2550 et
669 2510 749 2549 fide
786 2516 954 2562 accepta
990 2510 1166 2562 dataque
1203 2524 1251 2549 ae
1291 2509 1381 2550 loco
1424 2516 1463 2549 et
1504 2515 1685 2561 tempore

330 2572 549 2612 constituto
587 2572 638 2612 ad
675 2571 839 2612 obsides
877 2571 1096 2611 tradendos
1131 2569 1366 2625 Saguntum
1401 2570 1516 2610 redit.
1576 2570 1684 2609 diem

330 2632 614 2685 insequentem
657 2632 888 2686 absumpsit
930 2647 1023 2672 cum
1060 2632 1233 2673 Bostare
1270 2632 1474 2672 mandatis
1511 2631 1563 2671 ad
1597 2644 1680 2670 rem

268 2706 305 2734 17
332 2694 532 2747 agendam
566 2694 826 2748 accipiendis.
889 2694 1083 2734 dimissus
1110 2708 1203 2735 cum
1230 2708 1273 2734 se
1298 2700 1416 2734 nocte
1440 2693 1608 2739 iturum,
1638 2696 1683 2730 ut
