1815 3184
483 237 637 273 LIBER
661 236 849 280 xxviii,
876 235 928 269 14.
957 237 1005 279 [a.
1021 234 1155 278 C.206]
1417 222 1499 264 399

159 345 325 386 factum.
390 343 500 398 prior
537 355 698 397 semper
726 341 894 382 Poenus
932 338 1070 394 copias
1107 337 1252 379 castris
1289 336 1502 386 educebat,

158 407 269 463 prior
304 406 426 447 fessis
465 404 612 446 stando
649 403 814 458 signum
849 401 1032 456 receptui
1068 401 1216 442 dabat:
1265 400 1316 441 ab
1358 406 1504 440 neutra

158 477 274 524 parte
298 482 542 523 procursum
566 466 745 507 telumve
769 465 942 506 missum
968 471 1037 504 aut
1061 479 1142 504 vox
1166 463 1252 503 ulla
1275 470 1376 504 orta.
1418 476 1505 503 me·
1528 475 1548 504 4

160 532 270 571 diam
306 530 436 571 aciem
472 529 566 569 hinc
595 527 793 576 Romani,
841 527 953 567 iHinc
984 525 1351 580 Carthaginienses
1387 524 1505 565 mixti

160 593 296 639 Afris,
335 606 487 633 cornua
523 590 623 632 socii
658 590 869 638 tenebant,
908 595 1023 629 erant
1053 595 1191 628 autem
1219 587 1402 640 utrisque
1427 586 1506 627 Hi-

161 654 280 709 spani
310 669 384 709 pro
415 653 621 695 cornibus.
682 659 775 693 ante
804 651 1008 693 Punicam
1038 650 1167 691 aciem
1203 649 1409 704 elephanti
1439 662 1506 689 ca-

162 717 374 758 stellorum
397 716 539 772 procul
571 715 750 771 speciem
780 714 1045 769 praebebant.
1104 712 1187 753 iam
1216 712 1294 753 hoc
1318 711 1360 752 in
1384 711 1506 752 utris-

162 794 241 833 que
289 779 433 819 castris
483 777 682 819 sermonis
732 785 836 825 erat,
883 776 941 816 ita
979 783 1025 815 ut
1064 774 1253 815 instructi
1296 773 1507 815 stetissent

162 849 436 897 pugnaturos,
472 840 629 880 medias
667 838 775 879 acies
811 838 1046 878 Romanum
1075 837 1365 890 Poenumque,
1403 850 1506 889 quos

161 903 266 944 inter
292 903 387 944 belli
413 917 538 942 causa
568 908 696 950 esset,
734 900 823 955 pari
850 900 997 940 robore
1029 899 1257 940 animorum
1282 913 1508 939 armorum-

162 980 241 1018 que
267 979 551 1005 concursuros.
591 962 730 1016 Scipio
755 962 826 1001 ubi
851 961 953 1001 haec
973 961 1176 1001 obstinate
1196 960 1351 1001 credita
1371 960 1506 1000 animo

163 1026 355 1075 advertit,
393 1025 530 1067 omnia
561 1024 610 1065 de
646 1023 847 1063 industria
876 1022 919 1061 in
948 1037 1042 1062 eum
1071 1022 1198 1070 diem,
1236 1036 1316 1074 quo
1346 1036 1508 1076 pugna-

161 1096 276 1129 turus
302 1095 406 1136 erat,
431 1086 617 1135 mutavit,
644 1093 843 1126 tesseram
868 1084 1031 1138 vesperi
1055 1098 1128 1138 per
1153 1091 1290 1124 castra
1314 1083 1438 1131 dedit,
1463 1090 1508 1122 ut

161 1158 255 1191 ante
290 1150 425 1190 lucem
460 1148 536 1189 viri
567 1147 742 1201 equique
774 1146 920 1195 curati,
957 1145 1099 1200 pransi
1130 1153 1287 1193 essent,
1326 1151 1507 1184 armatus

161 1227 287 1265 eques
313 1212 494 1252 frenatos
520 1210 797 1262 instratosque
823 1216 979 1249 teneret
1006 1222 1146 1260 equos.
1207 1207 1377 1246 vixdum
1409 1206 1507 1246 satis

162 1283 274 1315 certa
303 1274 394 1314 luce
426 1273 653 1326 equitatum
683 1286 848 1313 omnem
878 1285 971 1311 cum
1007 1270 1088 1310 levi
1118 1278 1326 1310 armatura
1354 1269 1397 1309 in
1428 1276 1510 1309 sta—

162 1337 293 1377 tiones
317 1335 498 1376 Punicas
535 1334 722 1383 immisit3
760 1333 855 1374 inde
891 1332 1109 1374 confestim
1144 1332 1234 1386 ipse
1265 1346 1357 1372 cum
1394 1331 1511 1386 gravi

164 1398 326 1454 agmine
350 1397 560 1453 legionum
584 1396 786 1452 procedit,
817 1403 979 1450 praeter
1004 1394 1240 1449 opinionem
1264 1393 1511 1434 destinatam

165 1475 332 1502 suorum
378 1459 639 1512 hostiumque
676 1459 865 1499 Romano
914 1457 1042 1498 milite
1090 1456 1282 1498 cornibus
1324 1456 1510 1504 firmatis,

166 1522 287 1563 sociis
312 1522 355 1562 in
378 1521 557 1562 mediam
583 1520 713 1561 aciem
738 1520 932 1574 acceptis.

249 1584 490 1625 Hasdrubal
525 1583 703 1624 clamore
740 1583 924 1636 equitum
965 1581 1167 1622 excitatus
1209 1587 1255 1622 ut
1290 1596 1342 1622 ex
1377 1582 1512 1621 taber-

165 1647 312 1688 naculo
348 1645 536 1701 prosiluit
577 1645 878 1697 tumultumque
923 1650 1016 1684 ante
1058 1643 1213 1683 vallum
1254 1649 1294 1683 et
1334 1642 1513 1696 trepida-

166 1709 319 1750 tionem
345 1722 512 1749 suorum
537 1714 577 1747 et
599 1707 743 1762 procul
763 1706 882 1761 signa
900 1705 1109 1760 legionum
1128 1703 1330 1759 fulgentia
1348 1704 1513 1759 plenos—

166 1786 246 1824 que
282 1770 463 1811 hostium
499 1783 666 1823 campos
699 1768 818 1817 vidit,
856 1767 1083 1820 equitatum
1112 1781 1276 1807 omnem
1306 1766 1512 1821 extemplo

165 1834 208 1874 in
233 1833 390 1886 equites
417 1832 580 1880 emittit3
606 1831 694 1886 ipse
721 1845 814 1871 cum
837 1830 1022 1885 peditum
1047 1829 1210 1884 agmine
1229 1829 1374 1870 castris
1394 1844 1511 1884 egre-

167 1896 275 1936 ditur
321 1909 398 1936 nec
444 1909 496 1935 ex
538 1893 679 1934 ordine
723 1893 841 1933 solito
884 1892 1103 1945 quicquam
1146 1891 1231 1932 acie
1274 1891 1515 1932 instruenda

166 1965 310 1999 mutat.
366 1956 549 2010 equitum
574 1955 655 1996 iam
681 1955 750 1995 diu
775 1968 925 2009 anceps
950 1969 1092 2009 pugna
1116 1961 1203 1994 erat
1226 1968 1303 1994 nec
1326 1953 1418 2008 ipsa
1440 1968 1514 2008 per

169 2035 214 2061 se
238 2019 403 2061 decerni
427 2025 605 2074 poterat,
637 2017 732 2070 quia
756 2017 905 2071 pulsis,
936 2017 1047 2069 quod
1070 2031 1197 2071 prope
1221 2015 1264 2056 in
1287 2015 1420 2056 vicem
1444 2016 1515 2056 fie-

167 2083 257 2131 bat,
292 2082 336 2122 in
361 2081 490 2122 aciem
514 2080 699 2135 peditum
730 2086 841 2119 tutus
871 2086 1062 2133 receptus
1093 2085 1198 2119 erat:
1236 2078 1310 2118 sed
1338 2077 1409 2117 ubi
1433 2077 1516 2118 iam

169 2145 281 2185 haud
314 2145 406 2200 plus
444 2144 690 2198 quingentos
726 2157 875 2197 passus
913 2142 1020 2182 acies
1062 2141 1167 2182 inter
1204 2156 1295 2182 sese
1332 2142 1514 2190 aberant,

171 2207 289 2261 signo
325 2206 507 2261 receptui
538 2206 633 2247 dato
660 2203 800 2260 Scipio
830 2203 1129 2259 patefactisque
1160 2203 1370 2244 ordinibus
1402 2203 1516 2256 equi-

170 2276 299 2309 tatum
325 2283 489 2309 omnem
513 2267 728 2320 levemque
754 2274 1020 2315 armaturam,
1044 2266 1087 2306 in
1104 2265 1285 2306 medium
1305 2275 1516 2320 acceptam

170 2331 427 2383 divisamque
452 2329 494 2370 in
517 2337 655 2384 partes
682 2329 802 2378 duas,
828 2329 871 2368 in
896 2327 1090 2369 subsidiis
1110 2335 1205 2382 post
1224 2342 1376 2368 cornua
1394 2327 1514 2368 locat.

170 2393 283 2441 inde,
309 2393 378 2432 ubi
401 2391 658 2446 incipiendae
683 2391 764 2432 iam
788 2405 952 2446 pugnae
977 2399 1138 2445 tempus
1165 2398 1269 2438 erat,
1301 2389 1515 2444 Hispanos

169 2470 265 2496 —ea
288 2454 424 2495 media
449 2453 556 2495 acies
582 2454 660 2494 fuit
678 2479 710 2482 —
728 2468 872 2508 presso
898 2453 1030 2508 gradu
1053 2452 1243 2493 incedere
1268 2451 1381 2492 iubet
1390 2468 1400 2501 3
1426 2451 1515 2506 ipse

169 2533 190 2558 e
218 2517 362 2558 dextro
387 2530 514 2558 cornu
537 2541 569 2545 —
593 2515 649 2556 ibi
678 2529 856 2568 namque
886 2522 1076 2570 praeerat
1098 2539 1131 2543 —
1154 2514 1343 2554 nuntium
1373 2513 1423 2554 ad
1451 2512 1517 2554 Si-

168 2579 310 2619 lanum
340 2585 381 2619 et
402 2578 608 2619 Marcium
638 2578 779 2627 mittit,
816 2584 863 2618 ut
891 2591 1019 2618 cornu
1049 2576 1318 2617 extenderent
1346 2575 1390 2615 in
1420 2575 1517 2616 sini—

170 2650 298 2681 stram
321 2647 498 2696 partem,
525 2655 648 2694 quem
673 2640 726 2681 ad
744 2639 913 2681 modum
933 2654 977 2680 se
997 2639 1235 2680 tendentem
1254 2638 1307 2678 ad
1331 2637 1517 2678 dextram

170 2703 387 2753 vidissent,
436 2711 477 2744 et
511 2717 605 2744 cum
640 2702 842 2758 expeditis
879 2702 1065 2758 peditum
1101 2701 1378 2755 equit-umque.
1401 2700 1515 2756 prius

1539 1593 1579 1622 10

1540 1842 1577 1871 11

1542 2091 1581 2120 13

1544 2403 1584 2432 14

1544 2466 1583 2495 15

1544 2714 1582 2743 16
