1815 3184
431 234 582 268 LIBER
607 233 758 278 xxm,
785 234 841 268 27.
861 233 917 268 28.
946 235 994 277 [a.
1010 232 1049 267 e.
1064 232 1146 275 216]
1390 221 1468 262 141

119 352 214 393 pars
240 338 450 392 eruptione
475 337 585 378 faeta
616 337 740 378 silvas
772 351 819 378 ae
850 336 998 377 montis
1029 336 1142 390 petit.
1203 335 1372 389 parique
1397 324 1476 375 ter—

119 415 208 440 rore
240 407 278 440 et
310 406 443 440 castra
475 405 569 440 sunt
599 399 761 440 deserta
792 406 832 439 et
862 399 1054 439 universa
1084 412 1186 452 gens
1218 404 1381 451 postero
1411 396 1477 437 die

119 462 161 501 in
187 461 436 502 deditionem
461 461 585 502 venit.

199 524 284 564 Nec
310 524 379 563 diu
404 523 445 563 in
470 531 590 577 pacto
616 523 783 563 mansit:
821 537 917 563 nam
949 521 1121 563 subinde
1147 521 1198 562 ab
1226 519 1477 575 Carthagine
1504 532 1521 562 9

121 585 303 625 adlatum
328 592 406 633 est,
447 593 489 625 ut
514 584 754 625 Hasdrubal
778 584 910 638 primo
935 598 1098 637 quoque
1124 590 1306 638 tempore
1331 583 1373 623 in
1396 583 1480 623 Ita-

119 646 216 686 liam
242 646 465 686 exercitum
491 646 675 695 duceret,
713 660 818 699 quae
844 646 1008 700 volgata
1038 660 1103 686 res
1135 660 1208 699 per
1231 645 1479 699 Hispaniam

121 708 304 747 omnium
329 709 458 748 ferme
484 708 641 748 animos
668 708 720 748 ad
744 708 956 748 Romanos
988 707 1146 748 avertit.
1205 707 1342 760 itaque
1368 706 1481 746 Has-
1507 717 1548 747 10

121 769 266 810 drubal
314 770 520 823 extemplo
567 770 722 810 litteras
767 768 1061 824 Carthaginem
1110 769 1233 809 mittit
1280 768 1479 816 indicans,

121 838 273 883 quanto
299 831 410 872 fama
434 831 697 885 profectionis
725 846 822 871 suae
843 831 992 871 damno
1012 831 1177 880 fuisset3
1206 831 1240 871 si
1264 845 1361 871 vero
1386 830 1480 870 inde

122 900 329 947 pergeret,
388 894 629 947 priusquam
677 892 881 933 Hiberum
932 893 1139 941 transiret,
1199 893 1481 933 Romanorum

122 954 370 1008 Hispaniam
400 955 506 995 fore:
549 969 644 994 nam
674 960 960 1008 praeterquam
986 954 1096 1006 quod
1126 969 1200 994 nec
1232 954 1482 1008 praesidium
1510 971 1547 1000 11

121 1031 196 1056 nec
222 1017 368 1057 ducem
392 1016 579 1064 haberet,
617 1029 739 1069 quem
763 1015 1027 1068 relinqueret,
1060 1030 1187 1069 prope
1213 1030 1282 1055 eos
1308 1016 1483 1068 impera-

122 1084 229 1117 tores
266 1092 358 1118 esse
393 1078 629 1126 Romanos,
679 1076 828 1129 quibus
866 1077 935 1116 vix
972 1076 1114 1129 aequis
1157 1076 1312 1116 viribus
1348 1076 1484 1116 resisti

121 1139 270 1192 possit:
307 1139 445 1192 itaque
472 1139 507 1178 si
537 1138 621 1179 ulla
646 1138 877 1192 Hispaniae
903 1153 1000 1178 cura
1032 1144 1160 1187 esset,
1201 1152 1483 1178 successorem
1511 1151 1550 1180 12

122 1200 200 1241 sibi
231 1215 325 1240 cum
357 1200 493 1240 valido
525 1200 706 1240 exercitu
737 1199 960 1248 mitterent,
1006 1199 1072 1240 cui
1100 1198 1181 1254 [ut]
1217 1199 1355 1239 omnia
1390 1214 1484 1253 pro-

123 1277 239 1317 spere
265 1262 492 1311 evenirent,
519 1276 600 1302 non
625 1268 763 1302 tamen
788 1262 961 1302 otiosam
988 1261 1243 1316 provinciam
1269 1261 1368 1301 sore.

205 1323 426 1364 XXVIII.
486 1323 576 1364 Eae
610 1323 768 1364 litterae
805 1338 1056 1377 quamquam
1093 1323 1225 1377 primo
1261 1322 1484 1364 admodum
1513 1337 1527 1365 1

123 1392 337 1426 moverunt
362 1393 569 1435 senatum,
596 1392 751 1435 tamen,
785 1386 882 1439 quia
904 1386 1050 1426 Italiae
1077 1400 1174 1426 cura
1199 1386 1309 1439 prior
1333 1385 1486 1439 potior-

123 1462 202 1500 que
228 1453 329 1496 erat,
366 1447 466 1487 nihil
498 1448 547 1488 de
573 1447 838 1488 Hasdrubale
869 1462 1003 1500 neque
1033 1448 1084 1488 de
1116 1448 1244 1501 copiis
1277 1447 1364 1488 eius
1397 1461 1487 1486 mu-

124 1516 254 1549 tatum
279 1516 360 1558 est,
397 1509 580 1550 Himilco
606 1524 701 1550 cum
726 1510 906 1550 exercitu
931 1510 1039 1550 iusto
1067 1516 1106 1550 et
1131 1516 1251 1550 aucta
1277 1508 1407 1550 classe
1434 1508 1487 1548 ad
1512 1524 1529 1552 ‘2

124 1571 379 1611 retinendam
427 1578 533 1611 terra
580 1572 763 1624 marique
806 1586 854 1612 ao
897 1572 1092 1612 tuendam
1129 1571 1378 1625 Hispaniam
1422 1578 1486 1611 est

125 1633 295 1673 missus:
322 1633 410 1685 qui,
437 1640 481 1672 ut
501 1633 702 1686 pedestris
723 1633 962 1686 navalisque
982 1634 1120 1687 copias
1141 1633 1315 1681 traiecit,
1342 1633 1486 1673 castris
1513 1646 1531 1675 3

126 1694 372 1735 conmunitis
420 1694 679 1748 navibusque
724 1695 938 1735 subductis
982 1701 1022 1735 et
1058 1694 1165 1735 vallo
1209 1694 1485 1743 circumdatis,

126 1771 219 1797 cum
245 1756 450 1810 equitibus
484 1756 650 1797 delectis
682 1757 789 1810 ipse,
827 1763 1025 1810 quantum
1058 1757 1235 1797 maxime
1261 1756 1488 1797 accelerare

125 1826 302 1873 poterat,
340 1834 413 1873 per
437 1819 584 1860 dubios
610 1819 865 1872 infestosque
890 1819 1065 1873 populos
1091 1819 1205 1859 iuxta
1229 1819 1409 1859 intentus
1435 1818 1488 1858 ad

126 1880 434 1921 Hasdrubalem
459 1881 656 1935 pervenit.
713 1895 806 1922 cum
832 1881 995 1921 decreta
1021 1888 1185 1921 senatus
1212 1881 1487 1934 mandataque
1513 1895 1533 1923 4

127 1943 385 1997 exposuisset
417 1950 538 1996 atque
571 1944 739 1984 edoctus
773 1950 882 1984 esset
912 1943 1000 1997 ipse
1032 1943 1073 1983 in
1100 1943 1250 1992 vicem,
1288 1957 1409 1996 quem
1436 1943 1488 1983 ad

128 2005 296 2045 modum
322 2006 579 2046 tractandum
604 2005 757 2046 bellum
778 2006 819 2045 in
833 2005 1039 2059 Hispania
1065 2005 1187 2054 foret,
1213 2012 1321 2046 retro
1346 2006 1388 2045 in
1415 2020 1489 2045 sua

130 2073 263 2106 castra
287 2067 391 2107 redit
414 2068 525 2108 nulla
550 2082 593 2108 re
619 2082 742 2120 quam
768 2067 973 2108 celeritate
998 2067 1139 2115 tutior,
1172 2067 1282 2119 quod
1308 2067 1488 2119 undique

130 2127 283 2168 abierat
309 2136 529 2182 antequam
555 2130 842 2170 consentirent.
880 2128 1121 2169 Hasdrubal
1140 2129 1379 2182 priusquam
1401 2143 1489 2169 mo-
1514 2141 1533 2170 5

130 2196 243 2229 veret
275 2198 425 2240 castra,
463 2192 658 2245 pecunias
689 2191 863 2245 imperat
887 2190 1049 2244 populis
1081 2189 1272 2230 omnibus
1306 2205 1403 2230 suae
1430 2190 1490 2230 di-

131 2252 277 2299 cionis,
306 2253 403 2293 satis
429 2268 581 2307 gnarus
607 2253 887 2293 Hannibalem
912 2252 1106 2293 transitus
1133 2252 1334 2305 quosdam
1359 2251 1488 2306 pretio

131 2320 356 2354 mercatum
369 2329 444 2354 nec
458 2315 609 2355 auxilia
625 2313 785 2355 Gallica
798 2314 914 2354 aliter
927 2328 1050 2367 quam
1065 2314 1266 2355 conducta
1280 2313 1487 2362 habuisse,
1515 2332 1533 2361 (ς

131 2375 295 2428 inopem
343 2382 501 2416 tantum
547 2376 623 2416 iter
674 2377 907 2430 ingressum
964 2376 1030 2416 vix
1083 2382 1390 2430 penetraturum
1437 2375 1491 2416 ad

131 2436 252 2490 Alpis
284 2436 430 2478 fuisse:
473 2438 657 2492 pecuniis
688 2438 812 2492 igitur
841 2437 989 2492 raptim
1022 2438 1174 2478 exactis
1208 2438 1260 2478 ad
1284 2437 1491 2478 Hiberum

131 2498 355 2539 descendit.

215 2559 396 2601 Decreta
422 2560 826 2616 Carthaginiensium
859 2568 898 2602 et
922 2561 1199 2602 Hasdrubalis
1231 2561 1306 2601 iter
1337 2560 1406 2602 ubi
1437 2561 1489 2601 ad
1516 2575 1533 2603 7

130 2621 341 2663 Romanos
369 2630 463 2663 sunt
488 2623 655 2677 perlata,
682 2623 872 2664 omnibus
893 2624 1057 2665 omissis
1077 2623 1200 2664 rebus
1221 2619 1489 2664 ambo-duces

131 2685 278 2728 iunctis
316 2687 443 2741 copiis
473 2687 531 2728 ire
562 2686 726 2729 obviam
763 2687 917 2742 coeptis
949 2694 1071 2741 atque
1103 2686 1302 2728 obsistere
1331 2691 1489 2741 parant,
