1815 3184
445 249 598 284 LlssER
622 250 751 291 XXII,
776 249 935 283 45—47.
964 251 1012 292 [a.
1029 247 1066 282 0.
1080 248 1162 293 316]
1427 240 1479 279 97

130 353 195 394 0111
232 367 318 394 sors
356 353 443 394 eius
480 353 560 393 diei
595 353 754 406 imperii
795 358 897 401 erat,
947 351 1048 392 nihil
1090 351 1276 392 consulto
1312 351 1484 405 conlega

131 415 294 469 signum
332 403 545 469 propostiit
580 415 880 468 instructasque
917 414 1057 468 copias
1094 413 1247 453 flumen
1290 413 1481 461 traduxit,

130 483 327 529 sequente
352 476 502 525 Paulo,
540 476 636 529 quia
665 476 797 530 magis
828 490 911 515 non
941 474 1114 530 probare
1145 489 1269 527 quam
1300 489 1382 515 non
1413 474 1484 514 ad-

129 537 268 578 iuvare
295 537 510 578 eonsilium
535 544 706 591 poterat.
761 537 1008 592 transgressi
1032 537 1185 577 flumen
1211 550 1280 576 eas
1306 551 1482 589 quoque,

129 614 231 653 quas
267 597 484 640 incastris
516 599 740 640 minoribus
771 598 1017 647 habuerant,
1055 598 1193 651 copias
1226 597 1310 638 suis
1342 597 1485 637 adiun-

129 668 232 716 gunt
268 668 391 714 atque
426 661 483 701 ita
519 661 716 701 instructa
752 661 838 701 acie
875 661 916 700 in
947 661 1090 700 dextro
1122 674 1246 700 cornu
1271 684 1303 688 —
1326 659 1369 699 id
1400 666 1485 699 erat

130 723 286 763 flumini
310 722 477 776 propius
497 748 530 752 —
547 723 757 763 Romanos
783 723 940 775 equites
965 722 1118 770 locant,
1146 721 1291 761 deinde
1313 721 1483 775 pedites.

129 785 293 825 laevum
320 798 444 824 cornu
470 784 641 824 extremi
666 784 822 837 equites
851 784 1074 832 sociorum,
1105 783 1211 823 intra
1241 783 1400 836 pedites
1433 783 1485 822 ad

130 846 311 886 medium
336 845 462 885 11111011
486 845 717 899 legionibus
738 845 937 885 Roma-nis
964 851 1192 884 tenuerunt.
1241 844 1484 884 iaculatores

130 922 223 947 eum
256 907 399 947 ceteris
430 907 582 946 101111111
615 922 820 946 armorum
852 907 1012 946 auxiliis
1048 907 1181 960 prima
1217 907 1325 947 acies
1362 906 1483 946 faeta.

130 968 319 1009 consules
363 983 515 1008 cornua
551 975 785 1017 tenuerunt,
825 968 1042 1017 Terentius
1079 967 1242 1007 laevum
1278 967 1483 1008 Aemilius

129 1031 334 1077 dextrum,
363 1028 541 1070 Gemino
569 1028 743 1070 Servilio
768 1029 904 1069 media
926 1044 1067 1082 pugna
1092 1029 1245 1068 tuenda
1269 1029 1376 1068 data.

214 1090 484 1131 XXXXVL
544 1090 755 1131 Hannibal
788 1090 879 1131 11100
910 1090 1041 1144 prima
1064 1089 1299 1130 Baliaribus
1324 1090 1486 1142 levique

129 1153 207 1193 alia
238 1159 443 1192 armatura
468 1152 695 1206 praemissa
720 1159 1002 1206 transgressus
1027 1152 1200 1200 flumen,
1232 1159 1275 1191 ut
1300 1166 1487 1204 quosque

129 1215 380 1262 traduxerat,
408 1214 462 1254 ita
482 1215 523 1254 in
542 1214 628 1255 acie
648 1214 826 1255 locabat:
855 1212 997 1255 Gallos
1011 1213 1308 1267 Hispanosque
1329 1213 1486 1266 equites

128 1291 253 1330 prope
278 1276 414 1330 ripam·
434 1276 551 1317 laevo
570 1276 612 1316 111
632 1291 757 1317 cornu
777 1277 975 1317 adversus
992 1276 1226 1316 Romanum
1247 1275 1486 1328 equitatum,

129 1339 317 1378 dextrum
344 1352 470 1378 cornu
489 1338 678 1378 Numidis
705 1338 909 1391 equitibus
936 1338 1077 1378 datum
1103 1337 1239 1378 media
1263 1337 1349 1377 acie
1374 1337 1488 1391 pedi-

130 1399 238 1440 tibus
264 1399 442 1449 firmata,
474 1400 530 1440 ita
554 1408 599 1440 ut
623 1399 822 1440 Afrorum
848 1410 1018 1452 utraque
1052 1415 1204 1440 cornua
1234 1406 1389 1448 essent,
1427 1399 1488 1438 in-

131 1468 438 1515 terponerentur
462 1461 525 1501 his
556 1462 681 1502 medii
708 1460 818 1502 Galli
849 1468 971 1514 atque
996 1461 1189 1516 Hispani.
1249 1460 1378 1501 Afros
1404 1461 1488 1501 Ro-
1514 1491 1521 1494 x

131 1538 294 1563 manam
320 1538 470 1577 magna
495 1537 546 1563 ex
569 1531 684 1577 parte
711 1523 898 1564 crederes
925 1523 1073 1563 aciem:
1111 1523 1168 1563 ita
1199 1523 1344 1563 armati
1375 1529 1488 1562 erant

131 1585 253 1625 armis
280 1590 319 1624 01
344 1585 395 1624 3(1
416 1584 628 1633 Trebiam,
656 1591 836 1625 ceterum
862 1600 1014 1640 magna
1039 1600 1090 1625 ex
1116 1591 1230 1639 parte
1256 1585 1308 1625 ad
1334 1584 1488 1624 Trasu-

132 1661 297 1686 menum
323 1647 464 1700 captis.
517 1644 648 1688 Gallis
669 1646 953 1701 Hispanisque
980 1651 1096 1687 scuta
1121 1647 1305 1687 eiusdem
1330 1646 1486 1686 sormae

131 1708 216 1748 fere
242 1715 373 1756 erant,
406 1708 591 1762 dispares
617 1723 664 1749 30
690 1709 910 1750 dissimiles
936 1709 1081 1763 gladii,
1118 1707 1249 1750 Gallis
1275 1708 1487 1763 praelongi

131 1784 177 1809 30
205 1770 291 1810 51110
317 1770 599 1820 mucronibus,
625 1770 835 1825 Hispano,
866 1771 1050 1825 punctim
1075 1771 1208 1826 magis
1243 1785 1366 1824 quam
1398 1784 1489 1810 030-

132 1831 209 1871 sim
235 1831 403 1871 adsueto
428 1839 566 1885 petere
591 1832 749 1874 hostem
759 1863 769 1882 ‚
802 1832 1000 1873 brevitate
1026 1832 1183 1873 habiles
1211 1839 1251 1873 et
1276 1847 1371 1873 011111
1400 1846 1489 1872 11111-

131 1892 335 1933 cronibus.
397 1908 494 1933 sane
537 1900 577 1934 et
618 1894 721 1934 alius
764 1894 928 1935 habitus
972 1894 1157 1949 gentium
1201 1894 1346 1935 harum
1395 1908 1486 1934 eum

131 1954 411 2012 magnitudine
448 1969 663 2009 corporum
699 1962 786 1996 tum
824 1957 959 2010 specie
996 1956 1186 1997 terribilis
1219 1964 1315 1996 erat.
1379 1954 1488 1996 Galli

133 2031 255 2069 super
290 2016 530 2057 umbilicum
566 2024 681 2058 erant
716 2019 833 2066 nudi,
872 2018 1053 2072 Hispani
1089 2018 1223 2058 linteis
1266 2017 1487 2071 praetextis

133 2092 312 2130 purpura
354 2079 500 2119 tunicis
539 2080 714 2119 candore
756 2080 858 2120 miro
906 2079 1160 2134 fulgentibus
1210 2079 1485 2119 constiterant.

133 2152 326 2179 numerus
363 2140 546 2180 omnium
588 2141 790 2194 peditum,
841 2141 911 2193 qui
952 2148 1039 2180 tum
1077 2148 1276 2180 steterunt
1310 2139 1353 2179 111
1388 2139 1487 2188 3010,

134 2199 289 2238 milium
316 2199 392 2240 fuit
418 2202 708 2255 quadraginta,
736 2203 878 2242 decem
904 2203 1101 2254 equitum.
1145 2202 1270 2242 duces
1297 2201 1488 2241 cornibus

134 2269 364 2314 praeerant:
399 2263 561 2303 sinistro
586 2263 845 2313 Hasdrubal,
873 2265 1015 2305 dextro
1041 2263 1278 2313 Maharba13
1311 2264 1490 2304 mediam

135 2323 264 2362 aciem
290 2323 501 2364 Hannibal
526 2325 613 2378 ipse
639 2340 733 2365 eum
757 2326 881 2366 fratre
906 2326 1089 2381 Magone
1115 2326 1256 2367 tenuit.
1307 2326 1386 2375 sol,
1414 2341 1488 2367 seu

136 2384 185 2423 de
211 2384 411 2425 industria
434 2386 491 2426 ita
516 2386 657 2427 locatis
685 2402 757 2427 seu
782 2388 891 2440 quod
923 2388 1028 2428 forte
1058 2389 1115 2428 ita
1146 2395 1312 2437 stetere,
1344 2403 1490 2442 perop-

135 2453 305 2499 portune
331 2447 490 2500 utrique
516 2449 620 2502 parti
645 2449 834 2502 obliquus
861 2456 958 2499 erat,
984 2450 1182 2490 Romanis
1202 2451 1244 2490 111
1263 2451 1488 2500 meridiem,

135 2507 286 2548 Poenis
312 2509 353 2548 in
380 2510 712 2563 septemtrionem
739 2512 881 2552 versis.
942 2519 1088 2552 ventus
1108 2512 1402 2553 —Volturnum
1428 2527 1490 2552 re-

133 2569 267 2623 gionis
299 2570 455 2611 incolae
487 2579 635 2612 vocant
659 2598 692 2602 —
716 2574 915 2614 adversus
941 2573 1140 2614 Romanis
1173 2581 1334 2615 coortus
1360 2573 1489 2615 multo

134 2631 299 2685 pulvere
324 2632 366 2671 in
391 2632 479 2686 ipsa
506 2648 576 2673 ora
601 2634 801 2675 volvendo
826 2642 1089 2689 prospectum
1115 2636 1278 2676 ademit.

218 2693 513 2735 XXXXVH.
565 2695 756 2737 Clamore
789 2697 949 2738 sublato
980 2713 1222 2752 procursum
1248 2697 1298 2738 ab
1326 2698 1487 2738 auxiliis

201 2759 262 2785 Livi
284 2761 337 2787 vol.
355 2760 385 2787 ΙΙ.
1242 2764 1260 2796 7

1516 2214 1531 2241 *J
