1815 3184
348 250 430 292 372
639 256 790 290 LIBER
813 255 979 300 xxvii,
1005 255 1058 289 41.
1078 255 1133 289 42.
1161 256 1398 300 [a.u.0.54‡]

347 360 521 401 militum
545 359 687 400 tertiae
706 358 881 413 legionis
903 357 953 400 C.
966 358 1249 400 Aurunculeio
1268 358 1447 414 inperat,
1471 368 1517 400 ut
1536 360 1692 413 equites

347 421 520 476 legionis
547 430 699 474 quanto
724 421 903 462 maximo
927 421 1084 475 impetu
1105 421 1239 476 possit
1261 421 1304 461 in
1327 421 1490 462 hostem
1515 422 1692 463 emittat:

283 497 322 526 10
347 484 403 524 ita
438 497 634 538 pecorum
668 483 791 525 modo
827 483 1121 538 incompositos
1159 491 1244 524 toto
1278 483 1436 538 passim
1472 498 1517 524 se
1548 497 1692 538 campo

346 545 523 595 fudisse,
559 554 604 586 ut
636 546 762 587 sterni
793 547 1005 599 obterique
1035 545 1276 601 priusquam
1309 546 1562 587 instruantur
1597 561 1694 601 pos-

349 607 442 648 sint.

305 684 319 711 1
431 669 684 710 XXXXH.
732 670 927 711 Nondum
945 670 1157 711 Hannibal
1183 685 1204 711 e
1230 670 1374 712 castris
1401 670 1574 720 exierat,
1601 684 1694 711 cum

345 731 618 786 pugnantium
661 731 882 773 clamorem
923 732 1089 773 audivit.
1149 733 1286 786 itaque
1323 733 1481 773 excitus
1518 733 1694 773 tumultu

302 807 319 836 2
345 793 494 848 raptim
526 794 579 833 ad
609 793 770 834 hostem
801 794 940 848 copias
973 795 1070 849 agit.
1129 794 1212 835 iam
1240 794 1394 849 primos
1421 802 1694 850 occupaverat

347 862 537 908 equester
562 863 703 904 terror,
735 856 921 910 peditum
946 856 1070 896 etiam
1094 856 1226 911 prima
1249 857 1359 911 legio
1385 863 1425 897 et
1455 857 1599 897 dextra
1629 856 1695 897 ala

345 918 547 972 proelium
570 917 718 958 inibat:
754 918 1017 973 incompositi
1040 918 1200 968 hostes,
1232 926 1277 959 ut
1302 933 1504 972 quemque
1530 926 1599 959 aut
1622 933 1695 973 pe-

302 995 320 1024 3
347 979 419 1019 diti
445 988 513 1020 aut
540 980 664 1033 equiti
690 994 810 1021 casus
836 981 1000 1029 obtulit,
1026 981 1083 1021 ita
1107 989 1327 1022 conserunt
1351 996 1511 1021 manus.
1548 980 1696 1021 crescit

344 1057 486 1096 pugna
522 1042 716 1083 subsidiis
755 1051 796 1083 et
830 1043 1158 1097 procurrentium
1195 1044 1247 1083 ad
1282 1052 1490 1084 certamen
1524 1056 1694 1083 numero

346 1111 537 1158 augetur;
574 1104 898 1159 pugnantisque,
936 1105 1046 1157 quod
1082 1105 1162 1145 nisi
1192 1105 1234 1145 in
1263 1113 1401 1146 vetere
1437 1105 1619 1146 exercitu
1655 1111 1694 1144 et

347 1165 439 1205 duci
470 1166 599 1206 veteri
628 1166 710 1205 hau
740 1166 919 1215 facilest,
955 1167 1061 1207 inter
1092 1167 1311 1207 tumultum
1342 1181 1389 1207 ac
1414 1175 1610 1207 terrorem
1633 1166 1694 1205 in-

301 1242 322 1270 4
347 1227 562 1267 struxisset
576 1227 801 1276 Hannibal,
822 1227 863 1267 ni
884 1228 1113 1268 cohortium
1133 1243 1178 1268 ac
1198 1228 1499 1283 manipulorum
1519 1228 1695 1268 decursu

344 1303 418 1342 per
443 1289 557 1329 collis
585 1289 738 1330 clamor
763 1290 814 1329 ab
839 1297 955 1344 tergo
983 1290 1145 1330 auditus
1171 1298 1345 1339 metum,
1371 1305 1422 1331 ne
1447 1290 1694 1330 interelude-

302 1367 321 1395 5
345 1357 485 1390 rentur
516 1350 681 1400 castris,
718 1351 939 1392 iniecisset.
999 1351 1094 1391 inde
1124 1366 1255 1406 pavor
1290 1351 1480 1391 incussus
1519 1358 1559 1391 et
1594 1351 1695 1405 fuga

343 1412 501 1466 passim
525 1412 613 1452 fieri
638 1421 784 1467 coepta
809 1420 883 1453 est.
943 1412 1157 1465 minorque
1184 1413 1330 1452 caedes
1357 1412 1454 1461 fuit,
1481 1412 1576 1465 quia
1599 1427 1694 1466 pro-

343 1473 550 1528 pinquitas
594 1481 821 1515 castrorum
863 1474 1094 1514 breviorem
1141 1475 1284 1528 fugam
1330 1474 1533 1528 perculsis
1582 1473 1692 1514 fecit.

302 1546 319 1575 6
346 1535 502 1587 equites
535 1535 643 1576 enim
674 1544 790 1590 tergo
821 1535 1089 1576 inhaerebant
1100 1552 1110 1584 3
1147 1535 1190 1575 in
1221 1544 1458 1577 transversa
1481 1536 1611 1576 latera
1633 1535 1694 1576 in-

345 1604 538 1636 vaserant
580 1597 769 1638 cohortes
814 1597 1005 1638 secundis
1044 1597 1215 1638 collibus
1253 1598 1319 1638 via
1355 1598 1467 1638 nuda
1502 1612 1549 1638 ac
1583 1597 1694 1638 facili

302 1671 317 1698 7
346 1660 622 1701 decurrentes.
684 1669 821 1701 tamen
859 1676 983 1715 supra
1018 1670 1109 1702 octo
1146 1661 1260 1702 milia
1296 1661 1509 1703 hominum
1544 1661 1692 1711 occisa,

344 1737 468 1776 supra
500 1722 749 1777 septingenti
781 1723 908 1778 capti,
942 1723 1061 1778 signa
1091 1724 1282 1765 militaria
1305 1739 1455 1765 novem
1481 1724 1692 1779 adempta3

344 1784 551 1838 elephanti
582 1785 723 1834 etiam,
756 1800 930 1838 quorum
954 1786 1090 1826 nullus
1117 1801 1216 1826 usus
1243 1786 1284 1826 in
1308 1786 1522 1841 repentina
1553 1801 1600 1827 ac
1630 1794 1694 1826 tu-

298 1855 317 1884 8
344 1847 563 1887 multuaria
587 1862 729 1902 pugna
755 1848 908 1897 fuerat,
935 1856 1126 1900 quattuor
1151 1848 1294 1897 occisi,
1323 1849 1402 1889 duo
1423 1848 1544 1904 capti.
1587 1848 1693 1888 circa

344 1908 590 1963 quingentos
615 1909 900 1950 Romanorum
932 1910 1217 1963 sociorumque
1243 1911 1418 1951 victores
1445 1910 1691 1951 ceciderunt.

342 1979 508 2025 postero
547 1971 611 2012 die
646 1972 815 2012 Poenus
853 1971 1025 2025 quievitg
1068 1972 1282 2013 Romanus
1318 1972 1362 2012 in
1399 1972 1529 2012 aciem
1564 1972 1691 2026 copiis

343 2033 475 2074 ductis
503 2042 724 2088 postquam
748 2035 956 2075 neminem
981 2035 1099 2089 signa
1124 2044 1265 2076 contra
1285 2035 1430 2076 efferre
1451 2034 1571 2083 vidit,
1599 2049 1692 2084 spo-

341 2095 396 2136 lia
425 2096 507 2151 legi
538 2111 754 2138 caesorum
785 2097 966 2138 hostium
997 2105 1038 2138 et
1068 2112 1235 2138 suorum
1268 2111 1441 2152 corpora
1466 2096 1627 2138 conlata
1650 2096 1690 2136 in

298 2172 316 2201 9
341 2173 469 2198 unum
496 2159 659 2214 sepeliri
684 2159 817 2200 iussit.
860 2159 955 2200 inde
981 2159 1292 2212 insequentibus
1317 2158 1521 2200 continuis
1548 2158 1692 2199 diebus

343 2220 496 2273 aliquot
522 2221 578 2261 ita
600 2221 748 2262 institit
771 2221 920 2276 portis,
946 2229 990 2262 ut
1009 2237 1137 2276 prope
1156 2221 1306 2262 inferre
1329 2221 1448 2276 signa
1473 2221 1692 2269 videretur,

278 2296 318 2325 10
344 2282 474 2323 donec
486 2283 699 2323 Hannibal
719 2283 839 2324 tertia
862 2283 1004 2338 vigilia
1029 2283 1181 2324 crebris
1207 2283 1372 2338 ignibus
1398 2282 1693 2324 tabernaculis-

342 2358 440 2397 que,
466 2359 571 2398 quae
594 2361 691 2400 pars
718 2354 947 2386 castrorum
972 2345 1024 2386 ad
1049 2345 1180 2387 hostis
1200 2347 1418 2401 vergebat,
1444 2352 1485 2386 et
1501 2344 1691 2386 Numidis

341 2406 503 2460 paucis,
530 2407 599 2459 qui
622 2406 665 2447 in
689 2407 797 2448 vallo
822 2407 1035 2462 portisque
1055 2422 1099 2448 se
1119 2408 1402 2457 ostenderent,
1426 2407 1578 2448 relictis
1598 2421 1693 2461 pro-

277 2476 315 2504 11
343 2467 475 2508 fectus
489 2468 687 2523 Apuliam
707 2477 846 2524 petere
866 2469 1052 2510 intendit.
1089 2469 1161 2510 ubi
1179 2470 1337 2519 inluxit,
1366 2469 1566 2511 successit
1584 2468 1692 2509 vallo

341 2529 531 2570 Romana
557 2531 664 2572 acies
691 2539 729 2572 et
749 2531 953 2572 Numidae
978 2547 1030 2572 ex
1055 2532 1284 2586 composito
1309 2531 1520 2587 paulisper
1538 2531 1581 2571 in
1596 2545 1691 2585 por-

343 2591 393 2631 tis
421 2607 464 2633 se
490 2593 679 2646 valloque
705 2602 964 2635 ostentavere
990 2595 1257 2648 frustratique
1283 2594 1535 2648 aliquamdiu
1559 2591 1689 2633 hostis

278 2665 318 2694 12
345 2653 477 2693 citatis
522 2655 636 2707 equis
680 2671 830 2710 agmen
873 2671 1042 2698 suorum
1083 2657 1377 2709 adsequuntur.
1439 2654 1583 2696 consul
1617 2651 1689 2692 ubi

347 2713 554 2755 silentium
578 2716 621 2756 in
646 2718 791 2758 castris
818 2725 858 2758 et
881 2733 933 2759 ne
956 2732 1112 2772 paucos
1138 2718 1321 2771 quidem,
1352 2717 1421 2771 qui
1444 2716 1575 2772 prima
1598 2713 1688 2754 luce
