1815 3184
245 376 264 406 5

243 620 261 649 6

225 1661 265 1689 10

225 2035 262 2063 11

226 2401 264 2431 13

294 251 376 292 338
627 257 780 292 LissER
803 257 968 301 XXVII,
996 257 1051 292 120
1077 257 1313 301 [a.u.0.545]

290 369 391 410 erat,
430 367 521 401 octo
556 360 668 400 milia
703 360 932 409 hominum,
970 374 1065 413 pars
1096 360 1275 400 maxima
1306 359 1357 401 ab
1382 359 1639 415 Agathyrna,

290 423 394 463 sieut
429 430 521 463 ante
553 422 707 462 dictum
738 429 817 471 est,
855 436 906 462 ex
938 421 1079 462 Sicilia
1115 422 1317 470 traducta,
1355 429 1469 475 rapto
1505 422 1641 463 vivere

288 484 498 524 hominum
535 484 811 524 adsuetorum.
872 483 998 523 additi
1028 490 1141 523 erant
1170 483 1425 523 Bruttiorum
1462 483 1640 523 indidem

286 545 503 599 perfugae,
553 551 592 585 et
639 545 811 585 audacia
852 551 890 584 et
932 544 1109 584 audendi
1150 545 1287 585 omnia
1327 544 1640 585 necessitatibus

287 621 419 660 pares.
479 606 584 646 hanc
614 622 782 646 manum
818 607 870 646 ad
894 606 1101 646 Bruttium
1131 606 1310 660 primum
1341 621 1485 660 agrum
1517 606 1642 660 depo-

286 669 513 722 pulandum
549 669 643 709 duci
679 668 815 717 iussit,
852 668 947 708 inde
978 668 1030 708 ad
1057 667 1301 708 Cauloniam
1332 668 1475 708 urbem
1512 683 1641 722 oppu-

287 731 508 785 gnandam.
568 731 767 784 imperata
792 745 874 770 non
905 729 1064 784 inpigre
1090 730 1240 778 solum,
1279 731 1351 770 sed
1377 730 1498 770 etiam
1523 730 1641 770 avide

288 792 448 832 executi
473 792 639 846 direptis
665 792 901 846 fugatisque
921 791 1143 832 cultoribus
1164 791 1252 846 agri
1272 806 1432 832 summa
1449 791 1489 831 η’
1507 806 1641 831 arcem

289 853 596 908 oppugnabant.
666 852 890 893 Marcellus
935 859 974 893 et
1009 853 1188 893 consulis
1230 853 1372 893 litteris
1410 853 1565 893 excitus
1603 859 1643 892 et

288 916 383 968 quia
418 915 634 955 induxerat
675 915 717 954 in
755 914 936 955 animum
978 914 1182 955 neminem
1227 915 1372 955 ducem
1408 914 1642 955 Romanum

289 983 371 1016 tam
397 991 536 1029 parem
561 976 787 1016 Hannibali
812 990 935 1029 quam
961 991 1005 1016 se
1031 990 1139 1025 esse,
1171 975 1243 1016 ubi
1266 976 1442 1030 primum
1466 976 1508 1015 in
1533 975 1642 1029 agris

287 1037 427 1090 pabuli
464 1038 580 1091 copia
616 1037 716 1086 fuit,
766 1051 817 1077 ex
857 1036 1037 1078 hibernis
1079 1037 1287 1091 profectus
1325 1037 1376 1077 ad
1414 1036 1642 1077 Canusium

290 1098 516 1139 Hannibali
540 1099 726 1139 occurrit.
765 1098 1008 1139 sollicitabat
1033 1099 1085 1138 ad
1109 1098 1379 1139 defectionem
1408 1097 1640 1138 Canusinos

288 1159 474 1209 Poenus3
530 1167 710 1200 ceterum
747 1167 791 1199 ut
829 1159 1155 1213 adpropinquare
1192 1159 1436 1199 Marcellum
1473 1158 1639 1206 audivit,

289 1228 422 1261 castra
446 1221 539 1262 inde
565 1221 704 1261 movit.
753 1227 892 1274 aperta
918 1227 1002 1260 erat
1026 1221 1140 1275 regio
1167 1221 1253 1260 sine
1278 1220 1370 1260 ullis
1396 1220 1447 1260 ad
1472 1219 1640 1260 insidias

289 1282 474 1331 latebris3
506 1283 642 1335 itaque
667 1283 710 1322 in
733 1282 823 1322 loca
848 1282 1028 1322 saltuosa
1053 1282 1196 1322 cedere
1221 1282 1315 1322 inde
1341 1282 1484 1335 coepit.
1527 1281 1641 1321 Mar-

290 1344 416 1384 cellus
456 1344 637 1398 vestigiis
673 1343 851 1383 instabat
894 1350 1108 1395 castraque
1151 1343 1293 1383 castris
1331 1343 1565 1383 conferebat
1602 1348 1641 1382 et

290 1420 410 1460 opere
457 1407 638 1460 perfecto
681 1405 884 1459 extemplo
925 1406 967 1445 in
1008 1405 1137 1445 aciem
1178 1405 1360 1458 legiones
1407 1404 1639 1445 inducebat.

290 1467 501 1508 Hannibal
537 1467 742 1507 turmatim
784 1481 857 1520 per
898 1466 1054 1518 equites
1096 1466 1361 1519 peditumque
1397 1465 1639 1507 iaculatores

289 1529 395 1569 levia
425 1529 646 1569 certamina
678 1542 815 1568 serens
848 1541 990 1567 casum
1021 1527 1235 1567 universae
1266 1541 1429 1581 pugnae
1459 1542 1541 1568 non
1570 1541 1640 1568 ne-

292 1590 517 1630 cessarium
542 1589 728 1629 ducebat.
783 1595 936 1629 tractus
963 1595 1023 1628 est
1049 1595 1185 1628 tamen
1211 1588 1262 1628 ad
1286 1588 1328 1628 id
1353 1589 1462 1641 quod
1488 1588 1641 1629 vitabat

292 1658 507 1691 certamen.
567 1657 685 1690 nocte
716 1664 1004 1704 praegressum
1036 1649 1273 1702 adsequitur
1302 1649 1401 1690 loeis
1431 1649 1562 1703 planis
1594 1664 1641 1690 ac

289 1713 522 1767 patentibus
558 1712 801 1761 Marcellus3
856 1718 989 1752 eastra
1030 1712 1123 1752 inde
1166 1719 1385 1765 ponentem
1420 1712 1641 1766 pugnando

290 1775 468 1827 undique
494 1775 536 1814 in
560 1774 782 1815 munitores
808 1773 999 1828 operibus
1025 1773 1224 1827 prohibet.
1263 1774 1319 1814 ita
1339 1774 1457 1828 signa
1482 1773 1642 1814 conlata

289 1843 599 1890 pugnatumque
624 1835 719 1876 totis
746 1836 874 1889 copiis
900 1842 957 1883 et,
984 1850 1077 1875 eum
1097 1835 1179 1874 iam
1197 1850 1279 1875 nox
1298 1835 1478 1883 instaret,
1504 1834 1640 1875 BIarte

291 1912 420 1949 aequo
469 1898 697 1938 discessum
746 1906 819 1937 est.
903 1904 1035 1937 castra
1082 1896 1232 1950 exiguo
1275 1897 1466 1937 distantia
1509 1896 1641 1950 spatio

291 1959 438 2013 raptim
463 1966 555 1999 ante
581 1966 742 1999 noctem
766 1958 1009 2012 permunita.

375 2020 548 2062 Postero
585 2021 650 2061 die
690 2020 780 2060 luce
823 2020 954 2074 prima
995 2019 1217 2060 Marcellus
1259 2020 1301 2060 in
1336 2020 1464 2060 aciem
1502 2020 1640 2074 copias

290 2082 446 2131 eduxit,
484 2097 559 2122 nec
589 2081 800 2122 Hannibal
830 2082 1069 2122 detractavit
1101 2090 1306 2122 certamen
1337 2082 1474 2122 multis
1505 2081 1640 2123 verbis

290 2144 526 2184 adhortatus
552 2144 719 2192 milites,
744 2151 789 2183 ut
808 2157 1008 2184 memores
1030 2143 1303 2184 Trasumenni
1324 2143 1641 2196 Cannarumque

291 2205 585 2245 contunderent
609 2205 805 2245 ferociam
830 2205 986 2245 hostis:
1036 2219 1181 2259 urgere
1212 2212 1332 2258 atque
1358 2205 1509 2245 instare
1534 2219 1640 2253 eum,

289 2281 370 2306 non
395 2273 527 2306 castra
557 2281 706 2320 ponere
737 2266 844 2320 pati,
882 2281 964 2306 non
994 2267 1192 2320 respirare
1223 2274 1292 2306 aut
1317 2266 1639 2320 circumspicere.

291 2327 437 2367 cotidie
464 2328 584 2367 simul
610 2328 803 2368 orientem
832 2327 959 2368 solem
991 2335 1030 2367 ct
1054 2327 1285 2368 Romanam
1311 2327 1439 2367 aciem
1463 2327 1505 2366 in
1531 2341 1642 2367 cam-

290 2388 352 2441 pis
378 2388 596 2428 videndam
622 2403 724 2429 esse.
782 2388 815 2428 si
840 2403 920 2428 uno
945 2388 1098 2442 proelio
1125 2388 1222 2428 haut
1247 2388 1482 2429 incruentus
1507 2387 1639 2436 abeat,

291 2444 466 2501 quie’tius
493 2450 638 2490 deinde
664 2450 1000 2503 tranquilliusque
1027 2464 1120 2490 eum
1146 2450 1402 2490 bellaturum.
1458 2450 1521 2490 his
1546 2449 1642 2489 inri-

292 2510 363 2549 tati
389 2510 739 2551 adhortationibus
772 2511 974 2564 simulque
1005 2512 1139 2552 taedio
1169 2511 1346 2552 ferociae
1370 2511 1550 2551 hostium
1575 2524 1641 2550 co-

294 2571 389 2611 tidie
419 2572 656 2613 instantium
686 2573 1055 2626 lacessentiumque
1087 2573 1230 2614 acriter
1259 2573 1457 2627 proelium
1488 2573 1638 2612 ineunt.

228 2644 269 2674 14
293 2640 519 2685 pugnatum
544 2635 718 2688 amplius
744 2634 902 2675 duabus
928 2635 1038 2675 horis
1065 2641 1138 2675 est.
1193 2635 1336 2675 cedere
1361 2634 1455 2674 inde
1480 2633 1531 2673 ab
1555 2632 1639 2672 Ro-

295 2693 423 2733 manis
449 2694 591 2735 dextra
615 2695 680 2736 ala
704 2703 744 2736 et
769 2696 1061 2736 extraordinari
1086 2710 1266 2749 coepere.
1305 2695 1414 2747 quod
1439 2693 1509 2734 ubi
1527 2692 1640 2732 Mar-
