1815 3184
212 251 264 281 VI

211 336 278 360 ceo
293 336 380 360 vero
395 325 442 360 ab
457 325 587 359 eodem
599 322 839 357 Alschefskio
854 332 920 365 per

210 381 322 404 unum
344 370 407 404 lib.
427 369 532 403 XXI.
575 367 706 402 ubiubi
730 367 843 410 igitur
868 367 918 399 le-

211 415 324 449 ctioni
339 418 425 458 post
449 417 591 447 notam:
617 412 833 456 propositae
854 421 917 443 au-

210 464 348 493 ctorem
369 459 535 492 additum
554 468 629 490 non
656 455 834 496 invenies,
854 464 920 497 per

208 503 369 548 priorem
383 507 524 547 partem
538 502 621 534 libri
635 499 725 532 XXI
740 509 857 541 usque
872 498 918 531 ad

210 548 354 582 initium
380 548 460 581 cod.
476 547 506 579 P
528 546 710 588 scriptura
734 543 800 575 illa
819 546 919 575 extat

210 593 248 626 in
264 593 349 633 CM,
376 602 442 634 per
457 590 636 633 reliquam
655 587 693 620 in
708 586 827 629 PCM,
853 597 919 630 per

209 638 325 670 libros
346 635 457 668 XXII
477 638 513 667 et
532 632 666 666 XXIII
692 632 728 664 in
747 630 828 674 PC,
853 642 919 675 per

208 680 360 715 XXIIII
384 689 502 723 usque
528 678 575 711 ad
606 680 807 710 extremam
834 675 917 708 libri

207 725 315 759 XXX
329 728 473 768 partem
486 723 523 755 in
538 722 586 763 P,
612 721 649 753 in
670 720 753 764 ipsa
773 720 844 754 hac
858 731 916 753 ex-

207 774 322 804 trema
335 772 439 811 parte
454 766 527 800 inC
541 770 578 799 et
591 764 917 808 Bambergensi

209 814 280 860 (B),
298 814 360 857 qui
381 812 488 846 codd.
510 810 579 844 MC
604 814 661 844 est
684 810 798 853 paulo
824 809 916 843 infe-

207 859 293 891 rior.
330 857 428 890 inter
455 855 562 890 codd.
589 854 772 898 reliquos,
799 865 845 887 ne
872 854 916 887 de

207 913 390 946 perparvo
407 902 568 945 quodam
582 900 666 932 libri
677 899 804 932 XXVI
818 899 918 943 frag-

206 944 916 990 mentoGottingensisaec.XIIloquar,

207 991 311 1025 euius
342 991 521 1025 lectiones
546 989 712 1033 potiores
740 999 805 1022 suo
834 989 916 1022 loco

207 1037 408 1070 adnotatas
423 1035 599 1075 invenies,
611 1045 690 1067 cum
710 1034 765 1066 Pe
777 1033 915 1066 tavia—

207 1092 262 1115 nu
272 1093 290 1114 s
304 1081 439 1115 eminet
454 1081 497 1113 ab
505 1078 767 1113 I.F.G1·onovio
778 1079 916 1123 saepius

207 1125 245 1159 in
269 1137 374 1158 usum
394 1129 549 1158 vocatus
575 1128 651 1156 tum
678 1122 915 1156 Cantabri-

206 1170 379 1215 giensis
405 1168 718 1203 alaeGronovio
746 1168 915 1205 collatus,

207 1215 268 1259 qui
290 1215 388 1248 haud
410 1214 557 1259 quidem
576 1223 660 1246 raro
682 1212 808 1255 optimi
832 1212 915 1245 libri

206 1260 388 1293 lectiones
404 1258 573 1300 servavit,
584 1269 654 1290 non
669 1257 789 1290 minus
805 1268 915 1300 saepe

205 1308 329 1338 tamen
376 1302 731 1347 interpolationibus
781 1306 912 1335 scatet.

207 1348 342 1393 quibus
363 1359 408 1381 ne
430 1347 647 1391 purissimus
669 1346 817 1390 quidem
840 1351 914 1379 tex-

205 1397 264 1426 tus
279 1392 425 1425 Liviani
440 1392 524 1426 fons
540 1392 687 1425 omnino
704 1394 823 1433 caret,
850 1401 916 1433 per

207 1437 435 1471 recentiores
465 1447 553 1469 vero
587 1436 702 1469 libros
734 1435 914 1468 latissime

205 1486 436 1526 propagatae
453 1485 554 1523 sunt,
575 1480 626 1513 ita
640 1484 780 1523 tamen,
802 1485 842 1512 ut
856 1479 914 1512 hic

206 1527 284 1559 illic
309 1526 466 1559 lacunae
486 1526 534 1558 ab
558 1524 697 1568 optimo
716 1524 810 1557 libro
830 1524 912 1557 reli—

208 1576 289 1605 ctae
317 1581 360 1604 ex
388 1570 550 1614 genuino
571 1569 697 1614 aliquo
720 1568 824 1602 fonte
845 1569 914 1602 Pu-

741 251 958 277 ADNO'rATxo
985 249 1134 275 CRITICA

947 321 1244 365 orthographicis
1265 322 1326 355 hic
1351 321 1428 355 illic
1454 322 1582 366 optimi
1606 323 1648 361 lif

946 366 1002 399 bri
1027 365 1208 399 lectiones
1234 366 1270 399 in
1303 366 1544 401 adnotatione
1570 371 1649 402 tan-

946 414 1020 442 tum
1036 410 1335 453 commemoravi,
1360 421 1406 443 ne
1428 410 1503 444 sive
1523 411 1652 446 tironi-

946 454 1014 486 bus
1042 454 1117 487 sive
1143 454 1307 488 evocatis
1332 454 1523 488 molestias
1551 467 1649 490 crea-

945 508 1031 531 rem.
1058 498 1263 542 scripturae
1279 499 1506 543 compendiis
1521 500 1557 533 in
1566 501 1650 534 adn.

945 542 1023 575 crit.
1037 548 1184 586 praeter
1199 544 1304 577 codd.
1321 548 1430 577 notas
1446 555 1558 588 supra
1572 545 1652 579 lau-

946 587 1069 630 datas,
1098 587 1231 632 quibus
1257 589 1408 622 eaedem
1434 589 1563 623 literae
1589 589 1651 622 mi-

945 642 1054 665 nores
1080 633 1263 666 accedunt
1285 634 1515 676 singulorum
1541 634 1649 668 codd.

946 687 1074 709 manus
1117 677 1253 710 alteras
1297 677 1569 722 significantes,
1613 682 1652 712 et

945 725 1092 764 praeter
1116 732 1232 754 uncos
1259 732 1342 755 cum
1367 723 1546 755 rotundos
1572 727 1650 756 tum

946 765 1166 809 quadratos,
1196 777 1349 810 quorum
1369 766 1422 799 illi
1444 766 1649 810 eximenda,

945 810 981 842 hi
1002 820 1131 843 recens
1153 811 1279 845 addita
1305 809 1534 854 significant,
1561 823 1651 845 usus

946 866 1024 888 sum
1038 855 1114 888 his:
1139 855 1492 889 Bas.a=ed.Basil.
1509 856 1650 899 a.1531‚

946 899 1028 933 Bas.
1045 900 1196 934 b.=ed.
1212 901 1324 933 Basil.
1339 911 1371 934 a.
1388 900 1486 943 1535,
1502 900 1576 934 LF.
1587 900 1650 934 Gr.

943 963 987 974 ε
1012 944 1172 978 Ioannes
1192 945 1404 979 Fridericus
1427 945 1650 988 Gronovius,

947 989 1652 1031 Drak.=Drakenborchius,Alseh.=

944 1033 1203 1067 Alschefskius
1231 1034 1311 1078 (per
1326 1035 1387 1067 lib.
1398 1034 1510 1067 XXX
1526 1034 1651 1067 Alsch.

944 1090 965 1112 a
986 1079 1043 1112 ed.
1064 1089 1096 1112 a.
1118 1079 1204 1111 1839
1224 1080 1351 1112 Alsch.
1372 1079 1395 1112 b
1417 1079 1472 1112 ed.
1495 1089 1527 1111 a.
1549 1078 1650 1122 1844)

944 1124 970 1156 F
983 1142 1028 1152 =
1041 1123 1172 1160 Fabri,
1195 1124 1299 1156 cuius
1313 1127 1461 1166 praeter
1475 1123 1652 1156 librorum

944 1168 1037 1202 XXI
1059 1179 1103 1201 ac
1122 1168 1233 1201 XXII
1253 1168 1370 1213 (1837)
1399 1171 1436 1201 et
1454 1167 1588 1200 XXIII
1608 1178 1652 1201 ac

943 1212 1094 1246 XXIIII
1115 1212 1231 1257 (1540)
1260 1213 1443 1246 editiones
1469 1216 1507 1246 et
1527 1222 1652 1245 excer-

944 1264 1006 1301 pta
1027 1268 1069 1290 ex
1087 1257 1167 1291 cod.
1183 1256 1453 1301 Bambergensi
1474 1256 1559 1290 olim
1575 1257 1651 1290 lau-

944 1303 1030 1335 data
1043 1301 1116 1335 huc
1130 1302 1289 1345 pertinet
1302 1312 1536 1345 programma
1545 1301 1650 1334 scho-

945 1346 1113 1380 lasticum
1146 1347 1460 1390 Norimbergense
1498 1357 1530 1379 a.
1562 1345 1651 1379 1842

943 1391 1203 1425 ‘emendantur
1233 1402 1275 1424 ex
1300 1391 1394 1424 Livii
1428 1390 1522 1424 libro
1556 1391 1651 1424 vice-

943 1436 1032 1469 simo
1065 1440 1168 1469 sexto
1202 1435 1274 1469 loci
1307 1435 1453 1468 circiter
1478 1435 1651 1475 centum,'

942 1481 1038 1514 Bott.
1052 1498 1096 1510 =
1110 1480 1139 1514 I.
1156 1481 1197 1513 F.
1215 1479 1408 1514 Bottcberi
1428 1480 1485 1513 ed.
1499 1479 1540 1513 T.
1556 1479 1652 1512 Livii

942 1525 987 1559 de
1035 1525 1148 1558 rebus
1195 1524 1440 1568 Syracusanis
1490 1524 1651 1567 capitum

943 1570 1075 1603 Dresd.
1096 1580 1128 1603 a.
1150 1570 1257 1611 1839,
1281 1569 1380 1602 Bott.
1395 1580 1416 1602 a
1430 1586 1474 1597 Ξ
1488 1568 1652 1602 eiusdem

205 1619 339 1649 teaneo
365 1614 532 1659 pleniore
558 1614 595 1648 in
630 1613 813 1648 deteriore
844 1613 914 1647 hac
942 1613 1116 1656 praefatt.
1143 1614 1262 1647 libelli
1284 1614 1328 1647 de
1350 1613 1426 1647 reb.
1447 1612 1573 1656 Syrac.
1594 1624 1652 1656 ap.

206 1660 375 1694 codicum
401 1660 521 1694 classe
549 1659 596 1704 (ς)
628 1659 799 1701 expletae
833 1668 913 1691 esse
940 1659 1020 1692 Liv.
1041 1663 1078 1692 et
1092 1659 1190 1691 Plut.
1208 1658 1341 1691 Dresd.
1362 1669 1394 1691 a.
1415 1657 1520 1700 18383
1547 1658 1654 1691 W=

204 1705 417 1745 videantur,
443 1709 485 1737 ut
510 1699 572 1737 lib.
591 1703 750 1745 XXVII,
777 1703 832 1745 34,
853 1702 913 1744 133

204 1749 394 1792 XXVIII,
420 1749 480 1792 23,
500 1749 539 1791 83
566 1748 770 1790 XXVIIII,
792 1748 852 1791 21,
872 1747 912 1790 43

205 1793 330 1836 XXX,
345 1793 377 1836 4,
393 1794 426 1827 6.
464 1793 650 1837 vixigitur
669 1793 790 1826 ubivis
812 1797 912 1826 certo

206 1838 351 1872 definiri
377 1838 530 1882 poterit,
564 1838 652 1882 quid
684 1848 727 1871 ex
759 1837 911 1881 limpido

943 1702 1271 1737 XVcissenbornius
1303 1702 1423 1747 (cuius
1456 1702 1595 1735 nomini
1622 1701 1652 1734 si

941 1748 1032 1781 nihil
1047 1748 1213 1782 additum
1229 1752 1287 1782 est
1302 1746 1544 1792 significatur,
1559 1746 1651 1780 utin

941 1794 1063 1836 priore
1078 1793 1263 1826 volumine
1275 1818 1283 1834 ,
1310 1792 1420 1826 lectio
1441 1792 1478 1825 in
1493 1796 1651 1835 utraque

941 1839 996 1871 ed.
1016 1839 1075 1871 vel
1096 1842 1247 1881 recepta
1267 1837 1325 1871 vel
1346 1837 1557 1881 proposita,
1586 1836 1651 1870 th

205 1884 277 1916 hoc
297 1882 400 1916 fonte
421 1883 612 1923 haustum,
641 1882 729 1927 quid
751 1893 793 1916 ex
809 1893 911 1925 mge-
938 1901 983 1912 ι
1012 1883 1068 1916 ed.
1101 1882 1383 1924 Teubneriana,
1416 1882 1498 1915 Ww
1522 1898 1565 1909 =
1591 1881 1649 1914 cd.

204 1927 265 1961 nio
291 1938 313 1961 a
332 1928 492 1961 librariis
512 1927 678 1960 additum
705 1927 768 1968 sit,
795 1928 912 1970 plera-

206 1983 277 2016 que
297 1976 419 2007 tamen
441 1972 519 2006 eius
540 1972 686 2015 generis
706 1971 754 2005 ad
774 1971 841 2004 hos
856 1982 911 2004 re—

205 2017 376 2050 vocanda
395 2028 476 2051 esse
522 2021 615 2059 atet,
643 2027 736 2061 quae
758 2027 801 2049 eo
823 2027 911 2049 sane

205 2072 280 2095 non
305 2061 460 2095 meliora
512 2065 578 2094 unt
608 2061 709 2106 quod
736 2065 821 2094 ante
848 2060 910 2094 ali-

206 2110 297 2150 quot
317 2106 468 2140 saecula
487 2106 700 2149 excogitata
719 2110 820 2138 sunt:
847 2106 911 2138 sed

206 2161 341 2184 eumne
352 2151 538 2185 deteriora
553 2150 700 2195 quidem
715 2150 799 2184 inde
810 2149 911 2189 fiant,

205 2206 250 2229 ea
270 2195 431 2238 servavi,
456 2195 681 2239 ubicumque
696 2194 849 2228 meliora
868 2195 912 2227 iis

205 2251 275 2274 nec
295 2241 342 2274 ab
357 2241 439 2274 aliis
462 2240 663 2274 substituta
677 2239 912 2273 inveniebam

204 2296 275 2318 nec
288 2286 366 2329 ipse
378 2286 602 2319 substituere
611 2289 787 2328 poteram.
807 2284 912 2318 uncis

207 2330 398 2373 quadratis
421 2333 462 2374 []
485 2341 529 2364 ea
544 2341 638 2374 quae
660 2340 704 2362 ex
725 2330 832 2364 codd.
853 2330 911 2363 vel

207 2375 452 2408 deterioribus
477 2379 629 2419 recepta
650 2378 735 2407 sunt
754 2379 829 2407 tum
851 2375 911 2408 de-

206 2430 301 2452 mum
316 2419 460 2462 inclusi,
477 2419 506 2453 si
521 2419 786 2463 apertissimam
802 2419 911 2452 inter-

206 2464 407 2506 polationis
433 2470 560 2498 notam
584 2475 673 2507 prae
701 2475 739 2497 se
760 2464 912 2499 ferrent.

205 2513 400 2552 praeterea
436 2509 473 2542 in
510 2509 651 2543 decade
681 2509 752 2542 hac
788 2520 912 2542 recen-

208 2553 324 2586 senda.
360 2554 516 2588 eandem
555 2564 722 2587 normam
763 2558 912 2587 secutus

208 2608 285 2629 sum
301 2608 410 2642 quam
425 2598 461 2630 in
475 2598 588 2640 prima
615 2599 912 2641 observaveram,

942 1925 1651 1968 IVeidmannianaAVw2=edNVeidm.

940 1972 1002 2005 lib.
1028 1971 1313 2005 XXI—XXIII
1344 1972 1479 2013 altera,
1512 1971 1584 2004 wa
1608 1987 1651 1998 =

940 2016 1220 2050 emendationes
1242 2016 1289 2049 ad
1310 2017 1461 2050 eosdem
1482 2015 1598 2049 libros
1613 2014 1651 2048 in

940 2061 995 2094 ed.
1018 2060 1306 2094 Alschefskiana
1331 2061 1469 2094 maiore
1494 2060 1563 2102 III,
1583 2060 1650 2093 868

940 2117 1019 2150 sqq.
1045 2106 1280 2149 propositae,
1315 2105 1377 2139 Wl
1402 2122 1444 2133 =
1470 2105 1650 2138 lectiones

939 2150 1146 2195 Livianae),
1165 2150 1201 2183 H
1216 2167 1257 2178 =
1271 2149 1562 2193 Heerwagenius
1584 2147 1656 2194 (Hf

939 2195 1051 2229 =ed.
1073 2195 1137 2228 lib.
1159 2195 1252 2228 XXI
1274 2200 1311 2228 et
1330 2194 1440 2228 XXII
1462 2193 1652 2227 Fabriana

940 2240 1076 2277 altera:
1103 2240 1176 2273 Hm
1194 2258 1239 2269 z
1258 2239 1397 2273 iudicia
1417 2239 1581 2272 eiusdem
1604 2238 1650 2271 de

940 2285 1023 2318 edd.
1044 2284 1173 2318 aliisve
1201 2284 1347 2327 scriptis
1374 2284 1421 2318 ad
1442 2284 1570 2317 literas
1591 2282 1651 2315 Li-

941 2330 1068 2363 vianas
1083 2330 1355 2374 pertinentibus
1369 2328 1507 2362 nuntiis
1517 2327 1648 2362 erudit.

943 2374 1086 2408 Monac.
1102 2374 1255 2417 inserta,
1278 2374 1347 2407 Hw
1360 2392 1405 2404 ε
1419 2372 1650 2407 observatio-

940 2430 1005 2453 nes
1020 2431 1040 2453 a
1055 2419 1364 2453 XVeissenbornio
1388 2427 1650 2452 commemora-

941 2469 1000 2497 tae
1021 2464 1286 2508 privatimque,
1312 2468 1354 2497 ut
1378 2463 1542 2506 videtur,
1569 2473 1650 2495 cum

941 2509 1071 2543 eodem
1093 2509 1416 2553 communicatae).
1444 2518 1538 2552 quae
1561 2510 1598 2540 et
1610 2505 1649 2538 hi

941 2559 977 2587 et,
1002 2553 1064 2587 alii
1091 2565 1135 2587 ex
1160 2553 1431 2587 recentioribus
1459 2552 1506 2585 ad
1526 2561 1649 2584 emen-

941 2599 1084 2632 dandos
1111 2599 1179 2631 hos
1211 2598 1327 2631 libros
1358 2597 1562 2631 attulerunt
1593 2605 1647 2628 se-

208 2652 230 2676 a
264 2642 526 2685 superstitione
559 2653 677 2686 aeque
707 2642 913 2676 abhorrens
941 2644 1028 2676 dulo
1050 2642 1193 2686 inspexi
1211 2643 1373 2687 indeque
1394 2651 1489 2685 quae
1510 2639 1568 2673 vel
1589 2649 1649 2672 ve-

208 2690 318 2730 atque
345 2697 367 2719 a
392 2697 508 2729 prava
532 2687 702 2728 licentia,
733 2686 771 2719 in
802 2687 914 2719 rebus
940 2698 981 2721 ra
1017 2687 1077 2720 vel
1112 2687 1326 2730 probabilia
1363 2686 1576 2719 viderentur
1611 2683 1649 2716 in

209 2731 430 2776 quibusdam
455 2730 713 2765 minutioribus
738 2730 913 2775 imprimis
941 2731 1136 2765 verborum
1173 2730 1338 2764 ordinem
1370 2728 1512 2773 recepi,
1551 2738 1647 2773 quae
