1815 3184
318 247 400 289 356
610 252 763 286 LIBER
786 251 950 295 XXVII,
976 252 1030 285 27.
1050 252 1104 285 28.
1133 252 1369 296 [a.u.c.54ss]

320 374 344 398 a
369 355 512 397 castris
537 369 783 408 progressos
809 362 951 408 posset
977 354 1184 408 excipere,
1217 353 1382 408 signum
1406 354 1494 402 dat,
1524 362 1570 395 ut
1592 371 1665 410 pa-

272 433 291 460 4
316 419 414 458 riter
446 417 496 457 ab
526 416 711 469 utrisque
742 415 937 456 lateribus
970 424 1247 456 exorerentur.
1307 430 1389 456 non
1421 422 1514 455 ante
1540 431 1665 470 appa-

316 494 432 520 ruere
477 478 624 530 quibus
668 477 799 518 obviis
844 478 895 518 ab
935 478 1032 531 iugo
1067 477 1158 531 ipso
1196 477 1529 531 consurgendum
1565 485 1663 525 erat,

273 555 291 583 5
317 555 439 593 quam
477 539 714 580 circumiere
751 539 820 591 qui
857 539 908 579 ab
946 547 1062 593 tergo
1098 539 1355 579 includerent
1390 539 1512 579 viam.
1579 546 1665 578 tum

316 602 497 654 undique
523 615 665 641 omnes
692 600 823 641 exorti
848 608 888 641 et
913 601 1090 641 clamore
1117 600 1277 641 sublato
1297 600 1496 654 impetum
1516 600 1665 640 fecere.

319 678 411 703 cum
441 663 483 702 in
514 677 562 702 ea
593 662 699 702 valle
731 662 920 702 consules
954 670 1111 711 essent,
1142 670 1188 702 ut
1211 676 1344 714 neque
1370 661 1545 702 evadere
1569 676 1666 716 pos-

318 732 409 765 sent
432 724 475 763 in
499 724 642 778 iugum
668 731 914 778 occupatum
939 724 990 763 ab
1016 724 1134 764 hoste
1154 737 1229 763 nec
1248 719 1459 777 receptum
1479 723 1530 763 ab
1550 730 1665 776 tergo

318 786 585 826 circumventi
628 784 844 833 haberent,
895 785 1055 825 extrahi
1097 792 1235 825 tamen
1271 785 1421 825 diutius
1460 792 1666 825 certamen

316 848 539 902 potuisset,
582 847 624 886 ni
660 855 805 901 coepta
844 847 894 887 ab
924 847 1115 887 Etruscis
1152 847 1253 901 fuga
1287 861 1483 901 pavorem
1521 846 1666 886 ceteris

274 923 291 951 6
316 909 537 949 iniecisset.
597 923 680 949 non
710 916 849 949 tamen
881 909 1055 949 omisere
1081 924 1264 963 pugnam
1291 908 1441 949 deserti
1467 909 1518 948 ab
1542 908 1667 948 Etru-

319 971 398 1011 scis
422 970 677 1025 Fregellani,
711 970 842 1010 donec
872 970 1022 1024 integri
1054 970 1244 1011 consules
1276 969 1476 1010 hortando
1506 969 1667 1023 ipsique

273 1046 290 1073 7
319 1047 370 1072 ex
394 1039 509 1086 parte
534 1032 759 1086 pugnando
790 1046 877 1072 rem
909 1032 1185 1080 sustinebant3
1226 1032 1299 1072 sed
1327 1039 1548 1086 postquam
1579 1031 1668 1070 vul-

317 1103 482 1134 neratos
509 1094 629 1133 ambo
657 1093 866 1141 consules,
892 1093 1140 1133 BIarccllum
1166 1093 1287 1133 etiam
1313 1094 1556 1133 transfixum
1580 1092 1667 1131 lan-

319 1169 392 1195 cea
416 1154 700 1209 prolabentem
726 1169 777 1194 ex
802 1169 908 1207 equo
928 1155 1218 1195 moribundum
1238 1155 1395 1201 videre,
1423 1162 1509 1193 tum
1528 1160 1566 1193 et
1587 1153 1666 1207 ipsi

317 1215 574 1270 —perpauci
611 1223 747 1255 autem
791 1223 1031 1269 supererant
1065 1240 1099 1244 —
1135 1230 1229 1255 cum
1267 1214 1460 1269 Crispino
1498 1214 1666 1254 consule

318 1277 478 1317 duobus
504 1276 646 1317 iaculis
672 1276 752 1316 icto
778 1284 817 1316 et
837 1276 1037 1317 Marcello
1064 1277 1326 1316 adulescente
1354 1275 1490 1316 saucio
1517 1283 1555 1315 et
1576 1276 1666 1330 ipso

274 1351 293 1380 8
320 1339 566 1392 effugerunt.
626 1337 867 1377 interfectus
895 1338 1029 1377 Aulus
1054 1338 1239 1377 Elanlius
1266 1337 1452 1376 tribunus
1477 1337 1665 1385 militum,

318 1408 358 1440 et
389 1415 438 1439 ex
470 1399 630 1439 duobus
661 1398 881 1452 praefectis
915 1399 1072 1438 socium
1102 1399 1272 1438 Manius
1304 1398 1454 1437 Aulius
1492 1397 1665 1446 occisus,

318 1461 520 1501 Arrenius
554 1467 711 1514 captus.
773 1467 813 1500 et
847 1459 1010 1499 lictores
1049 1459 1264 1500 consulum
1301 1458 1480 1511 quinque
1512 1458 1595 1498 vivi
1625 1459 1667 1498 in

317 1523 499 1563 hostium
541 1530 789 1576 potestatem
832 1529 1050 1569 venerunt,
1094 1521 1217 1561 ceteri
1255 1528 1324 1561 aut
1358 1520 1563 1560 interfecti
1600 1528 1670 1561 aut

275 1598 293 1627 9
320 1599 413 1623 cum
455 1583 624 1624 consule
669 1583 916 1636 effugerunt.
978 1582 1162 1635 equitum
1200 1590 1282 1623 tres
1321 1589 1361 1622 et
1396 1582 1669 1636 quadraginta

320 1654 388 1685 aut
418 1645 459 1684 in
489 1644 644 1699 proelio
677 1650 746 1683 aut
776 1643 818 1683 in
849 1644 950 1698 fuga
981 1644 1234 1693 ceciderunt,
1273 1643 1555 1698 duodeviginti
1586 1644 1668 1684 vivi

252 1722 292 1751 10
319 1706 438 1760 capti.
499 1705 791 1745 tumultuatum
814 1705 858 1745 in
883 1706 1027 1745 castris
1054 1706 1205 1754 fuerat,
1232 1713 1277 1745 ut
1301 1705 1538 1746 consulibus
1563 1705 1669 1745 irent

318 1767 521 1816 subsidio,
548 1781 641 1807 cum
668 1766 879 1807 consulem
905 1774 944 1807 et
968 1767 1097 1807 filium
1117 1767 1283 1807 alterius
1304 1767 1484 1808 consulis
1506 1766 1667 1807 saucios

317 1830 571 1884 exiguasque
596 1828 770 1869 infelicis
798 1829 1068 1883 expeditionis
1094 1829 1290 1881 reliquias
1319 1829 1371 1869 ad
1396 1835 1531 1869 castra
1555 1828 1669 1868 veni-

252 1907 288 1935 11
317 1899 432 1932 entes
470 1898 654 1931 cernunt.
715 1905 826 1931 mors
863 1890 1054 1930 Effarcelli
1096 1905 1189 1930 cum
1231 1890 1382 1942 alioqui
1422 1889 1666 1930 miserabilis

317 1954 412 2002 fuit,
450 1960 536 1993 tum
567 1953 679 2006 quod
710 1967 787 1993 nec
817 1967 892 2007 pro
925 1960 1057 1993 aetate
1081 1977 1114 1982 —
1138 1953 1267 1993 maior
1297 1952 1379 1992 iam
1409 1952 1518 1992 enim
1550 1967 1668 1992 sexa-

317 2015 433 2069 ginta
470 2014 586 2054 annis
626 2023 715 2055 erat
753 2039 786 2043 —
822 2028 956 2067 neque
999 2029 1073 2068 pro
1111 2014 1260 2055 veteris
1298 2013 1516 2067 prudentia
1552 2013 1667 2053 ducis

316 2084 401 2117 tam
426 2076 640 2130 inprovide
667 2091 712 2117 se
738 2076 1035 2131 conlegamque
1061 2083 1101 2116 et
1123 2091 1251 2131 prope
1277 2082 1405 2117 totam
1429 2090 1516 2115 rem
1535 2074 1669 2130 publi-

317 2152 408 2178 cam
432 2138 473 2177 in
498 2152 699 2192 praeceps
726 2138 907 2178 dederat.

252 2214 290 2244 12
400 2200 560 2240 BIultos
592 2200 700 2240 circa
730 2214 855 2239 unam
885 2215 972 2240 rem
1003 2199 1181 2240 ambitus
1208 2199 1394 2248 fecerim,
1428 2198 1462 2238 si
1487 2212 1592 2251 quae
1618 2198 1668 2238 de

252 2275 291 2305 13
317 2262 506 2302 Marcelli
530 2269 662 2302 morte
688 2261 849 2301 variant
873 2268 1061 2301 auctores
1087 2261 1225 2302 onmia
1249 2261 1397 2314 exequi
1429 2260 1564 2300 velim.
1624 2266 1670 2299 ut

318 2323 502 2364 omittam
529 2323 649 2371 alios,
683 2322 852 2364 Coelius
879 2323 1080 2376 triplicem
1105 2331 1247 2377 gestae
1272 2322 1331 2363 rei
1357 2322 1541 2363 ordinem
1567 2320 1667 2362 edit:

317 2399 442 2425 unam
467 2385 659 2425 traditam
684 2385 814 2433 fama,
841 2384 1012 2424 alteram
1034 2381 1227 2439 scriptam
1245 2384 1480 2424 laudatione
1498 2383 1574 2432 fili,
1600 2381 1669 2435 qui

316 2447 375 2486 rei
401 2454 542 2500 gestae
567 2446 815 2494 interfuerit,
841 2445 1020 2494 tertiam,
1048 2460 1171 2499 quam
1190 2446 1278 2500 ipse
1305 2460 1379 2499 pro
1404 2444 1599 2497 inquisita
1623 2457 1670 2483 ac

254 2521 293 2549 14
320 2507 397 2547 sibi
423 2515 618 2562 conperta
642 2508 787 2548 adfert.
851 2514 1032 2547 ceterum
1062 2507 1119 2547 ita
1149 2508 1261 2547 fama
1284 2505 1433 2554 variat,
1464 2513 1509 2546 ut
1533 2512 1670 2545 tamen

318 2569 502 2622 plerique
538 2569 618 2610 loci
650 2568 890 2623 speculandi
921 2583 1047 2609 causa
1078 2568 1223 2609 castris
1255 2582 1489 2622 egressum,
1526 2579 1667 2607 omnes

319 2629 476 2670 insidiis
505 2631 828 2671 circumventum
853 2631 1028 2671 tradant.

279 2704 293 2732 1
408 2691 628 2733 XXVIII.
667 2692 879 2732 Hannibal
899 2706 1096 2745 magnum
1115 2698 1312 2732 terrorem
1332 2689 1517 2730 hostibus
1538 2693 1668 2727 morte
