1815 3184
236 1458 277 1488 10

237 1582 274 1610 11

257 1891 274 1919 Νι

307 224 389 264 218
638 227 791 261 LIBER
815 227 944 271 XXV,
970 227 1002 262 4.
1022 227 1054 261 5.
1083 230 1131 270 [a.
1146 239 1181 262 u.
1197 239 1226 261 c.
1240 228 1323 271 542]

302 349 397 374 nem
411 331 608 385 coegisse,
630 335 770 370 contra
788 329 987 384 populum
1000 329 1235 370 Romanum
1254 330 1383 370 aciem
1400 329 1654 381 instruxisse,

302 396 438 435 locum
464 405 709 446 occupasse,
736 398 781 431 ut
805 391 990 432 tribunos
1010 407 1034 432 a
1053 390 1172 446 plebe
1197 391 1501 441 intercluderet,
1527 393 1655 434 tribus

302 456 344 495 in
376 454 619 508 suffragium
649 453 787 494 vocari
822 452 1067 507 prohiberet.
1127 452 1226 492 nihil
1257 452 1367 493 aliud
1397 468 1421 493 a
1451 453 1575 493 caede
1610 469 1658 495 ac

301 516 560 557 dimicatione
586 515 840 556 continuisse
865 515 1052 555 homines
1079 514 1157 556 nisi
1181 514 1418 569 patientiam
1443 515 1658 570 magistra-

301 586 435 627 tuum,
471 578 583 631 quod
607 577 804 618 cesserint
833 577 876 617 in
899 577 1130 631 praesentia
1159 576 1287 617 furori
1317 583 1438 629 atque
1463 577 1658 618 audaciae

302 654 526 695 paucorum
551 639 741 692 vincique
767 653 810 680 se
835 654 883 679 ac
902 639 1100 693 populum
1113 638 1348 679 Romanum
1374 638 1487 692 passi
1513 638 1594 679 sint
1619 645 1658 679 et

302 702 482 750 comitia,
520 715 626 754 quae
656 715 750 742 reus
782 701 823 741 vi
853 707 976 753 atque
1007 700 1130 741 armis
1162 699 1440 754 prohibiturus
1466 706 1569 748 erat,
1607 714 1659 741 ne

301 779 425 805 causa
450 762 739 817 quaerentibus
765 763 1067 803 dimicationem
1088 762 1268 811 daretur,
1295 761 1503 803 voluntate
1527 762 1658 816 ipsius

303 826 552 868 sustulerint.
612 825 715 866 haec
750 839 844 866 cum
881 824 932 866 ab
963 824 1117 879 optimo
1149 839 1312 877 quoque
1342 839 1416 878 pro
1447 825 1658 865 atrocitate

300 889 359 930 rei
390 894 558 942 accepta
589 893 727 928 essent
757 887 922 940 vimque
954 901 1044 928 eam
1075 894 1216 927 contra
1251 901 1338 927 rem
1373 886 1582 941 publicam
1618 893 1659 927 et

301 951 529 1005 pernicioso
567 949 754 1003 exemplo
791 949 943 990 factam
981 955 1147 990 senatus
1179 949 1404 999 decresset,
1443 949 1660 990 confestim

303 1011 473 1054 Carvilii
504 1011 655 1052 tribuni
678 1011 810 1066 plebis
843 1011 996 1052 omissa
1027 1011 1179 1052 multae
1211 1012 1431 1052 certatione
1461 1012 1520 1052 rei
1550 1011 1660 1065 capi-

303 1075 393 1115 talis
425 1075 534 1115 diem
558 1074 773 1115 Postumio
804 1074 992 1114 dixerunt
1024 1089 1090 1123 ac,
1128 1075 1169 1114 ni
1194 1074 1319 1115 vades
1345 1074 1478 1123 daret,
1515 1073 1659 1128 prendi

303 1152 326 1177 a
362 1136 516 1176 viatore
553 1143 674 1189 atque
704 1136 746 1175 in
777 1150 982 1176 carcerem
1013 1136 1108 1176 duci
1138 1136 1357 1176 iusserunt.
1416 1135 1658 1176 Postumius

304 1197 476 1238 vadibus
503 1198 607 1237 datis
632 1212 715 1238 non
740 1198 884 1238 adfuit.
939 1197 1090 1238 tribuni
1113 1197 1277 1251 plebem
1300 1204 1549 1251 rogaverunt
1573 1197 1659 1251 plc-

302 1259 457 1312 besquc
488 1259 543 1299 ita
576 1259 713 1308 scivit,
752 1259 787 1299 si
816 1258 878 1299 M.
905 1259 1144 1300 Postumius
1177 1265 1270 1300 ante
1301 1259 1381 1300 kal.
1408 1258 1544 1300 Maias
1576 1274 1659 1300 non

302 1321 507 1375 prodisset
543 1320 772 1373 citatusque
810 1335 858 1361 eo
895 1321 960 1361 die
996 1336 1078 1361 non
1108 1321 1390 1374 respondisset
1424 1336 1557 1374 neque
1589 1336 1659 1362 ex-

303 1389 469 1423 cusatus
501 1389 628 1430 esset,
666 1383 795 1423 videri
831 1397 925 1422 eum
960 1383 1002 1422 in
1039 1382 1159 1423 exilio
1197 1396 1306 1430 esse,
1344 1382 1534 1435 bonaque
1571 1383 1657 1424 eius

304 1444 458 1493 venire,
485 1444 564 1498 ipsi
589 1459 695 1497 aqua
720 1450 759 1484 ct
783 1444 869 1498 igni
893 1444 1053 1497 placere
1072 1443 1272 1483 interdici.
1312 1443 1484 1497 singulis
1510 1444 1658 1485 deinde

302 1521 460 1554 eorum,
500 1506 569 1558 qui
600 1505 742 1546 turbae
775 1520 823 1546 ac
854 1505 1052 1546 tumultus
1085 1505 1352 1546 concitatores
1385 1505 1564 1555 fuerant,
1601 1507 1660 1547 rei

303 1567 486 1622 capitalis
513 1567 621 1607 diem
647 1567 780 1606 dicere
805 1581 853 1606 ac
878 1567 1004 1607 vades
1035 1581 1204 1621 poscere
1235 1574 1468 1620 coeperunt.
1527 1568 1659 1622 primo

301 1644 382 1669 non
418 1629 570 1676 dantis,
609 1628 756 1668 deinde
793 1628 915 1668 etiam
953 1643 1021 1669 cos
1059 1628 1129 1681 qui
1165 1628 1261 1669 dare
1297 1635 1466 1682 possent
1495 1629 1538 1669 in
1574 1644 1660 1670 car-

301 1704 435 1731 cerem
461 1689 704 1738 coiciebant3
738 1689 852 1730 cuius
878 1690 936 1730 rei
960 1689 1187 1744 periculum
1211 1690 1386 1731 vitantes
1411 1690 1594 1745 plerique
1618 1691 1660 1731 in

302 1751 468 1792 exilium
494 1751 694 1791 abierunt.

387 1814 437 1854 V.
498 1813 625 1854 Hunc
662 1814 774 1854 fraus
812 1813 1143 1868 publicanorum,
1182 1814 1329 1855 deinde
1365 1814 1553 1855 fraudem
1589 1830 1660 1856 au-

301 1877 418 1917 dacia
452 1883 671 1930 protegens
710 1876 864 1916 exitum
906 1875 1061 1917 habuit.
1133 1876 1297 1916 comitia
1332 1877 1427 1917 inde
1463 1877 1659 1931 pontufici

300 1938 478 1978 maximo
505 1938 680 1978 creando
713 1944 808 1978 sunt
840 1937 992 1978 habita.
1053 1952 1102 1979 ea
1127 1938 1291 1978 comitia
1316 1953 1448 1978 novus
1472 1938 1660 1992 pontifex

300 1999 361 2040 M.
402 1999 619 2040 Cornelius
660 1999 872 2054 Cethegus
909 1999 1063 2040 habuit.
1130 2006 1211 2040 tres
1248 1999 1404 2054 ingenti
1440 2000 1659 2041 certamine

300 2063 520 2117 petierunt,
549 2062 600 2115 Q
615 2062 788 2103 Fulvius
809 2061 985 2103 Flaccus
1012 2062 1172 2111 consul,
1200 2062 1269 2115 qui
1295 2069 1334 2102 et
1358 2068 1451 2102 ante
1475 2061 1538 2103 bis
1565 2076 1661 2103 con-

302 2124 366 2165 sul
401 2131 441 2165 et
477 2139 623 2165 censor
657 2124 811 2174 fuerat,
859 2130 899 2164 et
929 2124 978 2165 T.
1010 2124 1193 2166 Manlius
1226 2125 1461 2178 Torquatus
1499 2131 1538 2165 et
1571 2125 1660 2179 ipse

301 2185 462 2226 duobus
499 2185 780 2226 consulatibus
818 2193 857 2226 et
889 2200 1061 2227 censura
1091 2186 1286 2241 insignis,
1325 2194 1364 2227 et
1393 2186 1443 2227 P.
1469 2186 1658 2227 Licinius

304 2246 501 2297 Crassus,
527 2248 597 2301 qui
622 2248 868 2289 aedilitatem
894 2249 1076 2289 curulem
1100 2249 1300 2303 petiturus
1321 2255 1417 2289 erat.
1455 2248 1522 2289 hio
1541 2263 1659 2289 senes

301 2309 604 2363 honoratosque
635 2310 793 2350 iuvenis
824 2310 867 2350 in
898 2325 946 2351 co
984 2311 1204 2351 certamine
1241 2310 1350 2351 vicit.
1422 2316 1515 2350 ante
1551 2310 1660 2350 hunc

301 2372 406 2412 intra
430 2378 594 2412 centum
619 2386 748 2412 annos
774 2378 813 2412 et
838 2372 984 2426 viginti
1013 2387 1134 2413 nemo
1159 2381 1321 2427 praeter
1344 2372 1393 2413 P.
1422 2371 1660 2413 Cornelium

304 2432 523 2474 Calussam
547 2433 732 2488 pontifex
756 2434 961 2475 maximus
988 2442 1148 2476 creatus
1180 2435 1332 2484 fuerat,
1371 2434 1441 2488 qui
1466 2434 1566 2475 sella
1591 2448 1660 2474 cu-

302 2495 379 2535 ruli
404 2510 485 2535 non
512 2496 698 2536 sedisset.

389 2555 593 2598 Consules
619 2557 813 2597 dilectum
839 2572 932 2598 curn
957 2572 1079 2613 aegre
1099 2557 1361 2606 conficerent,
1389 2557 1499 2610 quod
1523 2556 1660 2610 inopia

303 2618 507 2658 iuniorum
531 2634 614 2659 non
638 2619 758 2659 facile
782 2619 825 2659 in
848 2626 1085 2673 utrumque,
1110 2626 1156 2660 ut
1181 2626 1219 2660 et
1243 2634 1374 2661 novae
1400 2618 1578 2659 urbanae
1602 2617 1660 2656 le-

305 2679 447 2733 giones
474 2687 513 2720 et
538 2681 869 2734 supplementum
893 2681 1099 2723 veteribus
1127 2681 1387 2730 scriberetur,
1414 2677 1655 2726 sufficiebat,
