1815 3184
293 254 375 295 2:28
609 261 760 295 LIBER
785 260 913 304 xxv,
941 261 993 294 12.
1016 261 1068 293 13.
1098 262 1333 304 [a.u.0.54·2]

293 372 382 405 tura
428 363 654 417 praeteritis
698 370 809 412 sunt,
860 364 933 404 sed
980 362 1212 418 perplexius
1255 364 1378 404 etiam
1425 365 1646 418 scripturae

247 440 266 469 9
292 440 453 480 genere.
511 425 673 474 ‘hostis‚
700 425 889 474 Romani,
917 426 951 466 si
971 425 1173 480 expellere
1193 426 1336 475 vultis,
1363 426 1523 466 vomica
1541 440 1646 480 quae

290 488 474 542 gentium
499 488 610 528 venit
634 487 773 542 longe,
799 487 985 541 Apollini
1009 488 1219 529 vovendos
1246 503 1394 529 censeo
1419 488 1550 537 ludos,
1577 489 1647 541 qui

291 550 507 602 quotannis
534 549 703 589 comiter
728 548 912 603 Apollini
937 549 1052 598 fiant,
1092 564 1185 590 cum
1210 550 1386 604 populus
1413 550 1570 590 dederit
1595 564 1646 589 ex

289 611 454 666 publico
485 618 661 665 partem,
699 611 847 664 privati
877 610 936 650 uti
967 611 1176 651 conferant
1207 626 1281 665 pro
1313 626 1357 652 se
1393 618 1514 664 atque
1547 611 1645 652 suis.

225 686 265 715 10
289 673 337 713 iis
363 673 470 713 ludis
496 673 695 713 faciendis
720 672 895 726 praeerit
920 680 1083 726 praetor
1106 673 1159 721 is,
1198 673 1268 726 qui
1298 673 1361 714 ius
1386 673 1538 727 populo
1562 672 1648 727 ple-

290 734 437 788 beique
479 734 592 775 dabit
634 749 853 775 summum.
925 735 1146 775 decemviri
1185 733 1346 776 Graeco
1387 736 1467 775 ritu
1502 735 1646 776 hostiis

291 811 405 837 sacra
440 796 604 837 faciant.
666 795 743 837 hoc
782 796 815 836 si
851 802 960 837 recte
996 796 1174 845 facietis,
1217 796 1449 851 gaudebitis
1488 811 1650 851 semper

289 857 438 910 fietque
474 872 538 898 res
575 865 712 898 vestra
747 857 908 898 melior:
957 873 1052 898 nam
1087 858 1122 898 is
1160 858 1273 898 dium
1311 859 1523 913 extinguet
1557 873 1648 913 per-

223 932 261 961 11
290 919 434 959 duellis
460 926 638 968 vestros,
676 919 746 972 qui
770 926 929 960 vestros
956 934 1122 974 campos
1147 927 1321 974 pascunt
1346 920 1535 974 placide’.
1596 920 1648 960 ad

289 981 331 1020 id
362 996 526 1021 carmen
558 981 806 1035 expiandum
837 981 946 1021 diem
976 996 1104 1021 unum
1142 989 1415 1035 sumpserunt.
1482 988 1647 1036 postero

290 1043 354 1083 die
382 1052 546 1084 senatus
573 1043 804 1084 consultum
835 1043 990 1083 factum
1023 1050 1102 1092 est,
1140 1050 1185 1083 ut
1215 1044 1435 1084 decemviri
1465 1044 1516 1084 de
1539 1043 1646 1083 ludis

226 1117 263 1146 12
290 1103 475 1158 Apollini
509 1119 635 1157 reque
671 1105 810 1145 divina
846 1104 1034 1144 facienda
1064 1104 1324 1158 inspicerent.
1386 1119 1433 1145 ea
1463 1118 1557 1144 cum
1587 1104 1647 1145 in-

291 1173 431 1219 specta
465 1166 673 1218 relataque
711 1167 763 1206 ad
800 1172 988 1206 senatum
1009 1174 1181 1218 ,essent,
1220 1173 1465 1207 censuerunt
1495 1173 1644 1219 patres,

289 1227 474 1281 Apollini
509 1227 627 1268 ludos
665 1228 874 1268 vovendos
910 1227 1203 1281 faciendosque
1246 1235 1309 1276 et,
1359 1228 1524 1281 quando
1560 1228 1646 1267 ludi

290 1288 388 1329 facti
424 1295 578 1337 essent,
626 1289 842 1328 duodecim
879 1289 990 1328 milia
1026 1289 1129 1329 aeris
1166 1289 1342 1343 praetori
1378 1290 1430 1330 ad
1464 1304 1550 1329 rem
1586 1289 1646 1329 (li-

225 1362 263 1392 13
290 1350 424 1391 vinam
458 1357 497 1390 et
532 1351 633 1390 duas
665 1350 819 1390 hostias
852 1350 1014 1390 maioris
1047 1351 1215 1391 dandas.
1277 1351 1448 1391 alterum
1480 1357 1644 1391 senatus

291 1412 523 1452 consultum
554 1412 709 1452 factum
741 1419 820 1460 est,
858 1419 902 1451 ut
934 1412 1154 1451 decemviri
1186 1427 1347 1452 sacrum
1374 1410 1535 1453 Graeco
1566 1412 1645 1452 ritu

290 1473 472 1514 facerent
507 1474 638 1526 iisque
675 1473 837 1520 hostiis,
887 1472 1073 1526 Apollini
1109 1472 1214 1513 bove
1252 1480 1394 1514 aurato
1437 1481 1476 1513 et
1513 1474 1644 1527 capris

226 1547 266 1575 14
291 1534 450 1575 duabus
477 1534 579 1575 albis
606 1535 775 1582 auratis,
803 1534 991 1573 Latonae
1017 1533 1121 1574 bove
1148 1533 1300 1574 femina
1325 1541 1476 1574 aurata.
1526 1534 1644 1575 ludos

289 1603 452 1650 praetor
482 1596 523 1635 in
554 1596 660 1635 circo
692 1595 873 1635 maximo
905 1609 998 1635 cum
1030 1594 1212 1635 facturus
1245 1602 1371 1644 esset,
1415 1595 1558 1644 edixit,
1600 1603 1646 1636 ut

288 1657 465 1710 populus
491 1671 563 1710 per
587 1671 657 1696 eos
683 1656 802 1697 ludos
829 1656 977 1710 stipem
1001 1656 1206 1710 Apollini,
1245 1663 1439 1710 quantam
1466 1671 1646 1697 commo-

225 1737 264 1766 15
289 1719 387 1758 dum
412 1726 538 1767 esset,
576 1718 790 1758 conferret.
862 1718 962 1758 haec
989 1725 1051 1759 est
1075 1718 1189 1772 origo
1215 1718 1403 1758 ludorum
1429 1718 1644 1772 Apollina-

288 1780 411 1828 rium,
450 1779 660 1828 victoriae,
688 1795 769 1820 non
794 1779 1040 1820 valetudinis
1067 1794 1183 1834 ergo,
1215 1787 1259 1819 ut
1284 1780 1466 1834 plerique
1491 1787 1642 1829 rentur,

289 1848 475 1882 votorum
500 1841 797 1895 factorumque.
858 1841 1034 1895 populus
1061 1848 1277 1882 coronatus
1305 1842 1521 1896 spectavit,
1558 1858 1645 1882 ma-

290 1910 429 1943 tronae
468 1903 769 1958 supplicavere3
818 1903 943 1957 vulgo
980 1904 1129 1957 apertis
1172 1903 1305 1944 ianuis
1342 1903 1383 1943 in
1418 1904 1643 1957 propatulis

290 1965 441 2019 epulati
473 1972 567 2006 sunt
598 1965 839 2019 celeberque
870 1965 956 2006 dies
987 1965 1098 2007 omni
1129 1965 1464 2006 caerimoniarum
1494 1980 1643 2019 genere

289 2026 378 2066 fuit.

247 2101 259 2128 1
372 2088 501 2129 XIII.
547 2088 655 2130 Cum
674 2089 885 2131 Hannibal
911 2090 1018 2131 circa
1038 2089 1279 2138 Tarentum,
1307 2088 1496 2130 consules
1522 2088 1643 2129 ambo

288 2150 329 2190 in
356 2148 526 2191 Samnio
553 2159 708 2201 essent,
747 2152 820 2193 sed
846 2151 1155 2193 circumsessuri
1182 2150 1369 2205 Capuam
1395 2151 1642 2199 viderentur,

289 2212 400 2264 quod
424 2212 577 2253 malum
603 2214 817 2254 diuturnae
849 2214 1072 2255 obsidionis
1105 2228 1195 2254 esse
1228 2213 1348 2262 solet,
1386 2213 1467 2253 iam
1492 2213 1642 2253 famem

291 2272 493 2327 Campani
525 2275 771 2324 sentiebant,
809 2276 905 2328 quia
937 2282 1161 2316 sementem
1193 2274 1329 2315 facere
1353 2274 1645 2328 prohibuerant

290 2349 359 2375 eos
396 2335 573 2376 Romani
615 2337 830 2377 exereitus.
901 2337 1039 2389 itaque
1074 2336 1233 2391 legatos
1279 2337 1331 2377 ad
1366 2335 1643 2376 Hannibalem

289 2396 486 2437 miserunt
517 2404 698 2447 orantes,
736 2405 797 2447 ut,
835 2398 1075 2452 priusquam
1107 2398 1296 2438 consules
1326 2398 1369 2438 in
1399 2412 1520 2452 agros
1548 2411 1644 2437 suos

291 2458 509 2499 educerent
538 2459 720 2514 legiones
753 2460 923 2513 viaeque
955 2474 1096 2500 omnes
1128 2459 1309 2500 hostium
1339 2459 1554 2514 praesidiis
1584 2459 1645 2499 in-

291 2520 534 2570 siderentur,
561 2522 812 2562 frumentum
831 2537 882 2562 ex
900 2521 1140 2576 propinquis
1165 2521 1265 2562 locis
1292 2521 1463 2562 convehi
1487 2520 1643 2561 iuberet

249 2591 266 2619 3
293 2580 492 2635 Capuam.
553 2583 764 2624 Hannibal
789 2583 1039 2624 Hannonem
1071 2597 1122 2623 ex
1152 2582 1308 2623 Bruttis
1341 2598 1435 2623 cum
1466 2581 1643 2623 exercitu

292 2641 332 2680 in
353 2641 624 2697 Campaniam
649 2645 819 2685 transire
845 2652 884 2685 et
909 2645 1004 2685 dare
1031 2658 1214 2698 operam,
1240 2651 1285 2685 ut
1310 2643 1503 2684 frumenti
1528 2641 1643 2694 copia

249 2716 267 2743 4
292 2701 406 2742 fieret
432 2703 675 2758 Campanis,
701 2705 830 2746 iussit.
880 2705 1032 2746 Hanno
1058 2720 1109 2745 ex
1122 2704 1292 2745 Bruttiis
1317 2704 1523 2758 profectus
1549 2716 1641 2741 cum

245 2347 263 2376 ¹0
