1815 3184
483 238 635 272 LIBER
660 238 824 281 xxvii,
852 237 903 270 17.
933 239 980 280 [a.
995 236 1034 271 6.
1049 236 1130 279 209]
1400 225 1481 266 345

129 343 388 383 incrementis
421 347 618 390 cerneret,
657 356 752 382 suas
783 339 971 381 imminui
1001 353 1048 379 ac
1078 339 1166 379 fore
1196 343 1258 386 ut,
1301 337 1380 378 nisi
1410 352 1482 377 au-

130 405 263 445 dendo
289 404 442 457 aliquid
466 411 665 452 moveret,
702 417 783 456 qua
808 402 1038 456 coepissent
1063 401 1250 449 fluerent,
1289 399 1481 440 dimicare

131 482 253 519 quam
290 466 466 520 primum
504 465 655 505 statuit.
724 463 863 518 Scipio
900 463 1056 504 avidior
1091 463 1213 503 etiam
1249 461 1480 502 certaminis
1507 474 1526 500 5

131 534 233 576 crat,
272 542 364 567 cum
396 543 419 567 a
451 541 540 580 spe,
579 541 702 579 quam
739 540 954 566 successus
990 539 1126 565 rerum
1162 523 1356 577 augebat,
1395 529 1482 563 tum

131 589 258 641 quod,
285 589 523 642 priusquam
547 588 812 642 iungerentur
835 587 1016 627 hostium
1040 586 1256 634 exercitus,
1283 599 1375 625 cum
1401 598 1481 624 uno

132 650 324 690 dimicare
349 650 452 690 duce
478 649 738 702 exercituque
763 663 886 702 quam
913 648 1034 688 simul
1059 662 1152 688 cum
1177 647 1378 687 universis
1398 661 1483 686 ma-

129 711 250 751 lebat.
296 717 494 759 ceterum,
522 711 680 751 etiamsi
705 725 798 751 cum
823 710 1006 764 pluribus
1032 710 1182 763 pariter
1206 708 1483 749 dimicandum
1509 720 1527 748 6

131 772 253 821 foret,
292 780 376 812 arte
412 772 589 825 quadam
626 772 764 825 copias
801 778 980 812 auxerat.
1053 786 1148 811 nam
1185 785 1278 810 cum
1313 770 1481 818 videret,

130 833 289 873 nullum
320 848 410 874 esse
442 833 608 873 navium
639 848 778 881 usum,
816 833 912 885 quia
942 847 1072 872 vacua
1097 832 1227 872 omnis
1253 831 1481 885 Hispaniae

132 910 201 935 ora
227 895 445 944 classibus,
474 895 686 935 subductis
711 895 886 935 navibus
908 894 1140 934 Tarracone
1166 894 1322 935 navalis
1349 894 1481 934 socios

131 957 388 997 terrestribus
415 957 542 1010 copiis
569 956 735 996 addidit.
786 964 824 996 et
850 970 1055 996 armorum
1081 955 1249 995 adfatim
1277 962 1372 1003 erat,
1402 953 1478 1009 [et]
1510 967 1526 995 7

130 1024 342 1071 captorum
375 1017 625 1071 Carthagine
663 1024 701 1057 et
737 1031 841 1069 quae
878 1023 971 1070 post
1007 1023 1168 1070 captam
1205 1031 1294 1056 eam
1331 1016 1484 1056 fecerat

128 1085 238 1118 tanto
264 1078 455 1132 opificum
473 1092 642 1118 numero
666 1078 836 1118 incluso.
874 1092 967 1117 cum
992 1078 1040 1117 iis
1068 1077 1194 1130 copiis
1212 1076 1352 1130 Scipio
1376 1077 1482 1117 veris
1509 1088 1528 1118 8

129 1139 329 1193 principio
366 1139 417 1180 ab
444 1140 675 1180 Tarracone
713 1154 904 1193 egressus
930 1139 1067 1178 —iam
1106 1139 1213 1178 enim
1250 1145 1287 1178 ct
1312 1138 1483 1178 Laelius

128 1201 302 1241 redierat
327 1200 378 1241 ab
397 1201 549 1249 Roma,
577 1201 663 1241 sine
689 1215 770 1253 quo
796 1201 895 1240 nihil
920 1200 1084 1240 maioris
1109 1200 1168 1240 rei
1193 1207 1348 1240 motum
1374 1199 1484 1240 vole-

128 1261 197 1302 bat
221 1286 253 1290 —
278 1262 425 1302 ducere
451 1262 503 1302 ad
527 1262 688 1302 hostem
712 1262 858 1316 pergit.
918 1276 991 1315 per
1021 1262 1158 1302 omnia
1187 1268 1333 1315 pacata
1359 1261 1481 1309 eunti,
1511 1274 1528 1302 9

127 1331 172 1364 ut
207 1324 405 1377 cuiusque
440 1324 581 1378 populi
617 1324 709 1364 finis
747 1324 953 1372 transiret,
998 1323 1340 1377 prosequentibus
1378 1323 1486 1363 exci-

129 1385 416 1439 pientibusque
454 1386 594 1434 sociis,
630 1385 820 1426 Indibilis
857 1392 896 1426 et
920 1385 1172 1426 Mandonius
1209 1391 1483 1426 occurrerunt.

130 1446 317 1487 Indibilis
348 1461 421 1500 pro
452 1454 624 1500 utroque
655 1447 835 1495 locutus,
879 1447 1199 1500 haudquaquam
1233 1444 1481 1501 [tamquam]
1512 1460 1552 1489 10

130 1508 328 1548 barbarus
366 1508 510 1549 stolide
547 1509 778 1557 incauteve,
829 1509 901 1548 sed
938 1509 1073 1562 potius
1111 1523 1204 1548 cum
1241 1508 1486 1548 verecundia

131 1566 218 1622 [ac]
245 1569 444 1623 gravitate
469 1570 714 1623 propiorque
734 1569 946 1609 excusanti
971 1569 1251 1609 transitionem
1277 1575 1321 1609 ut
1345 1584 1486 1610 neces-

132 1631 281 1670 sariam
322 1645 445 1682 quam
487 1630 679 1684 glorianti
721 1645 811 1670 eam
852 1630 963 1670 velut
1004 1631 1179 1684 primam
1226 1631 1484 1671 occasionem

131 1698 308 1745 raptam:
342 1692 444 1731 scire
470 1692 577 1731 enim
610 1707 652 1732 se
678 1692 915 1746 transfugae
946 1706 1096 1731 nomen
1121 1691 1349 1732 execrabile
1373 1698 1485 1732 vete-
1513 1707 1549 1735 11

131 1753 243 1792 ribus
270 1753 408 1801 socii-s,
446 1753 562 1793 novis
590 1760 827 1807 suspectum
853 1767 942 1793 esse
952 1769 962 1801 3
999 1767 1131 1805 neque
1157 1767 1251 1792 eum
1283 1767 1326 1793 se
1350 1768 1486 1807 repre-

131 1814 307 1854 hendere
344 1829 499 1854 morem
537 1814 767 1862 hominum,
807 1814 841 1854 si
875 1814 956 1854 iam
989 1828 1139 1867 anceps
1177 1814 1315 1854 odium
1347 1829 1484 1862 causa,

131 1890 212 1916 non
238 1890 388 1915 nomen
414 1876 548 1916 faciat.
586 1876 729 1916 merita
753 1876 846 1916 inde
873 1891 946 1916 sua
970 1876 1013 1915 in
1032 1876 1156 1917 duces
1173 1875 1486 1931 Carthaginien·
1515 1892 1552 1920 12

133 1938 188 1978 sis
215 1938 564 1986 commemoravit,
605 1938 815 1978 avaritiam
841 1944 981 1978 contra
1006 1952 1146 1978 eorum
1172 1937 1487 1992 superbiamque

133 2007 171 2039 et
208 1999 339 2043 omnis
376 2000 538 2054 generis
570 1999 737 2039 iniurias
770 1999 810 2038 in
843 2014 886 2039 se
918 2005 1039 2051 atque
1070 1999 1290 2053 popularis.
1350 2000 1486 2052 itaque
1516 2015 1553 2044 13

135 2075 282 2115 corpus
320 2061 533 2102 dumtaxat
572 2076 692 2101 suum
729 2061 781 2101 ad
816 2061 858 2100 id
894 2067 1055 2114 tempus
1093 2061 1203 2114 apud
1239 2076 1308 2101 eos
1345 2061 1486 2110 fuisse,

135 2123 314 2163 animum
351 2123 432 2162 iam
468 2123 626 2176 pridem
661 2122 719 2163 ibi
755 2137 864 2171 esse,
907 2122 978 2163 ubi
1012 2122 1075 2162 ius
1107 2137 1154 2162 ac
1185 2122 1248 2163 fas
1280 2123 1489 2163 crederent

136 2184 226 2224 coli.
287 2184 339 2224 ad
364 2185 462 2225 deos
489 2199 650 2237 quoque
676 2185 896 2239 confugere
929 2184 1152 2238 supplices,
1191 2184 1260 2237 qui
1284 2191 1488 2237 nequeant

135 2245 347 2286 hominum
374 2247 456 2286 vim
482 2255 602 2299 atque
627 2247 794 2286 iniurias
820 2247 923 2301 pati3
961 2261 1004 2287 se
1029 2246 1070 2286 id
1097 2245 1334 2300 Scipionem
1360 2261 1486 2295 orare,
1516 2261 1555 2290 14

137 2315 179 2347 ut
216 2308 401 2348 transitio
440 2308 517 2349 sibi
559 2323 633 2349 nec
670 2309 804 2349 fraudi
845 2309 955 2363 apud
991 2323 1083 2349 eum
1127 2323 1202 2349 1166
1242 2308 1386 2349 honori
1424 2309 1487 2350 sit.

137 2369 267 2422 qualis
305 2384 355 2410 ex
391 2370 468 2410 hac
505 2370 569 2410 die
607 2371 856 2424 experiundo
893 2370 1096 2424 cognorit,
1138 2370 1306 2423 perinde
1342 2385 1489 2424 operae

137 2445 278 2470 corum
314 2432 488 2485 pretium
526 2432 689 2472 faceret.
755 2432 812 2472 ita
847 2446 993 2486 prosus
1029 2432 1249 2485 respondet
1284 2431 1487 2472 facturum
1518 2447 1556 2476 15

155 2492 348 2533 {omanus
373 2508 449 2534 nec
474 2508 547 2547 pro
573 2494 797 2548 transfugis
829 2493 1064 2534 habiturum
1088 2493 1159 2546 qui
1189 2508 1271 2534 non
1301 2493 1490 2533 duxerint

138 2554 375 2595 societatem
410 2563 558 2604 ratam,
596 2555 666 2596 ubi
700 2570 776 2599 nec
812 2555 938 2596 divini
969 2555 1187 2608 quicquam
1217 2569 1292 2596 nee
1322 2554 1490 2595 humani

138 2624 323 2657 sanctum
357 2628 475 2659 esset.
536 2618 756 2672 productae
786 2618 932 2658 deinde
963 2617 1004 2657 in
1034 2623 1298 2671 conspectum
1328 2619 1362 2657 is
1393 2631 1489 2657 con·
1518 2632 1556 2661 16

138 2679 254 2733 iuges
290 2678 488 2732 liberique
525 2679 844 2721 lacrumantibus
882 2679 1034 2733 gaudio
1069 2679 1306 2720 redduntur.
1367 2687 1488 2731 atque
1518 2693 1555 2722 17
