1815 3184
521 642 808 694 [PERIOCHA
838 643 978 680 LIBRI
1006 640 1176 692 XXVL]

273 729 486 773 [Hannibal
506 730 554 763 ad
574 729 722 763 tertium
742 728 902 773 lapidem
918 728 965 762 ab
981 727 1073 761 urbe
1089 727 1207 761 Roma
1228 737 1340 770 super
1352 724 1534 760 Anienem

180 784 302 814 castra
316 780 451 824 posuit.
501 780 580 824 ipsc
597 791 678 813 cum
694 780 839 813 duobus
859 779 1008 812 milibus
1029 778 1192 822 equitum
1211 788 1330 821 usque
1351 777 1398 811 ad
1417 777 1533 821 ipsam

181 832 366 875 Capenam
381 834 544 874 portam,
570 834 612 864 ut
626 830 734 863 situm
748 829 852 863 urbis
867 830 1095 873 exploraret,
1124 827 1364 872 obequitavit.
1402 831 1438 861 et
1452 838 1533 860 cum

180 893 246 925 per
260 881 419 915 triduum
435 881 471 914 in
486 880 603 914 aciem
618 880 802 924 utrimque
818 879 1000 914 exercitus
1021 878 1146 913 omnis-
1159 878 1430 920 descendisset,
1458 888 1533 911 cer-

183 937 305 965 tamen
321 935 524 974 tempestas
540 930 702 973 diremit3
728 941 814 964 nam
836 941 917 963 cum
936 930 973 963 in
989 933 1112 963 castra.
1131 929 1308 971 redisset,
1335 928 1458 962 statim
1479 939 1533 962 se-

181 982 320 1016 renitas
341 986 430 1016 erat.
481 980 610 1025 Capua
630 985 741 1024 capta
760 984 817 1014 est
837 991 858 1014 a
873 980 914 1021 Q.
930 980 1065 1014 Fulvio
1086 984 1123 1013 et
1135 979 1257 1023 Appio
1273 978 1428 1013 Claudio
1450 989 1534 1012 con-

181 1033 334 1066 sulibus.
360 1032 547 1076 principes
563 1032 831 1075 Campanorum
846 1041 990 1064 veneno
1007 1030 1078 1064 sibi
1092 1035 1247 1064 mortem
1263 1029 1534 1063 consciverunt.

180 1094 260 1117 cum
276 1088 428 1117 senatus
443 1082 715 1126 Campanorum
730 1081 916 1125 deligatus
932 1085 1031 1115 esset
1044 1081 1092 1114 ad
1105 1081 1229 1124 palos,
1255 1084 1296 1113 ut
1316 1079 1435 1113 securi
1450 1079 1534 1113 feri—

179 1137 296 1176 retur,
323 1133 451 1166 literas
473 1143 495 1166 a
517 1136 649 1166 senatu
669 1131 802 1165 missas
817 1132 860 1172 Q.
875 1131 1029 1165 Fulvius
1051 1132 1199 1174 consul,
1227 1130 1361 1174 quibus
1380 1130 1534 1164 iubeba-

179 1188 238 1217 tur
250 1194 422 1227 parcere,
449 1186 651 1226 antequam
670 1183 831 1225 legeret,
859 1181 896 1215 in
912 1182 992 1215 sinu
1007 1181 1133 1225 posuit
1148 1185 1185 1214 et
1203 1182 1285 1224 lege
1301 1180 1362 1224 agi
1378 1179 1487 1213 iussit
1500 1185 1537 1214 et

179 1234 399 1278 supplicium
414 1233 567 1278 peregit.
618 1244 698 1266 cum
714 1232 870 1266 comitiis
891 1237 981 1278 aput
999 1233 1178 1277 populum
1193 1235 1451 1276 quaereretur,
1478 1231 1536 1264 eui

177 1285 418 1319 mandaretur
436 1283 702 1328 Hispaniarum
727 1283 936 1327 imperium,
964 1284 1066 1317 nullo
1093 1283 1131 1316 id
1156 1283 1307 1316 volente
1334 1282 1535 1326 suscipere,

177 1336 219 1369 P.
236 1334 378 1379 Scipio,
407 1335 447 1368 P.
462 1333 561 1368 filius
582 1334 680 1378 eius,
707 1334 770 1378 qui
788 1334 826 1367 in
839 1334 1023 1378 Hispania
1044 1334 1248 1377 ceciderat,
1274 1332 1465 1377 professus
1480 1336 1537 1366 est

180 1397 218 1420 se
232 1385 369 1419 iturum
383 1388 421 1419 et
435 1385 611 1430 suffragio
632 1384 763 1429 populi
783 1395 1044 1429 consensuque
1065 1384 1225 1419 omnium
1245 1384 1378 1417 missus
1392 1383 1536 1418 Novam

181 1436 445 1481 Carthaginem
484 1436 730 1481 expugnavit,
767 1447 848 1470 cum
873 1437 1031 1471 haberet
1056 1447 1175 1470 annos
1200 1435 1334 1480 viginti
1359 1438 1538 1480 quattuor

180 1487 441 1531 videreturque
457 1487 581 1521 divina
595 1487 708 1530 stirpe
724 1491 888 1531 creatus,
916 1487 1003 1531 quia
1016 1488 1163 1531 etipse,
1190 1491 1389 1530 postquam
1411 1490 1536 1530 togam

181 1543 395 1582 acceperat,
435 1538 570 1572 cotidie
600 1539 638 1571 in
665 1537 850 1582 Capitolio
877 1542 958 1572 erat
982 1542 1019 1572 et
1044 1538 1081 1571 in
1108 1538 1280 1571 cubiculo
1305 1536 1432 1570 matris
1459 1536 1536 1570 eius

182 1589 315 1633 anguis
336 1599 448 1632 saepe
467 1588 677 1623 videbatur.
726 1600 784 1622 res
804 1593 1000 1632 praeterea
1020 1592 1147 1632 gestas
1169 1588 1206 1621 in
1227 1587 1354 1621 Sicilia
1369 1586 1537 1620 continet

182 1644 220 1674 et
244 1639 442 1674 amicitiam
470 1650 551 1672 cum
576 1638 720 1672 Aetolis
752 1639 915 1672 iunctam
939 1639 1154 1683 bellumque
1180 1642 1326 1683 gestum
1357 1638 1537 1671 adversus

182 1690 396 1725 Acarnanes
411 1693 448 1724 et
461 1689 674 1734 Philippum
687 1689 931 1724 Macedoniae
946 1692 1099 1734 regem]

685 1882 838 1935 TITI
873 1882 1035 1934 LIVI

502 1987 588 2025 AB
638 1986 824 2024 VRBE
875 1986 1214 2025 CONDITA

678 2110 846 2147 LIBER
875 2110 1031 2148 XXVI.

268 2197 301 2237 L
352 2196 428 2237 Cn.
455 2196 627 2237 Fulvius
655 2195 930 2245 Centimalus,
968 2196 1015 2237 P.
1046 2195 1254 2251 Sulpicius
1282 2195 1418 2238 Galba
1442 2211 1538 2238 con·
1566 2210 1580 2238 1

185 2258 294 2299 sulcs
320 2272 413 2298 cum
438 2258 573 2299 idibus
599 2258 761 2299 Martiis
787 2258 1073 2313 magistratum
1102 2258 1291 2308 inissent,
1330 2265 1474 2299 senatu
1497 2259 1539 2299 in

186 2319 437 2374 Capitolium
462 2327 608 2361 vocato
634 2320 684 2361 de
709 2335 752 2361 re
782 2320 963 2374 publica,
991 2320 1041 2361 de
1061 2320 1410 2361 administratione
1429 2319 1537 2369 belli,

185 2382 234 2421 de
259 2381 479 2435 provinciis
506 2381 835 2435 exercitibusque
860 2388 996 2436 patres
1023 2382 1327 2422 consuluerunt.
1367 2381 1419 2434 Q.
1440 2382 1476 2422 F
1479 2382 1540 2422 ul-
1565 2396 1583 2424 2

185 2444 269 2491 vio,
313 2443 395 2497 Ap.
418 2443 611 2493 Claudio,
655 2444 801 2498 prioris
838 2443 934 2484 anni
971 2443 1230 2493 consulibus,
1275 2450 1539 2498 prorogatum

184 2505 399 2559 imperium
425 2511 487 2546 est
512 2512 634 2558 atque
660 2505 880 2554 exercitus,
913 2520 1016 2558 quos
1042 2505 1266 2555 habebant,
1293 2505 1444 2545 decreti
1469 2505 1540 2546 ad-

183 2567 434 2621 iectumque,
472 2582 522 2607 ne
554 2583 578 2608 a
610 2567 774 2622 Capua,
813 2582 936 2621 quam
967 2567 1228 2616 obsidebant,
1272 2566 1540 2609 abscederent

182 2629 296 2682 prius
322 2643 446 2682 quam
472 2636 791 2684 expugnassent.
854 2644 901 2670 ea
925 2635 1012 2670 tum
1039 2643 1136 2670 cura
1160 2629 1338 2670 maxime
1362 2629 1537 2670 intentos
1565 2641 1583 2670 3

183 2689 359 2731 habebat
395 2690 625 2739 Romanos,
662 2706 743 2732 non
780 2690 831 2732 ab
867 2691 928 2732 ira
964 2697 1140 2740 tantum,
1179 2705 1282 2744 quae
1312 2691 1355 2731 in
1384 2690 1538 2731 nullam
