1815 3184
412 251 564 284 LIBER
588 251 718 294 XXII,
745 251 900 284 20—-27-2.
932 253 980 293 [a.
997 251 1131 293 0217]
1397 241 1450 280 75

96 361 397 397 concurrerunt.
459 354 532 394 sed
568 354 637 406 qui
675 369 766 394 vere
799 353 970 394 dicionis
1000 353 1242 408 imperiique
1272 351 1449 393 Romani
1477 366 1512 395 11

96 418 194 458 facti
226 417 305 457 sint
336 415 549 456 obsidibus
575 416 679 456 datis
705 415 864 470 populi,
898 415 1072 469 amplius
1099 416 1261 455 fuerunt
1289 422 1451 455 centum

99 479 252 534 viginti.
313 478 438 532 igitur
462 477 719 518 terrestribus
746 492 908 530 quoque
934 477 1062 531 copiis
1090 477 1187 518 satis
1214 477 1343 517 fidens
1368 476 1452 516 Ro-
1480 490 1518 518 12

96 555 243 581 manus
280 554 411 593 usque
448 540 499 579 ad
538 539 686 579 saltum
719 539 1061 580 Castulonensem
1098 546 1158 579 est
1194 553 1450 593 progressus.

96 602 338 643 Hasdrubal
363 602 405 641 in
428 601 691 641 Lusitaniam
717 616 764 642 ac
794 601 962 655 propius
990 599 1206 642 Oceanum
1239 600 1452 641 concessit.

181 664 312 705 XXI.
363 663 559 715 Quietum
584 663 679 703 inde
704 663 791 704 fore
817 662 1032 703 videbatur
1056 663 1257 715 reliquum
1283 662 1450 702 aestatis
1482 675 1496 703 1

97 733 278 780 tempus,
305 725 533 777 fuissetque
558 739 630 778 per
649 725 837 765 Poenum
862 725 1042 764 hostem:
1070 725 1142 764 sed
1166 731 1453 778 praeterquam
1478 736 1497 765 2

98 788 211 841 quod
236 787 417 841 ipsorum
439 787 719 840 Hispanorum
745 787 927 839 inquieta
951 786 1153 839 avidaque
1178 787 1219 826 in
1240 801 1368 826 novas
1387 800 1452 826 res

99 857 194 890 sunt
223 849 407 903 ingenia,
440 847 692 888 Mandonius
717 847 1017 900 Indebilisque,
1056 848 1125 900 qui
1157 854 1277 887 antea
1300 847 1455 901 Ilerge·
1480 859 1498 888 3

97 918 183 950 tum
207 911 374 964 regulus
402 910 552 958 fuerat,
585 917 803 963 postquam
828 910 1007 950 Romani
1038 909 1089 950 ab
1117 909 1223 949 saltu
1247 924 1452 949 recessere

96 972 148 1012 ad
174 971 417 1011 maritimam
443 985 573 1019 oram,
607 971 775 1010 concitis
802 970 1069 1024 popularibus
1095 971 1136 1010 in
1162 986 1306 1025 agrum
1333 985 1454 1024 paca-

96 1041 182 1072 tum
209 1033 409 1072 sociorum
434 1032 712 1071 Romanorum
739 1032 790 1071 ad
815 1032 1097 1085 populandum
1123 1039 1333 1072 venerunt.
1383 1032 1453 1071 ad-
1479 1044 1498 1072 4

97 1109 241 1134 versus
268 1108 335 1133 eos
362 1093 548 1133 tribunus
576 1093 750 1132 militum
777 1108 870 1133 cum
896 1094 1097 1147 expeditis
1124 1093 1285 1133 auxiliis
1313 1108 1335 1133 a
1363 1091 1454 1133 Sci-

94 1156 215 1209 pione
237 1155 351 1195 missi
370 1155 450 1194 levi
472 1155 702 1203 certamine,
724 1162 768 1194 ut
782 1155 1085 1195 tumultuariam
1108 1170 1288 1204 manum,
1310 1154 1453 1194 fudere

96 1217 330 1258 hominibus
363 1216 509 1257 occisis
543 1216 789 1269 quibusdam
823 1217 1034 1270 captisque
1071 1231 1303 1271 magnaque
1339 1224 1454 1270 parte

97 1279 219 1319 armis
246 1284 380 1318 exuta.
440 1278 507 1318 hic
532 1284 668 1318 tamen
694 1279 890 1319 tumultus
917 1279 1129 1319 cedentem
1157 1279 1209 1318 ad
1236 1278 1451 1320 Oceanum
1479 1290 1498 1319 5

97 1340 404 1380 Hasdrubalem
441 1340 498 1380 cis
535 1340 741 1381 Hiberum
778 1341 999 1381 ad'socios
1038 1341 1230 1381 tutandos
1271 1341 1452 1381 retraxit.

97 1409 230 1442 castra
260 1401 419 1441 Punica
456 1402 497 1442 in
533 1417 631 1457 agro
662 1403 1062 1457 Ilergavonensium,
1101 1409 1235 1443 castra
1265 1402 1453 1443 Romana
1481 1415 1498 1444 6

98 1464 150 1503 ad
180 1463 339 1503 Novam
372 1463 545 1503 classem
578 1478 709 1512 eram,
747 1479 840 1504 cum
873 1465 984 1504 fama
1013 1479 1160 1518 repens
1193 1464 1272 1505 alio
1309 1464 1455 1504 avertit

99 1525 262 1565 bellum.
320 1524 534 1574 Celtiberi,
561 1526 631 1578 qui
656 1526 859 1585 principes
885 1527 1063 1581 regionis
1091 1541 1189 1567 suae
1218 1525 1450 1581 [miserant]
1480 1540 1496 1569 7

97 1587 255 1641 legatos
292 1585 539 1639 obsidesque
577 1587 773 1628 dederant
808 1588 1027 1637 Romanis,
1076 1589 1218 1629 nuntio
1261 1589 1388 1629 misso
1431 1604 1455 1629 a

101 1648 293 1703 Scipione
331 1649 452 1688 exciti
487 1664 600 1689 arma
636 1650 819 1703 capiunt,
862 1651 1196 1704 provinciamque
1236 1650 1455 1705 Carthagi-

98 1711 302 1751 niensium
339 1710 471 1750 valido
509 1711 690 1751 exercitu
732 1712 950 1760 invadunt,
1000 1713 1075 1752 tria
1119 1713 1270 1766 oppida
1306 1713 1347 1752 vi
1385 1727 1455 1752 ex-

98 1779 294 1826 pugnant.
360 1772 454 1812 inde
497 1786 589 1811 cum
632 1773 723 1826 ipso
766 1773 1029 1814 Hasdrubale
1078 1774 1240 1814 duobus
1289 1774 1453 1828 proeliis
1480 1786 1499 1815 s

99 1834 262 1888 egregie
288 1840 490 1887 pugnant:
528 1835 580 1874 ad
605 1834 838 1886 quindecim
863 1836 974 1875 milia
998 1836 1178 1876 hostium
1205 1836 1452 1884 occiderunt,

99 1902 290 1947 quattuor
316 1895 426 1935 milia
451 1909 543 1935 cum
570 1895 709 1935 multis
736 1896 979 1937 militaribus
1008 1897 1135 1951 signis
1163 1898 1340 1951 capiunt.

182 1956 336 1996 XXII.
397 1956 492 1996 Hoc
529 1964 637 1997 statu
672 1973 808 1998 rerum
843 1959 884 1998 in
916 1958 1122 2013 Hispania
1152 1959 1201 1999 P.
1238 1958 1377 2012 Scipio
1413 1959 1455 1998 in
1482 1973 1498 2001 1

99 2018 348 2071 provinciam
379 2019 508 2067 venit,
546 2026 764 2074 prorogato
795 2026 889 2074 post
920 2021 1175 2061 consulatum
1207 2021 1377 2074 imperio
1403 2020 1454 2060 ab

102 2089 244 2118 senatu
271 2080 420 2120 missus
447 2095 540 2120 cum
566 2081 733 2135 triginta
757 2081 891 2135 longis
917 2082 1092 2123 navibus
1119 2090 1157 2122 et
1179 2089 1269 2122 octo
1290 2081 1454 2122 milibus

102 2139 274 2179 militum
300 2155 530 2194 magnoque
557 2149 787 2182 commeatu
813 2143 998 2183 advecto.
1059 2158 1107 2183 ea
1139 2143 1281 2183 classis
1308 2143 1454 2197 ingens
1481 2157 1499 2186 2

102 2200 263 2255 agmine
284 2203 557 2242 onerariarum
577 2203 719 2256 procul
739 2204 827 2243 visa
848 2218 940 2243 cum
961 2219 1112 2257 magna
1131 2204 1283 2244 laetitia
1304 2204 1455 2245 civium

104 2259 386 2314 sociorumqu'e
411 2270 571 2316 portum
599 2264 845 2304 Tarraconis
872 2279 922 2304 ex
947 2265 1028 2304 alto
1054 2265 1195 2305 tenuit.
1243 2265 1299 2305 ibi
1325 2266 1452 2306 milite
1479 2279 1498 2308 3

103 2323 289 2376 exposito
325 2324 532 2377 protectus
567 2324 706 2378 Scipio
743 2325 857 2366 fratri
890 2341 933 2366 se
964 2326 1191 2381 coniungit3
1229 2341 1277 2367 ac
1308 2328 1455 2368 deinde

104 2385 310 2424 communi
341 2386 476 2425 animo
509 2386 759 2438 consilioque
790 2387 988 2441 gerebant
1018 2387 1184 2428 bellum.
1244 2390 1453 2443 occupatis
1480 2403 1501 2432 4

103 2446 226 2498 igitur
246 2446 656 2501 Carthaginiensibus
680 2448 924 2489 Celtiberico
950 2448 1056 2489 bello
1082 2449 1192 2489 haud
1218 2457 1456 2491 cunctanter

103 2506 305 2546 Hiberum
344 2509 696 2562 transgrediuntur
731 2524 806 2549 nec
837 2510 920 2550 ullo
950 2510 1039 2551 viso
1070 2510 1186 2551 hoste
1220 2510 1455 2565 Saguntum

103 2576 275 2621 pergunt
302 2569 376 2616 ire,
404 2570 513 2622 quod
538 2570 594 2610 ibi
620 2570 783 2610 obsides
809 2571 932 2612 totius
953 2571 1182 2626 Hispaniae
1207 2574 1375 2614 traditos
1402 2574 1453 2615 ab

102 2629 335 2671 Hannibale
367 2631 476 2671 fama
508 2638 592 2672 erat
624 2633 783 2673 modico
814 2634 855 2673 in
886 2648 978 2674 arce
1008 2635 1204 2675 custodiri
1234 2636 1451 2689 praesidio.

103 2690 143 2730 id
175 2706 300 2732 unum
333 2693 482 2747 pignus
514 2693 727 2735 inclinatos
760 2695 812 2735 ad
836 2695 1065 2736 Romanam
1098 2696 1334 2737 societatem
1366 2712 1453 2738 om-
1479 2713 1497 2742 5
