1815 3184
308 246 363 287 66
619 254 773 287 LissER
799 253 930 296 XXII,
958 253 1085 287 11.1<2.
1112 253 1352 297 [a.u.c.537]

266 372 284 401 5
311 358 428 398 tectis
465 358 578 411 prius
610 356 789 396 incensis
821 369 869 395 ac
901 354 1090 409 frugibus
1123 356 1343 410 corruptis,
1382 370 1433 396 nc
1466 357 1581 398 euius
1612 358 1669 398 rei

310 420 427 473 copia
457 430 584 460 esset:
622 419 711 472 ipse
743 418 810 457 via
839 417 1045 458 Flaminia
1074 417 1283 471 profectus
1316 417 1480 458 obviam
1512 420 1667 460 consuli

312 481 574 534 exercituque
601 495 693 520 cum
720 480 773 520 ad
792 479 975 519 Tiberim
1001 479 1108 519 circa
1130 477 1370 520 Ocriculum
1391 481 1669 534 prospexisset

311 558 460 597 agmen
492 542 785 594 consulemque
820 555 913 581 cum
946 540 1152 593 equitibus
1179 541 1231 581 ad
1257 556 1300 581 se
1326 542 1668 596 progredientem,

312 606 509 645 viatorem
534 605 645 645 misit
670 604 739 656 qui
766 604 923 644 consuli
948 604 1171 653 nuntiaret,
1198 611 1242 644 ut
1270 604 1356 644 sine
1381 604 1593 645 lictoribus
1619 605 1670 645 ad

269 679 286 708 6
313 668 552 707 dictatorem
582 666 751 706 veniret.
812 665 882 718 qui
915 680 1008 705 cum
1041 666 1150 705 dicto
1175 666 1379 719 paruisset
1405 681 1672 721 congressus-

309 744 389 782 que
415 744 556 769 eorum
581 729 791 783 ingentem
818 728 996 782 speeiem
1023 728 1248 768 dictaturae
1269 736 1367 782 aput
1388 728 1498 768 cives
1519 729 1672 769 socios-

310 805 389 844 que
421 797 624 831 vetustate
656 790 737 830 iam
764 804 890 843 prope
917 789 1064 829 oblitos
1091 790 1178 829 cius
1206 790 1365 843 imperii
1390 790 1576 839 fecisset,
1608 789 1673 829 lit-

312 861 421 894 terae
452 853 503 893 ab
535 852 635 893 urbe
669 852 829 892 adlatae
862 858 975 899 sunt,
1013 866 1139 892 naves
1167 852 1372 892 onerarias
1399 858 1671 892 commeatum

312 916 363 956 ab
397 914 519 956 Ostia
550 915 592 954 in
622 914 871 968 Hispaniam
904 914 955 953 ad
989 914 1214 954 exercitum
1247 920 1455 968 portantes
1488 929 1511 954 a
1543 914 1673 954 classe

268 994 284 1022 7
311 977 470 1018 Punica
501 977 608 1016 circa
640 987 802 1030 portum
839 975 1052 1016 Cosanum
1086 982 1226 1029 captas
1265 991 1368 1017 esse.
1430 976 1568 1029 itaque
1605 990 1674 1016 ex-

312 1040 464 1094 templo
497 1039 641 1079 consul
668 1037 833 1079 Ostiam
864 1037 1069 1092 proficisci
1093 1038 1232 1078 iussus
1258 1038 1534 1091 navibusque,
1568 1053 1672 1091 quae.

313 1103 363 1143 ad
389 1101 531 1141 urbem
555 1100 784 1141 Romanam
807 1108 875 1140 aut
899 1098 1044 1140 Ostiae
1065 1108 1220 1148 essent,
1249 1100 1446 1154 conpletis
1474 1100 1599 1140 milite
1627 1115 1673 1140 ac

312 1163 529 1205 navalibus
557 1163 677 1203 sociis
704 1162 894 1216 persequi
920 1161 1098 1201 hostium
1125 1161 1300 1202 classem
1326 1177 1371 1202 ac
1391 1162 1510 1203 litora
1531 1162 1673 1202 Italiae

268 1240 287 1270 8
313 1226 446 1267 tutari.
485 1240 634 1279 magna
660 1225 722 1264 vis
748 1223 960 1263 hominum
987 1223 1218 1277 conscripta
1237 1224 1395 1264 Romae
1425 1233 1528 1272 erat,
1555 1223 1675 1263 liber-

312 1289 385 1328 tini
411 1287 552 1335 ctiam,
580 1285 729 1339 quibus
755 1285 872 1325 liberi
898 1292 1035 1325 essent
1061 1292 1100 1325 et
1120 1294 1232 1325 aetas
1259 1286 1462 1334 militaris,
1489 1286 1530 1325 in
1550 1284 1675 1325 verba

269 1366 286 1394 9
313 1351 558 1390 iuraverant.
621 1362 670 1388 ex
704 1347 780 1387 hoc
806 1346 962 1387 urbano
989 1347 1171 1386 exercitu
1196 1347 1265 1399 qui
1291 1347 1468 1387 minores
1495 1347 1674 1399 quinque

313 1424 351 1452 et
378 1411 543 1465 triginta
570 1409 686 1449 annis
713 1416 825 1449 erant
852 1409 892 1448 in
918 1408 1034 1449 navis
1061 1409 1245 1462 inpositi,
1279 1409 1347 1448 alii
1372 1416 1417 1448 ut
1442 1408 1534 1448 urbi
1558 1423 1674 1462 prac-

315 1475 494 1514 siderent
519 1472 660 1512 relicti.

271 1551 285 1579 1
400 1534 506 1575 XII.
568 1533 757 1573 Dictator
801 1532 983 1573 exercitu
1027 1532 1207 1573 consulis
1252 1539 1420 1587 accepto
1464 1547 1488 1573 a
1529 1531 1676 1572 Fulvio

311 1597 465 1638 Flacco
502 1596 638 1650 legato
671 1610 743 1648 per
775 1610 920 1649 agrum
955 1593 1158 1635 Sabinum
1191 1594 1334 1643 Tibur,
1372 1609 1453 1647 quo
1485 1594 1591 1634 diem
1625 1594 1676 1634 ad

269 1675 286 1703 2
315 1657 642 1699 conveniendum
669 1657 852 1696 edixerat
877 1656 994 1696 novis
1021 1656 1238 1705 militibus,
1265 1656 1388 1697 venit.
1438 1656 1532 1697 inde.
1551 1655 1677 1696 Prae-

312 1727 428 1761 neste
455 1735 503 1760 ac
528 1719 773 1759 transversis
799 1718 997 1759 limitibus
1023 1718 1064 1758 in
1090 1718 1198 1758 viam
1224 1718 1419 1758 Latinam
1445 1725 1507 1758 est
1540 1732 1677 1773 egres-

315 1798 399 1830 sus,
425 1782 534 1822 unde
557 1780 770 1821 itineribus
793 1796 954 1820 summa
975 1796 1068 1820 cum
1089 1795 1185 1820 cura
1206 1780 1426 1834 exploratis
1447 1781 1499 1820 ad
1518 1780 1676 1820 hostem

314 1845 425 1885 ducit
444 1844 556 1884 nullo
577 1843 685 1892 loco,
712 1843 791 1883 nisi
811 1852 1010 1895 quantum
1031 1843 1257 1883 necessitas
1279 1850 1461 1896 cogeret,
1490 1842 1677 1882 fortunae

270 1921 288 1950 3
315 1922 359 1948 se
392 1906 701 1946 commissurus.
743 1900 844 1957 'quo
875 1905 1052 1958 primum
1084 1905 1148 1944 die
1181 1904 1281 1944 haut
1311 1904 1453 1957 procul
1478 1903 1605 1957 Arpis
1637 1904 1677 1943 in

315 1975 539 2022 conspectu
577 1967 756 2008 hostium
796 1967 932 2021 posuit
965 1976 1098 2006 eastra
1130 1966 1241 2006 nulla
1272 1981 1385 2006 mora
1416 1966 1543 2014 facta,
1580 1965 1678 2018 quin

316 2031 483 2071 Poenus
519 2030 711 2070 educeret
746 2029 787 2068 in
824 2029 954 2069 aciem
992 2028 1235 2082 copiamque
1267 2028 1479 2082 pugnandi
1511 2028 1676 2068 faceret.

271 2107 289 2135 4
317 2093 390 2134 sed
422 2093 493 2133 ubi
518 2092 656 2145 quieta
682 2091 819 2131 omnia
845 2101 943 2145 aput
968 2091 1108 2131 hostes
1134 2105 1210 2131 nec
1236 2099 1369 2131 eastra
1393 2090 1476 2131 ullo
1501 2089 1679 2130 tumultu

315 2163 426 2196 mota
450 2155 580 2203 videt,
607 2155 824 2208 increpans
845 2153 1030 2206 quidem,
1061 2153 1187 2194 victos
1214 2153 1378 2193 tandem
1405 2152 1545 2205 (quos)
1565 2151 1680 2192 Mar-

316 2219 393 2258 tios
427 2217 585 2257 animos
612 2216 814 2256 Romanis
841 2215 1172 2268 debellatumque
1201 2223 1238 2256 et
1265 2229 1508 2255 concessum
1532 2228 1680 2268 propa-

272 2294 290 2322 5
316 2280 398 2320 lam
437 2279 487 2319 de
519 2279 669 2318 virtute
701 2292 748 2318 ac
781 2277 912 2332 gloria
939 2292 1048 2326 esse,
1086 2278 1126 2317 in
1158 2286 1292 2318 castra
1323 2277 1461 2325 rediit,
1500 2284 1678 2316 ceterum

316 2342 439 2382 tacita
471 2355 569 2380 cura
600 2340 781 2380 animum
815 2339 1027 2387 incensus,
1065 2340 1175 2392 quod
1208 2354 1301 2379 euin
1332 2339 1436 2379 duce
1467 2337 1680 2389 haudqua-

317 2419 441 2456 quam
466 2402 672 2443 Flaminio
702 2400 1028 2455 Sempronioque
1062 2402 1186 2441 simili
1216 2402 1354 2441 futura
1379 2400 1457 2441 sibi
1481 2415 1546 2440 res
1573 2406 1681 2440 esset

317 2480 365 2506 ac
401 2472 488 2505 tum
525 2465 692 2504 demum
732 2463 865 2505 edocti
908 2464 1026 2504 malis
1063 2464 1241 2504 Romani
1276 2477 1418 2517 parem
1454 2461 1681 2503 Hannibali

275 2540 293 2569 6
320 2528 466 2568 ducem
492 2527 765 2580 quaesissent.
816 2534 853 2566 ct
875 2526 1133 2580 prudentiam
1160 2526 1326 2579 quidem
1350 2525 1445 2565 novi
1472 2524 1680 2564 dictatoris

319 2589 524 2643 extemplo
556 2589 710 2637 timuit,
750 2589 1022 2629 constantiam
1058 2588 1258 2628 hautdum
1296 2596 1488 2642 expertus
1526 2586 1680 2641 agitare

320 2666 368 2691 ac
398 2658 596 2705 temptare
630 2651 814 2691 animum
847 2650 1050 2690 mox-endo
1084 2649 1227 2691 crebro
1259 2657 1393 2690 eastra
1427 2648 1680 2703 populando-

277 2726 292 2754 7
321 2727 399 2765 quc
431 2713 473 2752 in
504 2713 633 2753 oculis
666 2713 753 2753 eius
779 2727 901 2766 agros
929 2712 1133 2753 sociorum
1160 2712 1312 2765 coepit:
1345 2718 1384 2751 et
1410 2711 1532 2751 modo
1558 2708 1680 2749 citato
