1815 3184
254 542 291 569 11

252 849 291 878 13

252 1098 293 1126 14

271 1836 289 1864 02

269 2579 286 2607 6

320 232 404 272 47ss
593 237 746 271 LIBER
771 220 975 280 xxviiii,
1001 237 1054 270 32.
1067 236 1122 270 33.
1149 238 1249 281 [a.u.
1267 238 1392 282 e.550]

319 340 516 392 missique
543 339 613 391 qui
633 337 932 392 Carthaginem
955 339 1151 393 gaudium
1171 339 1318 393 ingens
1338 341 1584 392 nuntiarent,
1611 350 1673 385 to-

320 409 442 455 taque
456 401 603 441 Africa
627 400 740 442 fama
763 400 906 442 mortis
920 401 1175 442 Masinissae
1199 401 1358 456 repleta
1382 403 1493 444 varie
1513 405 1670 446 animos

320 463 484 505 adfecit.

402 525 632 566 Masinissa
656 525 698 566 in
724 525 922 579 spelunca
946 526 1106 566 occulta
1131 540 1225 566 eum
1244 526 1382 567 herbis
1404 534 1565 568 curaret
1583 528 1673 568 vul-

317 603 414 636 nus,
452 588 627 628 duorum
663 587 847 640 equitum
883 587 1096 628 latrocinio
1133 602 1206 642 per
1243 588 1330 628 dies
1368 588 1523 641 aliquot
1557 589 1671 630 vixit.

317 649 388 689 ubi
412 649 590 703 primum
616 649 739 688 dueta
765 648 933 689 cicatrix
951 649 1119 703 patique
1143 664 1268 704 posse
1288 649 1378 690 visa
1396 649 1670 701 iactationem,

319 711 491 752 audacia
515 710 673 765 ingenti
698 710 835 764 pergit
857 710 916 751 ire
941 711 994 751 ad
1023 726 1198 766 regnum
1223 712 1511 766 repetendum3
1549 719 1671 765 atque

318 775 359 814 in
384 774 474 828 ipso
506 773 651 813 itinere
683 773 795 813 haud
825 773 918 827 plus
951 773 1224 827 quadraginta
1253 773 1458 827 equitibus
1489 775 1670 816 collectis

318 850 412 876 eum
436 835 478 875 in
502 835 734 876 BIaesulios
767 836 905 889 palam
935 835 1018 876 iam
1050 836 1140 888 quis
1172 844 1283 877 esset
1313 836 1450 876 ferens
1477 837 1670 885 venisset,

317 906 475 938 tantum
507 906 665 938 motum
696 911 789 937 cum
819 897 962 938 favore
991 897 1184 952 pristino,
1227 905 1313 937 tum
1346 898 1498 952 gaudio
1534 898 1673 953 inspe-

315 969 423 1009 rato,
462 960 572 1013 quod
609 974 732 1013 quem
766 960 925 1014 perisse
963 960 1222 1001 crediderant
1253 960 1502 1001 ineolumem
1533 975 1673 1001 eerne-

317 1022 433 1071 bant,
461 1022 576 1071 fecit,
602 1031 647 1061 ut
670 1022 777 1062 intra
801 1036 956 1076 paucos
983 1022 1070 1063 dies
1098 1037 1171 1063 sex
1194 1022 1307 1062 milia
1331 1022 1516 1076 peditum
1540 1037 1673 1063 arma-

318 1093 469 1133 torum,
497 1091 688 1137 quattuor
714 1084 896 1136 equitum
923 1085 975 1124 ad
999 1100 1094 1125 eum
1117 1085 1384 1126 convenirent
1406 1085 1570 1138 iamque
1588 1100 1671 1126 non

316 1147 359 1186 in
383 1146 648 1200 possessione
673 1146 796 1186 modo
822 1146 983 1200 paterni
1007 1146 1125 1200 regni
1144 1154 1273 1195 esset,
1301 1147 1374 1187 sed
1394 1147 1517 1187 etiam
1536 1147 1670 1188 socios

319 1207 727 1262 Carthaginiensium
761 1208 937 1261 populos
974 1207 1409 1260 EIasaesuliorumque
1444 1209 1547 1249 fines
1572 1210 1671 1250 —id

320 1270 525 1325 Syphacis
551 1285 726 1325 regnum
752 1278 883 1310 erat—
898 1277 1090 1311 vastaret.
1139 1270 1234 1311 inde
1255 1271 1419 1311 inritato
1441 1272 1494 1311 ad
1516 1271 1671 1312 bellum

321 1332 534 1387 Syphace,
559 1333 664 1372 inter
691 1331 850 1372 Cirtam
869 1332 1192 1386 Hipponemque
1217 1332 1259 1372 in
1284 1332 1392 1386 iugis
1419 1342 1670 1387 opportuno-

317 1409 408 1434 rum
435 1394 487 1434 ad
512 1394 649 1434 onmia
674 1394 874 1434 montium
901 1394 1099 1434 consedit.

401 1455 629 1495 XXXIII.
689 1454 896 1495 *Maiorem
930 1455 1055 1509 igitur
1090 1455 1172 1494 iam
1207 1470 1295 1495 rem
1333 1454 1508 1509 Syphax
1541 1463 1668 1505 ratus,

318 1532 439 1570 quam
465 1526 508 1557 ut
533 1533 606 1572 per
631 1518 862 1571 praefectos
891 1524 1049 1571 ageret,
1077 1531 1170 1556 011111
1194 1517 1278 1557 filio
1302 1517 1450 1557 iuvene
1470 1542 1502 1546 —
1520 1532 1670 1558 nomen

315 1579 538 1621 Verminae
569 1587 656 1619 erat
679 1604 712 1607 —
736 1586 851 1632 parte
885 1578 1087 1618 exereitus
1120 1578 1249 1618 missa
1278 1578 1472 1632 imperat,
1519 1585 1564 1618 ut
1595 1578 1670 1619 eir-

317 1641 535 1681 cumducto
557 1640 721 1694 agmine
740 1640 781 1679 iu
803 1655 845 1680 se
865 1640 1068 1680 intentum
1088 1639 1249 1680 hostem
1275 1640 1326 1680 ab
1352 1649 1468 1694 tergo
1488 1640 1669 1681 invadat.

315 1710 434 1743 110010
459 1702 668 1757 profectus
682 1702 900 1750 Vermina,
928 1701 997 1754 qui
1018 1716 1069 1741 ex
1090 1702 1249 1743 occulto
1271 1702 1543 1757 adgressurus
1565 1709 1669 1750 erat3

317 1763 491 1819 Syphax
516 1775 653 1804 autem
678 1764 856 1804 interdiu
883 1774 1023 1818 aperto
1049 1763 1212 1813 itinere,
1251 1772 1297 1804 ut
1323 1765 1391 1817 qui
1417 1763 1546 1819 signis
1573 1779 1670 1806 con-

314 1826 407 1867 latis
446 1826 532 1866 acie
571 1826 839 1866 dimicaturus
872 1834 1000 1874 esset,
1037 1826 1167 1866 movit
1198 1836 1345 1866 castra.
1405 1827 1476 1866 ubi
1506 1834 1668 1882 tempus

315 1888 450 1928 visum
480 1897 560 1936 est,
600 1903 680 1941 quo
712 1888 953 1942 pervenisse
984 1888 1067 1928 iam
1098 1888 1369 1928 circummissi
1401 1888 1530 1929 videri
1553 1897 1669 1942 pote-

313 1959 423 1998 rant,
461 1958 501 1990 et
525 1950 613 2004 ipse
639 1950 721 1990 leni
747 1950 852 1990 clivo
878 1950 1036 1990 serente
1067 1950 1118 1990 ad
1144 1949 1324 1998 hostem,
1363 1964 1455 1990 eum
1485 1950 1668 1990 multitu-

315 2011 408 2052 dine
433 2011 582 2060 fretus,
610 2020 697 2052 tum
721 2011 977 2066 praeparatis
1005 2013 1056 2052 ab
1082 2020 1199 2066 tergo
1224 2012 1398 2060 insidiis,
1423 2027 1497 2067 per
1522 2012 1668 2053 adver-

315 2089 406 2114 sum
441 2083 626 2115 montem
663 2082 843 2115 erectam
880 2075 1010 2115 aciem
1047 2074 1171 2115 ducit.
1230 2074 1460 2115 BIasinissa
1489 2074 1667 2116 maxime

312 2136 393 2177 1001
416 2136 586 2185 fiducia,
613 2151 693 2189 quo
719 2137 848 2177 multo
875 2137 1066 2189 aequiore
1092 2145 1351 2190 puguaturus
1378 2145 1482 2186 erat,
1515 2145 1555 2177 et
1579 2136 1668 2191 ipse

315 2197 463 2252 derigit
489 2213 600 2239 suos.
662 2208 778 2239 atrox
804 2198 1006 2252 proelium
1038 2206 1078 2238 et
1103 2198 1173 2237 diu
1204 2213 1355 2253 anceps
1382 2199 1477 2248 fuit,
1513 2199 1603 2239 loeo
1629 2205 1669 2239 et

313 2260 461 2300 virtute
497 2261 674 2300 militum
709 2260 1005 2309 BIasinissam,
1066 2260 1351 2309 multitudine,
1401 2275 1505 2313 quae
1540 2259 1666 2301 nimio

314 2322 442 2362 maior
468 2330 572 2371 erat,
602 2321 840 2377 Syphacem
864 2323 1044 2362 iuvante.
1082 2337 1131 2362 ea
1155 2322 1375 2363 multitudo
1402 2322 1547 2371 divisa,
1574 2336 1667 2362 eum

312 2398 407 2437 pars
440 2399 464 2423 a
494 2384 628 2424 fronte
661 2392 845 2439 urgeret,
883 2400 980 2439 pars
1013 2385 1064 2424 ab
1095 2392 1212 2438 tergo
1246 2399 1289 2425 se
1321 2384 1665 2432 circumfudisset,

313 2445 527 2486 victoriam
563 2446 676 2486 haud
712 2447 880 2487 dubiam
913 2445 1098 2500 Syphaci
1135 2446 1265 2495 dedit,
1304 2455 1344 2487 et
1378 2462 1429 2487 ne
1467 2446 1667 2501 effugium

314 2506 479 2558 quidem
514 2509 683 2561 patebat
719 2508 814 2548 hine
851 2524 875 2548 a
910 2509 1063 2557 fronte,
1108 2508 1204 2548 hine
1241 2509 1292 2548 ab
1329 2515 1445 2563 tergo
1481 2507 1665 2548 inclusis.

313 2569 449 2622 itaque
475 2571 599 2611 ceteri
623 2572 784 2625 pedites
811 2572 1051 2625 equitesque
1077 2572 1188 2612 eaesi
1213 2580 1284 2613 aut
1308 2572 1434 2627 eapti3
1468 2572 1666 2612 ducentos

315 2630 442 2671 ferme
468 2633 626 2684 equites
652 2634 882 2674 Masinissa
912 2634 1020 2674 eirea
1052 2649 1095 2675 se
1127 2634 1398 2689 conglobatos
1431 2634 1666 2685 divisosque

314 2693 520 2732 turmatim
546 2694 588 2733 in
613 2694 684 2735 tris
710 2695 838 2748 partis
865 2710 1079 2749 erumpere
1107 2696 1236 2745 iubet,
1273 2696 1364 2737 loeo
1388 2695 1599 2750 praedicto
1623 2693 1664 2733 in
