1815 3184
471 231 622 265 LIBER
646 230 852 274 xxv1111‚
878 230 909 264 1.
929 230 960 264 2.
989 228 1188 274 [a.0.205]
1422 219 1506 259 443

155 335 364 391 popularis
389 333 530 382 modo,
559 333 631 373 sed
655 332 892 373 Ausetanos
918 346 1100 385 quoque,
1125 331 1303 371 vicinam
1326 337 1505 385 gentem,
1526 352 1530 356 ·

157 398 333 439 concitat
358 404 397 436 et
422 396 522 436 alios
549 395 741 435 finitimos
768 393 846 435 sibi
871 400 992 446 atque
1016 393 1096 433 illis
1121 392 1310 447 populos.
1369 392 1505 445 itaque
1531 404 1572 433 26

155 459 261 499 intra
284 472 438 512 paucos
464 457 551 496 dies
577 456 743 510 triginta
774 456 886 496 milia
914 455 1117 509 peditum,
1155 460 1348 507 quattuor
1377 453 1506 493 ferme

157 520 339 574 equitum
374 519 416 559 in
449 517 702 559 Sedetanum
738 532 901 572 agrum,
939 531 1021 570 quo
1057 516 1236 556 edictum
1272 522 1375 563 erat,
1413 529 1509 555 con-

156 588 368 621 venerunt.

240 642 297 681 II.
358 640 535 681 Romani
570 654 733 693 quoque
767 639 1032 693 imperatores
1063 638 1116 678 L.
1148 637 1353 678 Lentulus
1385 642 1424 676 et
1453 635 1507 676 L.
1536 650 1549 678 1

156 703 338 744 Manlius
364 702 586 751 Acidinus,
612 717 663 742 ne
688 702 879 755 glisceret
904 701 1035 755 primo
1060 699 1316 754 neglegendo
1342 698 1507 746 bellum,

156 765 305 805 iunctis
337 771 376 804 et
405 764 485 818 ipsi
516 763 761 803 exercitibus
793 777 865 816 per
895 777 1040 816 agrum
1064 761 1325 801 Ausetanum
1350 759 1507 799 hostico
1534 773 1553 802 2

158 834 368 878 tamquam
399 832 544 879 pacato
570 825 791 865 elementer
815 824 947 864 ductis
973 822 1170 863 militibus
1196 822 1247 862 ad
1273 821 1411 861 sedem
1437 820 1510 860 ho-

160 889 283 928 stium
313 901 535 941 pervenere
566 893 605 926 et
636 887 757 927 trium
789 886 947 925 milium
979 885 1110 938 spatio
1140 883 1281 937 procul
1312 898 1336 923 a
1366 881 1510 922 castris

160 964 300 989 eorum
331 954 556 1002 posuerunt
587 954 732 988 castra.
792 947 925 1000 primo
960 961 1033 999 per
1067 945 1224 999 legatos
1261 944 1510 996 nequiquam
1535 957 1555 986 3

158 1017 419 1063 temptatum,
452 1016 496 1048 ut
522 1008 800 1047 discederetur
824 1007 875 1047 ab
901 1007 1037 1046 armis.
1098 1007 1211 1054 dein,
1244 1020 1337 1045 cum
1368 1005 1410 1044 in
1439 1019 1511 1058 pa-

157 1071 363 1112 bulatores
383 1070 593 1110 Romanos
619 1069 795 1121 impetus
821 1074 986 1121 repente
1012 1067 1063 1107 ab
1084 1066 1288 1118 equitibus
1309 1066 1510 1118 Hispanis

157 1133 290 1172 factus
334 1137 460 1178 esset,
511 1129 731 1169 summisso
779 1128 830 1168 ab
880 1128 1054 1168 statione
1095 1127 1295 1167 Romana·
1329 1127 1511 1178 equitatu

157 1198 345 1245 equestre
381 1191 582 1244 proelium
618 1190 696 1230 fuit
731 1189 830 1230 haut
861 1203 959 1229 sane
990 1189 1253 1228 memorando
1283 1188 1323 1227 in
1354 1194 1511 1241 partem

157 1252 282 1294 ullam
308 1259 468 1293 eventu.
508 1252 593 1292 sole
618 1252 771 1292 oriente
796 1258 960 1305 postero
986 1251 1051 1290 die
1076 1250 1220 1290 armati
1244 1250 1513 1301 instructique
1537 1262 1557 1290 4

158 1329 300 1355 omnes
325 1314 435 1355 mille
461 1313 588 1354 ferme
614 1328 762 1367 passus
788 1312 931 1366 procul
956 1327 980 1352 a
999 1312 1142 1352 eastris
1162 1311 1362 1352 Romanis
1383 1311 1512 1351 aciem

159 1377 386 1417 ostendere.
447 1377 571 1416 medii
596 1376 801 1416 Ausetani
833 1381 958 1415 erant.
1019 1389 1171 1415 cornua
1201 1375 1389 1414 dextrum
1414 1373 1514 1413 Iler·
1540 1386 1559 1415 5

159 1444 292 1492 getes,
335 1437 496 1477 laevum
533 1437 735 1491 ignobiles
773 1436 966 1476 tenebant
995 1435 1175 1489 Hispani
1210 1435 1368 1490 populi3
1411 1436 1515 1475 inter

161 1513 312 1539 cornua
355 1505 394 1538 et
436 1498 614 1538 mediam
655 1498 786 1538 aciem
828 1497 1042 1537 intervalla
1082 1497 1263 1551 patentia
1299 1497 1396 1537 satis
1433 1496 1514 1536 late

159 1560 362 1607 fecerunt,
401 1573 481 1612 qua
510 1560 754 1611 equitatum,
798 1559 869 1599 ubi
905 1566 1067 1612 tempus
1105 1565 1232 1607 esset,
1271 1558 1514 1598 emitterent.

161 1628 199 1661 et
225 1620 402 1661 Romani
427 1634 538 1660 more
565 1635 640 1660 suo
666 1620 889 1660 exercitum
914 1634 1007 1660 cum
1035 1620 1297 1667 struxissent,
1322 1619 1365 1659 id
1390 1619 1513 1659 modo
1540 1631 1558 1659 6

162 1683 341 1723 hostium
378 1682 524 1723 imitati
560 1688 671 1730 sunt,
708 1690 753 1722 ut
789 1682 895 1722 inter
928 1681 1112 1735 legiones
1150 1689 1190 1721 et
1224 1681 1304 1734 ipsi
1338 1680 1514 1734 patentis

162 1744 289 1796 equiti
314 1744 588 1796 relinquerent
613 1743 714 1783 vias.
769 1750 949 1783 ceterum
973 1742 1179 1782 Lentulus
1205 1742 1241 1781 ei
1265 1742 1369 1795 parti
1394 1756 1514 1781 usum
1544 1755 1560 1782 7

162 1806 310 1858 equitis
342 1806 429 1845 fore
459 1813 591 1853 ratus,
629 1819 733 1856 quae
763 1805 874 1857 prior
901 1804 944 1843 in
980 1804 1258 1843 dehiscentem
1292 1802 1516 1843 intervallis

162 1867 344 1907 hostium
380 1866 510 1907 aciem
546 1866 702 1918 equites
740 1866 962 1913 emisisset,
1003 1863 1092 1905 Ser.
1127 1864 1318 1905 Cornelio
1354 1864 1516 1904 tribuno
1542 1877 1561 1906 8

163 1929 337 1968 militum
362 1927 553 1981 imperat,
581 1927 737 1979 equites
758 1941 830 1980 per
847 1926 1022 1980 patentis
1048 1926 1090 1966 in
1115 1926 1293 1966 hostium
1319 1925 1405 1965 acie
1430 1925 1517 1965 vias

162 1990 396 2044 permittere
439 2004 566 2042 equos
608 1989 759 2029 iubeat.
829 1989 917 2042 ipse
960 1998 1104 2042 coepta
1143 2003 1288 2042 parum
1324 2002 1517 2041 prospere
1544 2000 1561 2029 9

163 2051 344 2106 pedestri
368 2066 527 2105 pugna,
554 2057 712 2090 tantum
738 2058 918 2090 moratus
944 2050 1041 2090 dum
1068 2050 1227 2090 cedenti
1252 2049 1519 2090 duodecimae

163 2113 334 2167 legioni,
373 2127 478 2164 quae
509 2112 551 2151 in
586 2112 703 2152 laevo
741 2126 868 2151 cornu
904 2112 1102 2151 adversus
1132 2110 1330 2164 Ilergetes
1360 2125 1520 2164 pugna-

165 2180 298 2223 verat,
330 2174 490 2214 tertiam
516 2174 731 2213 decumam
755 2173 960 2227 legionem
985 2188 1035 2212 ex
1062 2172 1255 2213 subsidiis
1280 2172 1321 2211 in
1346 2171 1520 2225 primam

167 2236 296 2276 aciem
326 2236 629 2275 firmamentum
660 2235 790 2283 ducit,
827 2242 1047 2289 postquam
1080 2240 1253 2286 aequata
1288 2233 1345 2273 ibi
1379 2247 1520 2287 pugna
1547 2244 1586 2273 10

167 2304 246 2345 est,
279 2297 331 2337 ad
354 2297 407 2336 L.
434 2296 639 2336 Manlium
669 2296 774 2337 inter
797 2297 929 2350 prima
954 2296 1072 2349 signa
1095 2295 1324 2335 hortantem
1351 2308 1398 2335 ac
1424 2293 1521 2334 sub-

168 2358 271 2398 sidia
296 2358 444 2410 quibus
469 2373 533 2398 res
559 2358 794 2412 postulabat
817 2358 917 2398 locis
943 2358 1203 2397 inducentem
1236 2356 1356 2397 venit.
1415 2356 1521 2395 indi-

167 2427 231 2461 cat
269 2427 356 2460 tuta
391 2419 442 2460 ab
480 2420 596 2460 laevo
633 2435 759 2460 cornu
796 2434 906 2460 esse:
942 2419 1024 2459 iam
1054 2419 1228 2459 missum
1259 2432 1350 2459 esse
1387 2417 1438 2458 ab
1476 2432 1519 2457 se
1547 2431 1585 2459 11

169 2481 408 2522 Cornelium
442 2481 633 2522 Servium
663 2481 842 2536 procella
873 2481 1051 2534 equestri
1080 2480 1211 2521 hostis
1249 2478 1520 2520 circumfusu-

166 2560 268 2585 rum.
330 2544 398 2584 vif<
435 2544 537 2584 haec
573 2544 681 2584 dieta
717 2544 901 2591 dederat,
947 2557 1041 2582 cum
1070 2541 1249 2582 Romani
1286 2540 1442 2593 equites
1479 2540 1520 2579 in
1547 2551 1586 2581 1⁴2

167 2606 323 2646 medios
350 2606 499 2646 invecti
524 2605 663 2646 hostes
689 2605 811 2645 simul
834 2603 1035 2659 pedestris
1061 2603 1169 2644 acies
1189 2602 1371 2651 turbant,
1400 2600 1520 2642 simul

168 2667 373 2720 equitibus
399 2667 682 2722 Hispanorum
712 2667 820 2707 viam
851 2665 1095 2706 immittendi
1120 2679 1246 2718 equos
1273 2663 1516 2705 clauserunt.
