1815 3184
329 224 411 264 416
610 228 764 262 LIBER
789 212 974 271 XXVIII,
1000 227 1123 261 asae.
1151 230 1247 270 [a.u.
1263 227 1388 271 0548]

329 333 563 388 expiratura
586 345 653 371 res
678 330 863 384 publica,
893 343 1056 369 mecum
1081 343 1273 369 casurum
1296 328 1515 383 imperium
1539 331 1679 385 populi

327 393 507 434 Romani
542 393 653 433 erat?
699 406 752 431 ne
782 391 888 431 istuc
912 391 1099 445 Iuppiter
1130 390 1310 444 optimus
1341 391 1547 431 maximus
1580 393 1680 441 sirit,

327 455 472 494 urbem
509 454 721 508 auspicato
758 452 846 492 deis
884 452 1119 493 auctoribus
1156 452 1199 492 in
1230 458 1443 492 aeternum
1474 453 1681 493 conditam

264 532 302 561 12
329 517 424 556 huic
449 516 585 569 fragili
611 523 652 555 et
676 514 837 555 mortali
863 514 1024 568 corpori
1055 513 1270 566 aequalem
1300 528 1405 554 esse.
1464 514 1682 554 Postumio

327 577 502 625 Albino,
528 577 591 618 M.
616 576 839 624 Marcello,
866 576 916 616 T.
944 575 1139 627 Quinctio
1167 574 1381 629 Crispino,
1416 574 1494 616 Cn.
1518 575 1682 624 Fulvio,

329 639 594 693 Scipionibus
626 638 749 686 meis,
786 645 846 678 tot
882 645 967 677 tam
996 636 1218 691 praeclaris
1249 636 1564 690 imperatoribus
1599 651 1683 677 uno

328 703 437 743 bello
469 701 699 755 absumptis
732 709 942 754 superstes
975 708 1038 740 est
1067 700 1246 754 populus
1275 700 1490 741 Romanus
1526 700 1683 753 eritque

329 765 440 805 mille
467 764 555 804 aliis
581 777 690 803 nunc
716 763 842 810 ferro,
880 776 990 802 nunc
1019 762 1163 802 morbo
1193 761 1463 802 morientibus
1480 779 1553 803 -ε
1591 777 1684 802 meo

265 840 303 870 13
329 826 450 866 unius
477 826 621 866 funere
647 825 754 866 elata
778 839 844 865 res
869 824 1036 879 publica
1061 824 1196 864 esset?
1244 838 1318 864 vos
1344 823 1423 878 ipsi
1449 823 1516 864 hic
1539 824 1582 864 in
1606 823 1684 863 Hi-

330 888 475 943 spania
498 895 615 942 patre
641 894 681 928 et.
704 894 851 942 patruo
876 901 982 935 meo,
1009 886 1170 926 duobus
1196 885 1533 939 imperatoribus,
1559 885 1685 926 inter-

328 950 448 991 fectis
482 949 717 1004 Septimum
746 948 954 988 Marcium
991 948 1139 988 ducem
1176 948 1294 988 vobis
1333 948 1532 988 adversus
1571 948 1686 988 exul-

330 1012 453 1052 tantis
484 1011 639 1052 recenti
670 1010 841 1051 victoria
869 1011 1036 1051 Poenos
1069 1009 1294 1064 delegistis.
1361 1018 1401 1050 et
1433 1010 1491 1049 sic
1526 1009 1683 1062 loquor,

263 1089 304 1116 14
330 1081 540 1125 tamquam
566 1073 653 1113 sine
680 1073 782 1113 duce
808 1071 1039 1126 Hispaniae
1065 1072 1227 1112 futurae
1253 1071 1492 1112 fuerint—z
1527 1071 1590 1111 M.
1619 1070 1685 1111 Si-

328 1135 447 1175 lanus
475 1135 621 1175 eodem
645 1134 751 1182 iure,
791 1134 938 1174 eodem
967 1133 1139 1188 imperio
1170 1147 1333 1173 meeum
1362 1133 1405 1172 in
1429 1132 1684 1187 provinciam

328 1198 499 1246 missus,
531 1197 584 1236 L.
612 1195 753 1250 Scipio
779 1196 905 1235 frater
930 1210 1046 1236 meus
1073 1203 1113 1235 et
1139 1193 1189 1236 C.
1215 1194 1387 1235 Laelius
1412 1194 1557 1248 legati,
1597 1194 1684 1233 vin-

265 1274 302 1303 15
329 1258 439 1299 dices
472 1257 699 1299 maiestatis
730 1257 876 1311 imperi
907 1257 1124 1297 deessent?
1171 1264 1308 1296 utrum
1338 1256 1542 1296 exercitus
1569 1270 1685 1295 exer-

329 1320 427 1360 citui
463 1335 515 1360 an
547 1320 672 1360 duces
711 1318 883 1358 ducibus
922 1333 974 1358 an
1005 1318 1183 1372 dignitas
1216 1333 1269 1357 an
1299 1331 1425 1358 causa
1455 1316 1684 1371 comparari

328 1382 514 1436 poterat?
562 1382 710 1434 quibus
762 1380 796 1420 si
843 1380 1034 1420 omnibus
1078 1379 1310 1433 superiores
1356 1379 1522 1427 essetis,
1572 1393 1686 1418 arma

329 1451 471 1483 contra
507 1443 700 1497 patriam,
739 1448 881 1482 contra
918 1441 1028 1481 cives
1065 1448 1226 1481 vestros
1260 1440 1447 1480 ferretis?
1497 1440 1684 1479 Africam

329 1505 493 1553 Italiae,
544 1504 843 1557 Carthaginem
878 1502 970 1543 urbi
1004 1502 1219 1543 Romanae
1256 1501 1458 1556 imperare
1501 1502 1686 1542 velletis?

329 1582 452 1620 quam
478 1567 530 1607 ob
556 1581 708 1607 noxam
732 1565 922 1620 patriae?

286 1645 298 1672 1
412 1627 658 1669 XXVIIII.
720 1626 990 1668 Coriolanum
1027 1627 1237 1679 quondam
1273 1626 1482 1667 damnatio
1519 1625 1684 1675 iniusta,

328 1689 525 1729 miserum
562 1697 602 1729 et
637 1688 855 1743 indignum
891 1688 1059 1729 exilium
1089 1696 1135 1728 ut
1170 1688 1247 1729 iret
1279 1689 1331 1728 ad
1362 1688 1685 1742 oppugnandam

326 1751 503 1805 patriam
539 1750 725 1805 impulit,
774 1750 985 1791 revocavit
1027 1758 1166 1791 tamen
1204 1766 1227 1791 a
1262 1750 1428 1805 publico
1464 1749 1684 1804 parricidio

283 1827 301 1856 2
327 1813 488 1867 privata
512 1813 662 1866 pietas,
701 1827 775 1853 vos
809 1812 879 1865 qui
910 1813 1044 1862 dolor,
1082 1827 1240 1866 quaeve
1271 1813 1332 1853 ira
1355 1812 1565 1853 incitavit?
1615 1812 1686 1852 sti-

326 1875 577 1929 pendiumne
604 1875 748 1915 diebus
779 1875 923 1929 paucis
949 1874 1196 1929 imperatore
1228 1890 1352 1929 aegro
1385 1875 1514 1915 serius
1541 1889 1685 1914 nume-

327 1946 463 1977 ratum
484 1937 583 1977 satis
605 1937 731 1991 digna
750 1950 876 1977 causa
895 1937 984 1985 fuit,
1006 1951 1077 1977 cur
1095 1937 1252 1992 patriae
1267 1936 1501 1977 indiceretis
1516 1936 1683 1984 bellum,

328 2012 399 2038 cur
425 1999 477 2039 ad
495 1999 696 2053 Ilergetes
724 1998 1009 2039 descisceretis
1037 2014 1060 2039 a
1084 1999 1237 2054 populo
1251 1999 1460 2047 Romano,
1488 2012 1559 2037 eur
1583 1997 1684 2037 nihil

328 2060 560 2100 divinarum
596 2061 922 2101 humanarumve
954 2076 1091 2101 rerum
1120 2060 1365 2101 inviolatum
1395 2059 1512 2101 vobis
1551 2060 1685 2099 esset?

284 2136 301 2164 3
327 2121 541 2163 insanistis
572 2123 779 2177 profecto,
816 2123 986 2171 milites,
1024 2137 1100 2163 nec
1130 2122 1260 2163 maior
1290 2122 1332 2162 in
1364 2136 1513 2177 corpus
1545 2136 1685 2161 meum

282 2199 301 2226 4
328 2184 389 2224 vis
416 2184 549 2225 morbi
575 2199 698 2237 quam
723 2185 765 2224 in
791 2195 950 2225 vestras
976 2193 1135 2225 mentes
1155 2184 1320 2224 invasit.
1359 2184 1498 2224 horret
1523 2183 1684 2223 animus

326 2246 498 2295 referre,
525 2247 624 2299 quid
649 2246 896 2287 crediderint
921 2246 1127 2295 homines,
1161 2247 1261 2299 quid
1286 2245 1560 2300 speraverint,
1587 2245 1687 2298 quid

327 2308 578 2361 optaverint:
606 2309 766 2348 auferat
791 2308 928 2349 omnia
953 2308 1074 2348 inrita
1099 2308 1265 2356 oblivio,
1293 2308 1327 2348 si
1352 2314 1501 2362 potest,
1530 2307 1564 2347 si
1588 2321 1684 2355 non,

284 2383 302 2412 5
326 2378 547 2422 utcumque
574 2370 782 2411 silentium
807 2377 933 2424 tegat.
993 2385 1076 2411 non
1101 2369 1359 2424 negaverim,
1394 2369 1552 2410 tristem
1578 2377 1686 2409 atro-

327 2445 497 2484 cemque
534 2432 652 2473 vobis
691 2432 824 2472 visam
861 2431 1090 2472 orationem
1127 2447 1281 2472 meam:
1325 2442 1479 2484 quanto
1518 2430 1683 2471 creditis

327 2494 436 2533 facta
467 2502 605 2534 vestra
637 2494 839 2535 atrociora
869 2509 962 2534 esse
993 2508 1118 2547 quam
1149 2494 1258 2534 dicta
1287 2494 1411 2533 mea?
1459 2500 1500 2533 et
1535 2506 1601 2532 me
1637 2506 1686 2532 ea

327 2568 430 2606 quac
463 2556 619 2596 fecistis
649 2556 737 2610 pati
768 2570 946 2608 aequum
977 2555 1174 2604 censetis3
1212 2571 1285 2596 vos
1317 2570 1368 2595 ne
1402 2554 1481 2594 diei
1519 2550 1684 2607 quidem

283 2627 301 2656 6
328 2616 464 2656 omnia
489 2631 620 2669 aequo
653 2617 788 2658 animo
819 2617 954 2658 fertis!
1005 2617 1080 2658 sed
1109 2632 1161 2658 ne
1192 2632 1242 2658 ea
1271 2617 1438 2669 quidem
1462 2616 1554 2669 ipsa
1577 2614 1684 2653 ultra.

285 2689 300 2717 7
328 2679 696 2730 exprobrabuntur.
768 2679 925 2720 utinam
969 2687 1053 2719 tam
1095 2679 1216 2720 facile
1258 2693 1333 2719 vos
1382 2673 1681 2718 obliviscamini
