1815 3184
299 231 349 272 18
616 239 768 272 LIBER
794 239 905 280 xxi,
933 238 986 271 21.
1007 238 1060 270 22.
1089 239 1136 279 [a.
1153 249 1186 270 u.
1202 247 1232 270 e.
1246 237 1327 280 5315]

297 341 426 384 Gadis
452 341 661 396 profectus
684 340 857 381 Herculi
883 346 978 380 vota
1002 339 1176 380 exsolvit
1203 339 1404 392 novisque
1430 354 1473 380 se
1498 339 1653 394 obligat

231 419 271 448 10
295 404 419 452 votis,
455 404 489 443 si
515 409 648 443 cetera
673 416 869 455 prospera
895 401 1140 441 evenissent.
1199 402 1294 442 inde
1326 401 1505 455 partiens
1535 415 1651 442 curas

296 456 416 505 simul
451 462 530 518 [in]
564 463 824 503 inferendum
852 470 973 516 atque
999 463 1222 503 arcendum
1247 463 1419 511 bellum,
1452 477 1522 512 ne,
1555 464 1651 504 dum

295 529 384 582 ipse
426 527 607 566 terrestri
642 541 714 580 per
749 525 998 579 Hispaniam
1037 524 1278 578 Galliasque
1313 526 1456 565 itincre
1491 525 1651 566 Italiam

295 594 468 643 peteret,
503 589 614 628 nuda
638 595 860 642 apertaque
886 587 1084 627 Romanis
1110 581 1332 628 Africa⁵ab
1361 586 1502 628 Sicilia
1532 595 1652 637 esset,

232 666 268 694 11
298 650 432 690 valido
465 650 669 704 praesidio
701 650 862 690 firmare
896 664 986 689 eam
1020 650 1172 689 statuit.
1221 664 1296 703 pro
1322 664 1369 690 co
1396 650 1655 704 supplemen-

295 722 381 752 tum
417 713 506 767 ipse
537 727 589 753 ex
618 712 765 752 Africa
797 712 974 752 maxime
1006 711 1294 760 iaculatorum,
1331 711 1483 752 levium
1517 712 1652 760 armis,

296 775 430 829 petiit,
468 782 514 814 ut
549 773 646 814 Afri
682 774 723 813 in
759 773 986 827 Hispania,
1023 773 1204 827 Hispani
1239 774 1282 813 in
1311 773 1476 823 Africa,
1514 774 1656 814 melior

295 836 439 890 procul
482 836 532 877 ab
576 836 698 876 domo
741 835 903 876 futurus
946 844 1117 888 uterque
1163 836 1298 884 miles,
1348 836 1460 876 velut
1502 836 1655 876 mutuis

232 911 270 941 1-2
297 898 536 953 pigneribus
573 897 761 953 obligati,
814 898 1017 951 stipendia
1059 898 1253 938 facerent.
1315 898 1508 938 tredecim
1544 898 1656 938 milia

296 961 553 1015 octingentos
581 960 881 1014 quinquaginta
902 960 1062 1013 pedites
1084 966 1260 1000 cetratos
1280 959 1391 1000 misit
1411 960 1452 999 in
1466 959 1655 1000 Africam

295 1030 333 1063 et
370 1023 599 1063 funditores
638 1022 834 1062 Baleares
873 1022 1130 1076 octingentos
1169 1022 1447 1076 septuaginta,
1497 1022 1654 1075 equites

230 1098 270 1128 13
296 1085 446 1125 mixtos
485 1100 535 1124 ex
572 1084 710 1124 multis
749 1083 941 1138 gentibus
981 1083 1091 1124 mille
1128 1083 1338 1124 ducentos.
1398 1082 1472 1124 has
1516 1083 1655 1137 copias

296 1147 444 1202 partim
484 1146 726 1200 Carthagini
763 1145 967 1199 praesidio
1005 1160 1114 1194 esse,
1163 1146 1310 1199 partim
1354 1145 1542 1186 distribui
1583 1161 1657 1200 per

295 1209 484 1249 Africam
514 1208 639 1248 iubet.
697 1207 818 1247 simul
849 1206 1194 1259 conquisitoribus
1227 1208 1268 1247 in
1302 1208 1485 1248 civitates
1518 1208 1655 1248 missis

297 1277 488 1323 quattuor
521 1269 632 1309 milia
666 1268 896 1321 conscripta
922 1268 1103 1308 delectae
1128 1269 1371 1318 iuventutis,
1405 1269 1654 1323 praesidium

299 1331 465 1372 eosdem
493 1338 532 1371 et
558 1330 742 1378 obsides,
770 1330 865 1369 duci
893 1329 1187 1384 Carthaginem
1214 1330 1338 1370 iubet.

256 1403 269 1430 1
382 1392 538 1432 XXII.
593 1391 737 1444 Neque
764 1390 1013 1444 Hispaniam
1044 1391 1344 1445 neglegendam
1368 1399 1501 1440 ratus,
1534 1399 1654 1444 atque

296 1455 338 1494 id
363 1469 411 1495 eo
438 1455 590 1502 minus,
618 1453 728 1506 quod
754 1453 863 1492 haud
889 1453 1057 1507 ignarus
1085 1460 1188 1502 erat,
1216 1452 1470 1493 circumitam
1497 1453 1548 1493 ab
1574 1453 1657 1493 Ro-

299 1517 431 1557 manis
475 1531 564 1556 eam
606 1515 753 1569 legatiS
796 1515 848 1555 ad
892 1515 1169 1556 sollicitandos
1211 1515 1443 1569 principum
1485 1515 1655 1563 animos,

296 1578 552 1619 Hasdrubali
578 1578 712 1626 fratri,
747 1577 834 1617 viro
860 1577 1040 1631 inpigro,
1076 1592 1166 1617 eam
1198 1577 1450 1631 provinciam
1481 1577 1656 1618 destinat

297 1641 512 1693 firmatque
545 1655 637 1680 eum
664 1640 820 1680 Africis
853 1639 1030 1679 maxime
1056 1639 1289 1693 praesidiis,
1321 1639 1506 1693 peditum
1531 1638 1658 1679 Afro-

296 1718 387 1742 rum
414 1702 603 1742 undecim
633 1701 798 1741 milibus
820 1702 1065 1755 octingentis
1087 1701 1402 1756 quinquaginta,
1428 1701 1656 1756 Liguribus

253 1780 271 1808 3
298 1764 507 1811 trecentis,
534 1763 767 1804 Baliaribus
796 1761 891 1817 [D]
943 1764 995 1803 ad
1019 1763 1120 1803 haec
1146 1764 1329 1818 peditum
1355 1763 1508 1804 auxilia
1531 1763 1658 1803 additi

298 1827 456 1880 equites
492 1826 850 1880 Libyphoenices,
899 1826 1073 1865 mixtum
1109 1825 1315 1866 Punicum
1352 1825 1469 1866 Afris
1511 1840 1655 1879 genus,

297 1889 583 1942 quadringenti
616 1895 655 1927 et
679 1887 883 1927 Numidae
914 1887 1153 1940 Maurique,
1192 1887 1354 1928 accolae
1388 1886 1566 1935 Oceani,
1606 1887 1658 1927 ad

296 1950 406 1990 mille
443 1949 666 2004 octingenti
699 1956 737 1989 et
769 1963 896 2002 parva
919 1948 1143 2003 Ilergetum
1176 1964 1322 1989 manus
1356 1963 1406 1989 ex
1437 1948 1654 2002 Hispania,

297 2012 461 2052 ducenti
480 2012 650 2064 equites,
673 2018 724 2059 et,
747 2025 797 2050 ne
818 2011 928 2063 quod
949 2011 1149 2051 terrestris
1170 2011 1331 2051 deesset
1351 2010 1491 2050 auxilii
1511 2024 1655 2065 genus,

253 2088 271 2115 4
298 2073 502 2127 elephanti
521 2073 667 2127 viginti
694 2088 812 2112 unus.
863 2072 1006 2113 classis
1032 2080 1243 2126 praeterea
1267 2073 1360 2113 data
1387 2073 1439 2112 ad
1464 2072 1657 2112 tuendam

297 2136 557 2175 maritumam
582 2150 715 2184 oram,
750 2134 844 2188 quia
870 2149 951 2187 qua
981 2142 1096 2188 parte
1127 2134 1223 2175 belli
1254 2135 1454 2182 vicerant,
1492 2149 1540 2174 ea
1571 2140 1657 2174 tum

297 2212 459 2250 quoque
478 2212 563 2237 rem
584 2204 774 2252 gesturos
796 2197 1005 2237 Romanos
1027 2196 1137 2237 credi
1155 2204 1332 2250 poterat,
1359 2195 1655 2250 quinquaginta

297 2259 631 2312 quinqueremes,
665 2259 945 2311 quadriremes
972 2258 1096 2307 duae,
1129 2258 1314 2298 triremes
1347 2258 1547 2310 quinque;
1585 2257 1657 2297 sed

298 2332 416 2375 aptae
441 2321 746 2373 instructaeque
771 2320 943 2374 remigio
969 2320 1135 2374 triginta
1160 2327 1198 2360 et
1217 2320 1321 2360 duae
1341 2319 1655 2372 quinqueremes

299 2389 413 2423 erant
438 2390 477 2423 et
502 2383 686 2422 triremes
712 2382 905 2435 quinque.

255 2457 274 2485 5
382 2444 453 2485 Ab
481 2442 669 2485 Gadibus
698 2443 992 2498 Carthaginem
1026 2443 1078 2483 ad
1102 2442 1273 2483 hiberna
1297 2442 1500 2483 exercitus
1525 2440 1655 2481 rediit.

301 2514 422 2558 atque
451 2506 546 2546 inde
572 2505 782 2560 profectus
806 2512 968 2559 praeter
992 2505 1253 2545 maritumam
1279 2519 1392 2545 oram
1415 2503 1655 2544 Etovissam

256 2580 273 2609 6
300 2567 444 2608 urbem
475 2568 527 2609 ad
551 2568 756 2608 Hiberum
787 2568 910 2608 ducit.
959 2567 1016 2608 ibi
1047 2567 1159 2607 fama
1189 2574 1251 2607 est
1281 2567 1324 2607 in
1355 2566 1489 2619 quiete
1522 2565 1657 2605 visum

302 2629 352 2669 ab
379 2644 426 2669 eo
450 2630 640 2670 iuvenem
661 2629 797 2669 divina
820 2629 974 2683 specie,
1001 2629 1071 2682 qui
1091 2644 1134 2669 se
1155 2628 1205 2669 ab
1220 2628 1319 2669 Iove
1339 2628 1491 2668 diceret
1510 2627 1656 2666 ducem

301 2690 341 2730 in
373 2690 533 2731 Italiam
564 2690 792 2731 Hannibali
822 2691 1014 2732 missum:
1052 2691 1222 2744 proinde
1255 2700 1491 2742 sequeretur
1524 2700 1655 2739 neque

252 1656 269 1684 to
