1815 3184
322 249 404 290 478
593 255 749 290 LIBER
771 255 978 299 xxviiii,
1004 255 1059 289 34.
1078 255 1132 289 35.
1162 258 1210 298 [a.
1224 267 1258 289 u.
1275 266 1304 289 ο.
1318 255 1401 299 550]

320 366 481 415 posset,
519 358 682 399 cederet
711 358 928 412 paulatim:
969 373 1013 398 se
1043 357 1085 397 in
1115 365 1299 412 tempore
1331 371 1495 413 pugnae
1521 360 1675 401 obven-

277 436 295 465 9
321 430 470 462 turum.
531 427 690 460 tantum
720 427 922 468 moratus,
960 427 1160 473 quantum
1193 420 1291 461 satis
1324 420 1520 474 temporis
1556 436 1675 475 prae-

321 497 466 537 gresso
492 481 628 522 visum
654 482 706 522 ad
732 482 954 522 eliciendos
981 481 1131 530 hostis,
1158 496 1251 522 cum
1275 481 1466 522 Romano
1492 482 1675 535 equitatu

322 552 508 592 secutus,
546 544 780 598 tegentibus
807 543 996 592 tumulis,
1029 543 1098 597 qui
1122 552 1427 598 peropportune
1454 543 1561 584 circa
1585 543 1676 584 viae

256 618 296 648 10
321 606 453 647 flexus
491 604 671 660 oppositi
702 613 836 654 erant,
875 606 1059 646 occultus
1090 605 1305 660 processit.
1364 605 1595 645 Masinissa
1626 620 1677 645 ex

321 668 550 722 composito
587 682 696 708 nunc
727 667 936 720 terrentis,
973 682 1083 708 nunc
1113 667 1294 708 timentis
1325 668 1448 708 modo
1481 676 1551 708 aut
1574 667 1676 721 ipsis

321 730 589 783 obequitabat
623 730 752 785 portis
786 738 856 770 aut
891 730 1095 779 cedendo,
1145 744 1239 771 cum
1274 729 1431 771 timoris
1471 729 1677 770 simulatio

323 793 537 834 audaciam
564 792 673 833 hosti
698 793 866 841 faceret,
894 792 946 832 ad
970 792 1273 845 insequendum
1297 800 1451 833 temere
1477 792 1676 832 eliciebat.

256 865 293 893 11
322 855 507 896 nondum
544 870 688 896 omnes
726 854 884 909 egressi
922 861 1038 894 erant
1073 854 1267 907 varieque
1298 855 1383 894 dux
1413 853 1677 908 fatigabatur,

321 917 423 958 alios
450 917 545 957 vino
572 924 612 957 et
638 931 782 958 somno
808 916 947 971 gravis
975 931 1088 956 arma
1119 931 1265 971 capere
1297 923 1337 956 et
1361 916 1523 956 frenare
1549 930 1677 969 equos

321 980 528 1034 cogendo,
568 979 662 1028 alis,
699 994 751 1020 ne
789 978 923 1034 sparsi
960 986 1000 1019 et
1034 978 1233 1020 inconditi
1271 978 1357 1020 sine
1389 979 1550 1027 ordine,
1591 978 1678 1019 sine

256 1051 294 1080 12
322 1042 451 1097 signis
478 1042 668 1083 omnibus
694 1041 824 1096 portis
851 1049 1132 1089 excurrerent,
1160 1041 1412 1082 obsistendo.
1461 1041 1593 1095 primo
1617 1040 1679 1080 in-

321 1112 439 1144 caute
460 1119 503 1144 se
524 1104 737 1145 evellentis
755 1103 986 1144 Masinissa
1006 1103 1254 1158 excipiebat3
1280 1118 1378 1144 mox
1397 1103 1536 1157 plures
1557 1102 1678 1143 simul

322 1165 495 1207 conferti
543 1173 662 1219 porta
698 1165 819 1205 effusi
862 1172 1141 1218 aequaverant
1182 1173 1413 1213 certamen3
1467 1172 1676 1218 postremo

320 1227 402 1267 iam
429 1227 561 1268 omnis
589 1227 795 1279 equitatus
827 1227 984 1281 proelio
1010 1241 1104 1266 cum
1130 1226 1314 1274 adesset,
1355 1226 1547 1266 sustineri
1571 1226 1678 1266 ultra

255 1299 294 1328 13
321 1288 528 1341 nequiere.
578 1303 661 1329 non
686 1295 824 1328 tamen
850 1288 983 1328 effusa
1008 1288 1107 1342 fuga
1120 1287 1366 1336 Blasinissa,
1395 1288 1468 1329 sed
1493 1288 1676 1328 cedendo

322 1350 477 1392 sensim
508 1350 686 1404 impetus
719 1365 861 1390 eorum
892 1350 1137 1404 accipiebat,
1177 1350 1308 1390 donec
1335 1350 1387 1390 ad
1412 1350 1592 1391 tumulos
1618 1358 1677 1390 te-

255 1423 296 1452 14
321 1412 456 1467 gentis
470 1412 708 1452 Romanum
733 1411 959 1464 equitatum
984 1411 1195 1466 pertraxit.
1232 1411 1327 1451 inde
1350 1411 1481 1451 exorti
1503 1412 1675 1464 equites,

321 1485 360 1514 et
379 1474 458 1528 ipsi
478 1474 649 1528 integris
671 1473 826 1514 viribus
847 1480 887 1513 et
905 1473 1138 1513 recentibus
1160 1472 1296 1525 equis,
1323 1473 1522 1513 Hannoni
1541 1474 1678 1513 Afris-

322 1551 400 1589 que
436 1536 662 1590 pugnando
699 1550 746 1576 ac
785 1535 996 1588 sequendo
1034 1535 1157 1575 fessis
1196 1549 1239 1575 se
1272 1534 1589 1584 circumfudere3
1639 1544 1679 1575 et

256 1611 294 1640 15
320 1598 551 1638 Blasinissa
586 1596 704 1638 flexis
744 1597 880 1637 subito
917 1597 1034 1649 equis
1070 1596 1113 1636 in
1148 1611 1333 1651 pugnam
1369 1596 1501 1637 rediit.
1567 1597 1678 1638 mille

283 1674 288 1677 ·
320 1660 424 1708 fere,
462 1659 531 1712 qui
561 1659 682 1713 primi
714 1659 890 1713 agminis
921 1659 1104 1707 fuerant,
1142 1659 1290 1712 quibus
1322 1658 1433 1699 haud
1458 1658 1589 1699 facilis
1615 1673 1679 1700 re-

321 1730 463 1776 ceptus
490 1721 585 1770 fuit,
624 1735 717 1761 cum
747 1721 839 1776 ipso
866 1721 969 1761 duce
994 1722 1204 1762 Hannone
1229 1720 1440 1761 interclusi
1471 1728 1593 1773 atque
1618 1721 1679 1761 in-

256 1796 294 1825 16
321 1784 482 1824 terfecti
520 1791 632 1833 sunt3
689 1791 867 1832 ceteros,
917 1783 1033 1824 ducis
1075 1783 1296 1838 praecipue
1339 1783 1500 1824 territos
1538 1784 1677 1831 caede,

320 1847 451 1887 effuse
477 1846 675 1901 fugientis
700 1862 774 1901 per
801 1846 970 1901 triginta
994 1846 1107 1886 milia
1130 1861 1330 1900 passuum
1350 1845 1525 1886 victores
1549 1845 1679 1886 secuti

321 1909 373 1949 ad
399 1909 480 1949 duo
505 1916 720 1963 praeterea
745 1908 858 1949 milia
889 1907 1073 1961 equitum
1100 1915 1171 1948 aut
1196 1915 1393 1962 ceperunt
1424 1915 1494 1947 aut
1519 1907 1679 1948 occide-

254 1983 292 2011 17
319 1978 426 2011 runt.
481 1970 587 2011 inter
613 1986 683 2011 eos
711 1970 809 2011 satis
837 1971 1053 2011 constabat
1078 1985 1161 2010 non
1185 1970 1321 2009 minus
1348 1969 1547 2010 ducentos
1576 1967 1679 2009 Car-

320 2032 642 2087 thaginiensium
663 2033 820 2086 equites
841 2032 984 2082 fuisse,
1011 2040 1050 2073 et
1072 2031 1223 2072 divitiis
1245 2031 1447 2085 quosdam
1468 2039 1508 2071 et
1527 2046 1678 2085 genere

319 2094 527 2136 inlustres.

278 2170 288 2197 1
404 2156 603 2199 XXXV.
641 2158 803 2198 Eodem
830 2158 935 2198 forte
962 2172 1043 2211 quo
1069 2157 1171 2197 haec
1193 2163 1313 2211 gesta
1333 2163 1429 2195 sunt
1449 2154 1514 2195 die
1535 2169 1676 2202 naves,

320 2233 425 2270 quae
450 2219 648 2273 praedam
679 2219 721 2259 in
754 2219 939 2260 Siciliam
971 2226 1188 2267 vexerant,
1227 2233 1320 2258 cum
1353 2224 1585 2258 commeatu
1616 2231 1679 2256 re-

321 2280 450 2329 diere,
489 2281 602 2321 velut
637 2282 843 2322 ominatae
881 2282 933 2322 ad
968 2282 1167 2336 praedam
1205 2281 1376 2321 alteram
1411 2279 1679 2334 repetendam

276 2354 294 2383 2
322 2357 413 2382 sese
433 2343 612 2384 venisse.
651 2344 754 2384 duos
775 2344 922 2384 eodem
942 2343 1107 2385 nomine
1123 2341 1532 2396 Carthaginiensium
1553 2341 1677 2380 duces

322 2404 482 2444 duobus
509 2406 770 2458 equestribus
796 2406 963 2460 proeliis
989 2405 1228 2446 interfectos
1259 2420 1344 2445 non
1369 2418 1512 2445 omnes
1539 2411 1679 2443 aucto-

320 2480 385 2505 res
414 2474 525 2515 sunt,
563 2467 700 2516 veriti,
739 2469 880 2517 credo,
913 2483 964 2509 ne
989 2468 1150 2509 falleret
1179 2467 1242 2508 bis
1267 2467 1397 2507 relata
1423 2466 1568 2507 eadem
1591 2480 1676 2513 res3

323 2525 491 2569 Caelius
534 2529 700 2582 quidem
744 2538 783 2571 et
818 2530 1013 2572 Valerius
1057 2537 1223 2584 captum
1265 2528 1389 2570 etiam
1425 2529 1677 2568 Hannonem

323 2589 501 2629 tradunt.

277 2662 295 2689 3
408 2649 548 2705 Scipio
584 2653 817 2706 praefectos
861 2654 1102 2707 equitesque
1144 2661 1267 2708 prout
1309 2653 1507 2705 cuiusque
1550 2664 1677 2706 opera

322 2710 472 2760 fuerat,
512 2723 605 2754 ante
631 2716 763 2756 omnis
790 2716 1080 2764 Masinissam,
1118 2715 1351 2769 insignibus
1385 2713 1502 2754 donis
1529 2712 1672 2757 donat3
