1815 3184
343 239 426 281 458
614 245 768 278 LIBER
792 218 1000 288 XXVIIII,
1026 245 1080 278 16.
1101 245 1153 277 17.
1182 247 1230 287 [a.
1245 256 1278 279 u.
1294 256 1322 278 e.
1337 246 1419 289 550]

344 348 526 389 sionibus
553 361 601 387 ea
625 346 798 400 pecunia
823 346 1063 386 solveretur:
1096 346 1267 400 primam
1291 353 1545 399 praesentem
1569 349 1598 388 ii
1622 351 1692 401 qui

343 423 429 450 tum
455 415 608 456 essent,
636 408 738 447 duas
764 407 871 447 tertii
896 413 934 448 et
958 407 1089 460 quinti
1114 407 1300 447 consules
1327 417 1597 450 numerarent.

299 491 317 514 4
430 469 578 511 Omnis
616 469 763 509 deinde
801 469 901 509 alias
932 483 1049 509 curas
1087 484 1170 508 una
1205 469 1438 524 occupavit,
1476 478 1693 524 postquam

344 532 615 573 Locrensium
641 531 797 579 clades,
830 545 936 583 quae
960 531 1170 584 ignoratae
1196 531 1247 570 ad
1273 545 1361 570 eam
1388 531 1495 571 diem
1520 532 1692 582 fuerant,

300 610 318 637 5
343 595 570 648 legatorum
595 594 774 633 adventu
799 593 989 647 vulgatae
1016 598 1121 633 sunt.
1159 606 1233 632 nee
1259 600 1342 632 tam
1359 592 1535 633 Plemini
1561 595 1694 636 scelus

343 670 466 708 quam
505 653 709 708 Scipionis
745 655 788 694 in
823 668 870 694 eo
907 661 977 694 aut
1012 653 1178 694 ambitio
1215 660 1284 694 aut
1320 654 1580 709 neglegentia
1615 656 1695 697 iras

301 732 318 760 6
346 717 555 758 hominum
580 716 771 756 inritavit.
814 716 956 756 decem
976 715 1101 769 legati
1115 715 1405 764 Locrensium,
1433 716 1555 756 obsiti
1575 731 1696 770 squa-

345 779 428 818 lore
460 784 499 818 et
530 777 736 825 sordibus,
780 776 823 816 in
853 777 1017 817 comitio
1049 776 1283 817 sedentibus
1321 777 1557 819 consulibus
1587 778 1698 818 vela-

345 847 482 881 menta
508 840 771 893 supplicium,
798 854 934 879 ramos
961 839 1092 885 oleae,
1118 847 1164 879 ut
1190 837 1359 880 Graecis
1387 854 1474 880 mos
1501 846 1580 888 est,
1605 854 1698 894 por-

346 909 508 957 gentes,
548 909 640 941 ante
673 900 849 941 tribunal
881 916 974 941 cum
1004 900 1129 941 flebili
1155 901 1443 941 vociferatione
1468 901 1582 941 humi
1605 916 1698 955 pro-

347 963 585 1004 cubuerunt.
646 962 935 1016 quaerentibus
973 962 1209 1003 consulibus
1235 963 1467 1004 Locrenses
1506 978 1549 1003 se
1585 963 1698 1004 dixe-

344 1032 437 1065 runt
468 1040 577 1074 esse,
616 1039 663 1065 ea
698 1039 843 1078 passos
875 1040 898 1064 a
931 1023 982 1076 Q.
1013 1024 1216 1064 Pleminio
1252 1024 1388 1079 legato
1418 1025 1697 1078 Romanisque

345 1086 559 1135 militibus,
598 1101 701 1139 quac
732 1086 817 1140 pati
847 1101 897 1126 ne
925 1085 1278 1139 Carthaginiensis
1310 1086 1473 1138 quidem
1507 1086 1600 1126 velit
1625 1101 1698 1139 po·
1741 1105 1745 1108 ·

345 1149 466 1203 pulus
492 1148 723 1189 Romanus:
761 1162 905 1202 rogare
931 1148 989 1187 uti
1015 1147 1091 1188 sibi
1122 1155 1258 1201 patres
1285 1148 1460 1188 adeundi
1486 1148 1697 1202 deploran-

347 1211 469 1263 dique
495 1224 711 1250 aerumnas
739 1224 833 1249 suas
860 1216 1102 1263 potestatem
1128 1209 1320 1249 facerent.

305 1285 318 1312 1
431 1272 579 1313 XVII.
660 1270 817 1312 Senatu
852 1272 946 1311 dato
988 1271 1191 1311 maximus
1234 1279 1333 1311 natu
1370 1285 1420 1311 cx
1456 1271 1529 1311 iis:
1580 1271 1695 1319 ‘scio,

347 1335 487 1387 quanti
522 1335 787 1375 aestimentur
822 1340 984 1373 nostrae
1028 1333 1137 1386 apud
1173 1348 1246 1373 vos
1284 1333 1511 1385 querellae,
1559 1340 1696 1386 patres

347 1396 584 1450 conscripti,
611 1396 831 1449 plurimum
857 1395 897 1434 in
924 1409 971 1434 eo
991 1395 1186 1434 momenti
1205 1409 1308 1443 esse,
1336 1395 1370 1435 si
1394 1394 1519 1448 probe
1546 1395 1695 1443 sciatis,

347 1465 386 1498 et
421 1472 501 1511 quo
538 1458 659 1497 modo
690 1457 839 1510 proditi
868 1457 994 1496 Locri
1024 1456 1250 1496 Hannibali
1281 1457 1360 1497 sint
1392 1463 1431 1496 et
1466 1471 1546 1509 quo
1577 1457 1697 1497 modo

346 1519 465 1573 pulso
491 1518 737 1559 Hannibalis
769 1518 973 1572 praesidio
1004 1517 1179 1557 restituti
1209 1518 1250 1557 in
1275 1518 1477 1557 dicionem
1502 1526 1697 1558 vestram:

347 1581 496 1634 quippe
534 1581 568 1621 si
604 1587 643 1620 et
680 1580 798 1633 culpa
835 1579 1074 1619 defectionis
1105 1579 1247 1632 procul
1277 1594 1301 1619 a
1330 1579 1494 1633 publico
1531 1580 1698 1620 consilio

347 1642 471 1690 absit,
510 1648 548 1682 et
578 1642 752 1681 reditum
782 1641 824 1680 in
856 1648 1034 1681 vestram
1065 1641 1268 1681 dicionem
1299 1649 1492 1694 appareat
1521 1656 1602 1681 non
1628 1656 1699 1682 vo-

346 1704 500 1743 luntate
527 1703 676 1751 solum,
711 1703 784 1743 sed
810 1703 932 1743 ctiam
957 1717 1033 1756 ope
1060 1710 1098 1742 ct
1122 1703 1268 1743 virtute
1294 1710 1449 1751 nostra,
1482 1703 1613 1757 magis
1638 1703 1700 1742 in-

347 1765 572 1819 dignemini
597 1765 713 1805 bonis
745 1779 792 1805 ac
824 1764 1012 1805 fidelibus
1045 1764 1166 1804 sociis
1198 1772 1280 1804 tam
1310 1764 1500 1818 indignas
1531 1764 1698 1804 iniurias

304 1838 322 1867 3
349 1826 398 1866 ab
424 1826 559 1880 legato
585 1837 721 1866 vestro
741 1826 1019 1878 militibusque
1038 1826 1137 1866 ficri.
1177 1826 1249 1866 sed
1268 1840 1345 1880 ego
1365 1840 1530 1865 causam
1551 1826 1700 1866 utrius-

348 1902 426 1940 que
458 1888 697 1928 defectionis
729 1896 892 1928 nostrae
922 1888 964 1927 in
995 1888 1105 1928 aliud
1135 1893 1297 1941 tempus
1334 1887 1601 1927 differendam
1637 1902 1699 1927 ar-

303 1962 323 1990 4
348 1949 474 1989 bitror
510 1963 599 1990 csse
636 1950 808 1989 duarum
845 1964 979 1989 rerum
1016 1949 1165 2003 gratia:
1214 1949 1353 1997 unius,
1401 1955 1446 1988 ut
1482 1962 1619 1988 coram
1650 1948 1699 1988 P.

350 2010 565 2064 Scipione,
608 2011 678 2064 qui
706 2012 867 2051 Locros
897 2012 1067 2065 recepit,
1111 2011 1292 2051 omnium
1322 2009 1439 2050 nobis
1469 2017 1578 2050 recte
1610 2025 1701 2063 per-

347 2087 567 2126 peramque
588 2073 790 2113 factorum
816 2080 877 2114 est
899 2073 1034 2122 testis,
1061 2080 1222 2127 agatur3
1248 2072 1426 2120 alterius,
1453 2072 1574 2125 quod,
1602 2086 1701 2124 qua-

347 2134 584 2187 lescumque
616 2150 777 2183 sumus,
816 2143 952 2175 tamen
984 2149 1031 2175 ca
1061 2149 1165 2187 quae
1196 2133 1307 2187 passi
1338 2148 1480 2173 sumus
1505 2133 1590 2187 pati
1618 2148 1700 2172 non

305 2209 323 2237 5
349 2195 578 2237 debuimus.
638 2211 721 2236 non
745 2211 966 2250 possumus
993 2196 1268 2244 dissimulare,
1307 2203 1442 2249 patres
1469 2195 1699 2248 conscripti,

347 2272 442 2305 nos,
470 2272 562 2298 cum
588 2258 837 2311 praesidium
863 2258 1068 2298 Punicum
1092 2258 1134 2297 in
1160 2271 1251 2297 arce
1276 2264 1415 2297 nostra
1440 2256 1698 2305 haberemus,

348 2319 476 2359 multa
500 2319 621 2359 foeda
647 2326 686 2359 et
710 2320 878 2373 indigna
902 2327 941 2360 et
967 2335 990 2359 a
1014 2319 1222 2373 praefecto
1247 2319 1439 2373 praesidii
1463 2318 1701 2358 Hamilcare

349 2388 388 2421 ct
413 2380 464 2421 ab
495 2381 684 2421 Numidis
715 2381 914 2434 Afrisque
950 2396 1096 2435 passos
1129 2395 1239 2430 csse3
1277 2381 1350 2421 sed
1380 2381 1478 2433 quid
1508 2380 1576 2420 illa
1607 2386 1702 2420 sunt

306 2455 323 2483 6
351 2441 509 2482 conlata
546 2457 636 2483 cum
674 2443 723 2483 iis
760 2458 864 2496 quae
900 2442 1020 2488 hodie
1056 2442 1252 2496 patimur!
1301 2457 1395 2483 cum
1430 2441 1539 2482 bona
1568 2441 1699 2489 venia,

350 2517 519 2555 quaeso,
546 2505 739 2555 audiatis,
767 2513 902 2558 patres
925 2505 1162 2558 conscripti,
1189 2504 1231 2544 id
1251 2504 1360 2557 quod
1377 2503 1528 2544 invitus
1549 2502 1699 2542 dicam:
1721 2531 1726 2535 -

350 2565 389 2604 in
416 2565 647 2607 discrimine
673 2573 735 2607 est
759 2581 867 2607 nune
892 2566 1118 2607 humanum
1144 2581 1264 2606 omne
1290 2581 1439 2620 genus,
1466 2572 1602 2605 utrum
1626 2577 1699 2603 vos

309 2639 323 2665 7
351 2641 403 2665 au
429 2625 789 2682 Carthaginienses
826 2629 1029 2682 principes
1067 2636 1264 2669 terrarum
1294 2628 1442 2667 videat.
1502 2626 1538 2667 si
1572 2640 1622 2665 ex
1650 2626 1698 2670 is,

351 2700 454 2738 quae
488 2688 721 2729 Locrenses
759 2698 828 2729 aut
863 2689 913 2730 ab
950 2690 1028 2730 illis
1071 2689 1184 2743 passi
1221 2704 1362 2730 sumus
1400 2694 1469 2728 aut
1505 2702 1529 2726 a
1563 2690 1698 2725 vestro

303 978 318 1005 “l

303 1592 320 1620 10
