1815 3184
322 253 405 295 514
655 256 807 291 LIBER
831 256 959 299 xxx,
985 255 1039 289 30.
1065 256 1114 298 [a.
1127 265 1162 288 u.
1178 264 1207 288 e.
1220 253 1302 296 552]

322 364 535 410 fratribus,
573 359 805 401 fortissimis
837 357 951 406 viris,
989 356 1223 398 clarissimis
1254 356 1564 411 imperatoribus
1589 371 1652 397 or-

323 427 481 473 batum,
508 430 601 464 ante
625 421 785 462 moenia
804 435 931 474 prope
951 420 1145 459 obsessae
1169 418 1343 473 patriae,
1369 418 1515 471 quibus
1530 417 1652 458 terrui

324 495 500 527 vestram
524 485 686 531 urbem,
714 498 762 523 ea
784 497 858 536 pro
883 496 974 521 mea
998 481 1296 535 deprecantem.
1345 479 1547 520 maximae
1572 478 1654 518 cui-

262 563 299 593 18
324 563 401 601 que
426 548 611 587 fortunae
635 544 801 584 minime
827 542 1074 583 credendum
1097 550 1172 582 est.
1208 541 1250 581 in
1274 541 1390 582 bonis
1416 541 1494 581 tuis
1519 540 1654 587 rebus,

323 609 472 650 nostris
510 607 661 655 dubiis,
709 606 790 646 iam
827 604 962 659 ampla
998 617 1045 644 ac
1081 603 1268 658 speciosa
1303 603 1415 643 danti
1453 601 1561 657 [tibi]
1594 609 1655 642 est

323 688 422 726 pax,
459 670 577 711 nobis
614 668 846 724 petentibus
883 666 1014 721 magis
1051 666 1283 707 necessaria
1319 680 1441 719 quam
1471 665 1654 706 honesta.

260 748 298 778 19
324 733 466 774 melior
500 731 703 784 tutiorque
740 737 803 770 est
839 736 949 770 certa
983 743 1064 783 pax
1108 742 1230 781 quam
1272 735 1435 782 sperata
1469 726 1654 775 victoria3

324 795 424 835 hacc
448 794 490 834 in
513 802 601 841 tua,
638 792 708 833 illa
736 791 779 831 in
809 791 977 831 deorum
1006 805 1131 830 manu
1162 797 1235 830 est.
1295 805 1346 830 ne
1377 796 1436 830 tot
1461 803 1657 830 annorum

259 872 300 901 20
324 856 559 897 felicitatem
590 855 632 895 in
661 854 781 894 unius
814 853 937 894 horae
976 851 1136 892 dederis
1174 851 1409 901 discrimem
1447 865 1538 891 cum
1567 858 1657 890 tuas

324 919 450 967 vires,
498 925 585 958 tum
620 917 703 956 vim
743 916 930 956 fortunae
971 915 1231 967 Martemque
1271 914 1367 954 belli
1403 926 1659 954 communem

323 995 505 1036 propone
531 979 678 1020 animo.
737 977 939 1030 utrimque
964 976 1134 1025 ferrum,
1165 975 1367 1028 utrimque
1392 989 1562 1029 corpora
1585 973 1660 1013 hu-

324 1058 446 1083 mana
475 1049 609 1090 erunt3
646 1055 849 1093 nusquam
878 1039 1012 1079 minus
1043 1052 1163 1091 quam
1194 1037 1236 1078 in
1265 1038 1372 1079 bello
1404 1043 1572 1078 eventus
1596 1050 1660 1076 re-

260 1117 298 1147 ‘21
327 1104 541 1159 spondent.
578 1118 660 1143 non
685 1110 841 1142 tantum
868 1101 919 1140 ad
943 1100 1002 1148 id,
1028 1100 1137 1152 quod
1163 1100 1257 1140 data
1280 1114 1380 1153 pace
1404 1099 1486 1139 iam
1510 1098 1660 1138 habere

325 1173 461 1220 potes,
499 1165 533 1205 si
557 1163 711 1219 proelio
736 1162 896 1210 vincas,
933 1161 1087 1216 gloriae
1120 1161 1332 1209 adieceris,
1369 1168 1564 1212 quantum
1590 1159 1661 1198 ad-

327 1227 491 1275 emeris,
527 1226 561 1266 si
589 1225 686 1278 quid
716 1223 878 1264 adversi
909 1222 1082 1263 eveniat.
1144 1221 1262 1261 simul
1286 1229 1403 1275 parta
1428 1235 1474 1261 ac
1499 1227 1661 1274 sperata

262 1301 301 1331 22
328 1289 475 1329 decora
512 1286 629 1326 unius
666 1285 789 1326 horae
825 1285 989 1324 fortuna
1025 1291 1206 1323 evertere
1242 1289 1389 1336 potest.
1449 1281 1585 1323 onmia
1618 1280 1661 1320 in

326 1364 427 1405 pace
450 1348 656 1403 iungenda
681 1355 773 1387 tuae
803 1345 1018 1401 potestatis
1045 1351 1157 1392 sunt,
1193 1344 1243 1384 P.
1271 1342 1456 1385 Corneli:
1493 1350 1588 1383 tunc
1613 1357 1662 1382 ea

261 1425 302 1454 23
327 1411 516 1452 habenda
539 1410 703 1450 fortuna
726 1408 819 1456 erit,
851 1421 973 1459 quam
998 1406 1037 1445 di
1063 1405 1261 1445 dederint.
1319 1404 1424 1444 inter
1447 1417 1579 1458 pauca
1602 1404 1661 1443 fe-

327 1472 488 1512 licitatis
519 1470 760 1521 virtutisque
792 1467 979 1521 exempla
1010 1467 1072 1507 M.
1098 1466 1251 1505 Atilius
1284 1466 1490 1517 quondam
1520 1465 1562 1503 in
1586 1464 1663 1504 hac

329 1534 472 1574 eadem
496 1538 602 1572 terra
626 1530 789 1578 fuisset,
828 1529 862 1569 si
893 1529 1021 1568 victor
1051 1541 1195 1582 pacem
1225 1526 1457 1580 petentibus
1484 1525 1664 1566 dedisset

327 1594 510 1649 patribus
535 1591 685 1633 nostris
694 1608 704 1640 3
742 1605 824 1631 non
857 1589 1072 1630 statuendo
1098 1587 1282 1628 felicitati
1305 1587 1473 1628 modum
1497 1600 1573 1627 nec
1597 1600 1664 1627 co-

328 1655 504 1696 hibendo
535 1654 729 1694 efferente
760 1667 803 1692 se
833 1651 1014 1698 fortuna,
1057 1657 1208 1702 quanto
1240 1649 1360 1689 altius
1398 1649 1528 1689 elatus
1564 1655 1662 1696 erat,

262 1731 303 1760 24
329 1733 376 1759 eo
413 1716 572 1758 foedius
610 1714 779 1756 conruit.
839 1721 902 1754 est
939 1712 1103 1766 quidem
1133 1711 1220 1752 eius
1252 1711 1321 1764 qui
1357 1711 1442 1759 dat,
1480 1725 1561 1750 non
1596 1710 1665 1762 qui

328 1779 446 1835 petit,
483 1777 742 1818 condiciones
775 1776 908 1816 dicere
932 1775 1065 1829 pacis3
1109 1774 1183 1814 sed
1206 1772 1377 1814 forsitan
1402 1787 1484 1813 non
1508 1771 1663 1826 indigni

263 1855 304 1883 25
330 1841 475 1889 simus,
512 1840 580 1893 qui
609 1839 814 1880 nobismet
842 1837 921 1892 ipsi
956 1836 1127 1877 multam
1162 1835 1408 1889 irrogemus:
1447 1834 1551 1886 (qui)
1582 1848 1665 1874 non

328 1917 563 1944 recusamus
589 1901 688 1954 quin
712 1899 866 1947 omnia,
891 1906 1057 1953 propter
1082 1911 1186 1950 quae
1213 1897 1264 1937 ad
1288 1896 1440 1936 bellum
1463 1895 1564 1935 itum
1589 1902 1663 1943 est,

330 1973 466 2005 vestra
492 1964 589 2012 sint,
617 1961 775 2011 Sicilia,
804 1960 1012 2009 Sardinia,
1038 1959 1261 2014 Hispania,
1293 1956 1489 2011 quidquid
1513 1956 1665 1996 insula-

265 2039 304 2069 26
329 2041 419 2067 rum
445 2033 529 2067 toto
554 2026 658 2065 inter
681 2024 868 2064 Africam
892 2023 1134 2075 Italiamque
1160 2020 1386 2062 continetur
1409 2018 1529 2067 mari;
1564 2016 1667 2058 Car-

331 2088 608 2143 thaginienses
633 2086 780 2127 inclusi
803 2085 972 2127 Africae
997 2084 1181 2125 litoribus
1207 2098 1299 2131 vos,
1337 2081 1498 2134 quando
1523 2080 1579 2120 ita
1603 2080 1665 2120 dis

330 2150 499 2205 placuit,
537 2157 705 2190 externa
736 2147 858 2189 etiam
890 2154 997 2188 terra
1026 2146 1209 2199 marique
1240 2144 1451 2185 videamus
1486 2141 1665 2196 regentis

266 2225 305 2255 27
331 2212 512 2267 imperia.
572 2212 670 2252 haut
693 2209 948 2266 negaverim,
975 2216 1140 2264 propter
1164 2222 1247 2248 non
1270 2206 1390 2246 nimis
1417 2204 1572 2246 sincere
1596 2219 1667 2258 pe-

333 2274 446 2314 titam
471 2282 541 2314 aut
565 2280 821 2328 expectatam
845 2286 974 2326 nuper
997 2285 1142 2326 pacem
1172 2277 1405 2324 suspectam
1435 2281 1525 2307 esse
1550 2265 1666 2306 vobis

331 2336 531 2376 Punicam
555 2336 691 2376 fidem.
749 2335 941 2382 multum,
977 2348 1049 2388 per
1075 2347 1177 2385 quos
1202 2330 1328 2386 petita
1359 2329 1428 2378 sit,
1465 2328 1516 2368 ad
1545 2327 1668 2367 fidem

268 2409 308 2440 28
333 2398 508 2438 tuendae
532 2397 645 2452 pacis
670 2396 864 2452 pertinet,
893 2394 1044 2449 Scipio.
1105 2392 1231 2434 vestri
1255 2405 1433 2445 quoque,
1465 2397 1509 2429 ut
1533 2388 1666 2436 audio,

335 2467 470 2513 patres
496 2474 579 2500 non
603 2459 703 2499 nihil
734 2458 856 2499 etiam
886 2457 938 2498 ob
969 2456 1064 2504 hoc,
1101 2455 1196 2508 quia
1224 2468 1369 2509 parum
1394 2450 1601 2506 dignitatis
1627 2449 1668 2489 in

270 2535 309 2564 29
335 2521 537 2575 legatione
563 2528 667 2569 erat,
698 2526 952 2574 negaverunt
975 2531 1136 2573 pacem,
1161 2540 1217 2544 —-
1246 2513 1455 2555 Hannibal
1478 2520 1572 2567 peto
1596 2526 1669 2566 pa-

336 2596 443 2631 cem,
470 2583 537 2636 qui
561 2597 692 2635 neque
716 2589 916 2637 peterem,
941 2579 1020 2620 nisi
1039 2579 1180 2619 utilem
1200 2577 1419 2625 crederem,
1446 2583 1486 2616 et
1504 2581 1669 2629 propter

272 2657 312 2688 30
337 2645 508 2685 eandem
543 2644 758 2684 utilitatem
789 2643 933 2684 tuebor
963 2657 1071 2689 eam,
1107 2647 1273 2695 propter
1303 2653 1425 2692 quam
1460 2635 1570 2691 petii.
1629 2641 1668 2673 et

338 2720 457 2760 quem
494 2706 545 2745 ad
579 2705 763 2754 modum,
801 2705 895 2758 quia
931 2719 955 2745 a
983 2718 1053 2744 -me
1088 2702 1240 2743 bellum
1276 2707 1463 2754 coeptum
1499 2704 1579 2744 est,
1615 2708 1665 2733 ne
