1815 3184
271 804 286 831 *1

250 1420 289 1448 10

250 1605 285 1633 11

250 1668 288 1697 12

250 1914 288 1943 13

250 2163 288 2190 14

251 2225 289 2253 15

274 2533 287 2561 1

272 2656 289 2684 ⁴2

317 247 398 287 236
632 252 786 286 LIBER
810 252 939 296 xxv,
966 253 1017 286 18.
1040 253 1093 286 19.
1122 255 1218 295 [ω.
1235 252 1358 296 e..542J

316 358 463 404 tiones,
501 370 605 408 quae
636 370 710 409 pro
740 361 856 408 porta
888 354 1067 403 stabant,
1107 355 1242 395 vocari
1268 353 1505 408 Crispinum
1534 356 1665 398 iussit.

314 418 425 472 quod
449 417 519 457 ubi
545 423 606 457 est
633 416 825 471 Crispino
850 416 1100 465 nuntiatum,
1138 422 1250 456 ratus
1282 416 1542 469 conloquium
1568 419 1668 458 ami-

315 495 408 520 cum
455 493 501 519 ac
549 478 748 518 familiare
790 477 948 530 quaeri,
998 484 1186 518 manente
1227 478 1423 518 memoria
1465 479 1586 519 etiam
1627 480 1668 519 in

314 541 485 581 discidio
528 540 785 594 publicorum
827 539 1041 579 foederum
1082 539 1229 593 privati
1271 539 1393 588 iuris,
1442 540 1610 593 paulum
1646 556 1670 581 a

315 603 458 643 ceteris
484 602 696 656 processit.
752 608 971 655 postquam
996 601 1038 640 in
1063 607 1328 654 conspectum
1353 616 1520 650 venere,
1559 606 1669 656 ‘pro-

316 679 416 705 voco
441 663 497 704 te’
523 663 653 717 inquit
680 663 750 703 ‘ad
775 678 970 717 pugnam,
999 661 1221 716 Crispine,’
1247 662 1424 711 Badius3
1453 667 1669 704 ‘conscen-

314 726 459 766 damus
486 740 612 778 equos
641 725 937 777 summotisque
963 724 1070 772 aliis,
1096 731 1186 764 uter
1210 724 1317 764 bello
1342 724 1485 765 melior
1510 725 1574 774 sit,
1600 725 1670 765 de-

314 787 559 828 cernamus'.
621 787 673 827 ad
703 802 751 827 ea
783 786 999 840 Crispinus
1030 801 1105 826 nee
1138 785 1215 826 sibi
1246 801 1320 827 nee
1356 787 1414 827 illi
1445 787 1501 828 ait
1530 787 1668 828 hostes

314 851 476 899 deesse,
514 851 553 890 in
580 849 728 903 quibus
755 849 947 889 virtutem
971 848 1205 889 ostendant:
1245 863 1306 897 se,
1334 849 1494 889 etiamsi
1517 849 1559 889 in
1584 849 1670 889 acie

314 912 553 961 occurrerit,
603 911 925 959 declinaturum,
975 925 1024 950 ne
1072 910 1265 964 hospitali
1313 911 1438 951 caede
1486 911 1670 951 dextram

315 974 436 1014 violet
446 991 456 1023 3
488 988 793 1026 conversusque
820 972 970 1013 abibat.
1010 972 1217 1012 enimvero
1243 971 1419 1013 ferocius
1445 979 1531 1013 tum
1547 972 1671 1013 Cam-

314 1051 445 1089 panus
471 1036 680 1089 increpare
706 1035 918 1075 mollitiam
943 1035 1233 1089 ignaviamque
1259 1042 1297 1075 et
1317 1049 1360 1075 se
1380 1035 1505 1090 digna
1523 1034 1671 1089 probra

314 1098 355 1137 in
380 1097 583 1137 insontem
609 1097 753 1144 iacere,
780 1096 1025 1149 hospitalem
1051 1096 1213 1136 hostem
1238 1096 1449 1150 appellans
1477 1097 1671 1137 simulan-

315 1166 478 1212 temque
506 1173 688 1212 parcere,
727 1159 791 1198 cui
824 1159 923 1199 sciat
955 1173 1093 1212 parem
1121 1173 1163 1198 se
1189 1173 1271 1198 non
1302 1173 1405 1199 esse.
1467 1159 1500 1199 si
1524 1174 1670 1213 parum

314 1221 488 1275 publicis
519 1220 753 1261 foederibus
785 1220 913 1274 ruptis
947 1220 1148 1274 dirempta
1180 1220 1299 1260 simul
1331 1228 1369 1261 et
1400 1221 1558 1274 privata
1582 1221 1671 1262 iura

314 1297 405 1323 esse
430 1289 562 1336 putet,
588 1282 767 1322 Badium
795 1281 1054 1336 Campanum
1081 1281 1130 1321 T.
1154 1281 1348 1334 Quinctio
1369 1281 1561 1336 Crispino
1586 1283 1670 1323 Ro-

314 1360 434 1384 mano
470 1344 605 1398 palam
643 1343 803 1384 duobus
847 1343 1092 1384 exercitibus
1135 1343 1394 1384 audientibus
1439 1344 1670 1384 renuntiare

314 1405 549 1459 hospitium.
605 1406 703 1445 nihil
730 1405 808 1445 sibi
834 1420 926 1445 cum
953 1420 1000 1445 eo
1027 1405 1324 1453 consociatum,
1361 1405 1461 1444 nihil
1487 1405 1671 1446 foedera-

313 1476 399 1508 tum
425 1468 532 1508 hosti
558 1482 650 1508 cum
682 1468 817 1516 hoste,
855 1467 969 1506 cuius
1001 1466 1174 1520 patriam
1205 1480 1252 1506 ac
1282 1473 1451 1520 penates
1484 1467 1669 1520 publicos

312 1530 574 1584 privatosque
607 1535 889 1583 oppugnatum
922 1528 1113 1568 venisset.
1176 1528 1209 1567 si
1241 1528 1302 1567 vir
1332 1535 1457 1577 esset,
1502 1543 1671 1583 congre-

314 1592 487 1631 deretur.
549 1591 618 1630 diu
655 1596 911 1630 cunctantem
941 1589 1180 1643 Crispinum
1211 1589 1425 1644 perpulere
1462 1590 1667 1639 turmales,

314 1668 365 1693 ne
389 1653 540 1706 inpune
574 1652 769 1692 insultare
797 1651 1057 1705 Campanum
1088 1658 1314 1706 pateretur3
1351 1652 1488 1705 itaque
1513 1659 1670 1692 tantum

313 1721 493 1755 moratus
520 1714 616 1753 dum
648 1714 912 1767 imperatores
945 1713 1193 1762 consuleret,
1230 1713 1562 1767 permitterentne
1594 1714 1671 1755 sibi

313 1782 427 1816 extra
452 1776 634 1816 ordinem
661 1776 702 1815 in
727 1783 1020 1829 provocantem
1046 1775 1205 1816 hostem
1232 1790 1434 1830 pugnare,
1467 1776 1671 1829 permissu

314 1852 453 1878 eorum
479 1853 591 1877 arma
617 1837 723 1891 cepit
749 1851 982 1890 equumque
1003 1838 1239 1878 conscendit
1259 1848 1295 1878 et
1311 1838 1486 1878 Badium
1507 1837 1670 1878 nornine

314 1899 564 1954 compellans
597 1899 649 1939 ad
679 1914 861 1954 pugnam
893 1899 1096 1939 evocavit:
1133 1899 1245 1939 nulla
1270 1914 1383 1939 mora
1408 1915 1431 1939 a
1457 1899 1671 1953 Campano

314 1962 423 2002 facta
460 1969 539 2010 est,
576 1961 736 2002 infestis
775 1962 890 2014 equis
929 1969 1231 2002 concurrerunt.
1294 1961 1510 2015 Crispinus
1549 1976 1671 2015 supra

315 2032 476 2065 scutum
503 2024 712 2065 sinistrum
738 2039 926 2064 umerum
941 2024 1072 2064 Badio
1097 2024 1216 2064 hasta
1241 2023 1442 2063 transfixit
1468 2037 1671 2077 superque

314 2087 528 2140 delapsum
562 2101 654 2126 cum
687 2086 853 2126 vulnere
879 2101 930 2126 ex
962 2101 1066 2139 equo
1098 2086 1279 2133 desiluit,
1317 2092 1362 2125 ut
1386 2085 1512 2140 pedes
1537 2085 1672 2124 iacen-

315 2158 395 2190 tem
422 2149 650 2190 conficeret.
711 2149 886 2197 Badius,
919 2149 1158 2202 priusquam
1185 2148 1499 2202 opprimeretur,
1530 2162 1673 2201 parma

316 2219 436 2264 atque
463 2226 568 2264 equo
593 2211 734 2251 relicto
760 2211 811 2251 ad
844 2226 939 2251 suos
972 2211 1153 2265 aufugit3
1193 2210 1408 2263 Crispinus
1435 2224 1586 2262 equum
1611 2224 1673 2249 ar-

315 2288 461 2326 maque
488 2281 607 2327 capta.
633 2280 671 2313 et
697 2279 906 2313 cruentam
933 2272 1145 2326 cuspidem
1170 2272 1344 2326 insignis
1372 2270 1511 2324 spoliis
1537 2276 1672 2311 osten-

314 2342 403 2375 tans
442 2349 534 2375 cum
571 2350 724 2389 magna
758 2334 878 2374 laude
917 2341 956 2374 et
986 2333 1258 2388 gratulatione
1289 2333 1462 2372 militum
1494 2332 1546 2372 ad
1577 2346 1672 2372 con-

316 2397 424 2437 sules
463 2403 523 2437 est
561 2397 761 2437 deductus
801 2396 1073 2449 laudatusque
1116 2395 1171 2436 ibi
1214 2394 1431 2449 magnifice
1474 2401 1513 2434 et
1554 2393 1671 2434 donis

315 2458 502 2499 donatus.

399 2520 593 2560 XVIIII.
656 2520 866 2560 Hannibal
903 2534 952 2559 ex
990 2534 1090 2574 agro
1121 2519 1415 2559 Beneventano
1451 2524 1585 2558 castra
1620 2516 1671 2556 ad

318 2580 505 2635 Capuam
531 2597 623 2622 cum
652 2582 866 2630 movisset,
899 2582 1016 2622 tertio
1041 2587 1133 2635 post
1159 2581 1224 2621 die
1249 2595 1374 2633 quam
1398 2579 1509 2620 venit
1534 2577 1670 2631 copias

316 2643 357 2682 in
393 2644 521 2683 aciem
553 2644 710 2691 eduxit,
748 2644 1069 2696 haudquaquam
1100 2643 1268 2691 dubius,
1306 2642 1416 2696 quod
1448 2638 1669 2693 Campanis

317 2703 485 2745 absente
511 2720 554 2746 se
579 2720 731 2759 paucos
758 2712 850 2745 ante
883 2705 969 2745 dies
997 2705 1177 2745 secunda
1202 2705 1347 2745 fuisset
1377 2717 1535 2757 pugna,
1572 2699 1669 2752 quin
