1815 3184
279 255 360 296 318
583 262 735 296 LIBER
759 262 898 305 XXVI,
923 261 978 296 47.
999 262 1054 295 48.
1082 265 1129 305 [a.
1145 273 1180 296 u.
1196 262 1321 306 0544]

278 379 407 419 pensa
448 364 796 416 adnumerataque
839 370 944 404 sunt.
1027 364 1148 404 tritici
1185 364 1484 419 quadringenta
1517 366 1629 407 milia

234 439 252 467 9
279 427 473 475 modium,
500 426 641 466 hordei
666 426 842 466 ducenta
867 426 1138 480 septuaginta.
1198 439 1246 467 ac
1270 441 1396 467 naves
1422 428 1628 468 onerariae

279 487 492 541 sexaginta
522 493 603 528 tres
639 487 682 526 in
711 493 832 541 portu
862 494 1139 541 expugnatae,
1182 488 1383 540 quaedam
1419 502 1512 528 eum
1545 489 1629 529 suis

278 548 483 598 oneribus,
509 547 727 597 frumento,
759 548 901 597 armis,
927 563 1019 589 aere
1044 554 1254 602 praeterea
1278 548 1467 602 ferroque
1493 555 1532 589 et
1555 549 1631 589 lin-

279 610 354 650 teis
380 616 420 650 et
445 616 581 664 sparto
607 616 647 650 et
671 610 806 650 navali
830 610 910 650 alia
940 611 1110 651 materia
1133 611 1186 651 ad
1216 610 1390 652 classem
1415 610 1631 651 aedifican-

215 684 253 714 10
279 671 391 720 dam,
428 680 474 712 ut
498 671 712 712 minimum
737 671 918 712 omnium
948 672 1053 713 inter
1081 678 1214 714 tantas
1241 687 1338 727 opes
1363 672 1460 714 belli
1490 678 1630 727 captas

279 732 489 787 Carthago
513 733 604 786 ipsa
628 733 763 774 fuerit.

237 807 251 834 1
364 794 682 835 XXXXVIII.
740 794 806 835 Eo
836 795 901 835 die
935 793 1093 848 Scipio,
1133 794 1181 836 C.
1207 795 1353 837 Laelio
1385 809 1478 836 cum
1511 796 1631 836 sociis

278 855 492 896 navalibus
523 855 667 897 urbem
698 857 901 897 custodire
932 856 1063 905 iusso,
1101 856 1189 910 ipse
1219 857 1262 896 in
1287 864 1420 898 eastra
1449 857 1631 911 legiones

235 927 252 956 2
278 917 440 957 reduxit
464 917 680 971 fessosque
705 918 854 959 milites
880 917 1070 959 omnibus
1101 933 1184 959 uno
1209 918 1274 958 die
1305 918 1401 959 belli
1425 919 1630 973 operibus,

278 978 430 1032 quippe
461 979 531 1032 qui
561 986 601 1019 et
632 979 718 1020 acie
750 980 1015 1020 dimicassent
1045 985 1085 1020 et
1115 979 1314 1033 capienda
1343 979 1444 1021 urbe
1474 987 1632 1021 tantum

277 1039 428 1081 laboris
453 1041 705 1095 periculique
730 1042 913 1083 adissent
938 1050 977 1082 et
1002 1048 1122 1096 capta
1141 1056 1233 1082 eum
1253 1042 1320 1091 iis,
1348 1042 1477 1095 quiin
1497 1056 1631 1082 arcem

279 1101 567 1156 confugerant,
605 1103 745 1156 iniquo
781 1103 904 1144 etiam
933 1103 1023 1143 loeo
1061 1110 1334 1158 pugnassent,
1372 1118 1512 1144 curare
1544 1117 1632 1144 cor-

234 1174 251 1201 3
278 1176 378 1215 pora
412 1163 544 1203 iussit.
614 1172 779 1218 postero
821 1164 886 1204 die
928 1164 1126 1204 militibus
1168 1164 1464 1217 navalibusque
1508 1165 1629 1205 sociis

279 1226 513 1266 convocatis
560 1226 739 1280 primum
780 1226 843 1266 dis
886 1225 1185 1267 immortalibus
1227 1226 1369 1267 laudes
1411 1233 1631 1281 gratesque

278 1286 379 1340 egit,
417 1287 487 1340 qui
519 1302 563 1328 se
593 1303 675 1328 non
704 1287 816 1328 urbis
849 1287 982 1328 solum
1013 1287 1346 1341 opulentissimae
1377 1288 1559 1328 omnium
1590 1288 1632 1328 in

277 1348 484 1402 Hispania
513 1364 594 1389 uno
625 1349 690 1390 die
724 1356 955 1403 compotem
985 1349 1197 1397 fecissent,
1236 1350 1309 1389 sed
1339 1357 1432 1390 ante
1463 1364 1510 1391 eo
1536 1364 1632 1390 con-

277 1410 504 1464 gessissent
527 1411 659 1451 omnis
685 1410 854 1451 Africae
879 1417 1001 1463 atque
1026 1410 1254 1464 Hispaniae
1281 1425 1398 1464 opes,
1430 1417 1475 1451 ut
1499 1425 1632 1464 neque

277 1471 464 1512 hostibus
501 1473 722 1525 quiequam
756 1472 1053 1524 relinqueretur
1089 1479 1128 1511 et
1170 1471 1248 1511 sibi
1284 1486 1331 1512 ao
1374 1472 1458 1512 suis
1495 1473 1632 1514 omnia

232 1548 253 1576 4
279 1540 550 1586 superessent.
612 1533 786 1573 militum
817 1533 963 1573 deinde
988 1533 1180 1573 virtutem
1205 1532 1484 1583 conlaudavit,
1522 1534 1632 1587 quod

278 1608 348 1635 eos
374 1609 455 1633 non
481 1595 638 1648 eruptio
663 1594 861 1643 hostium,
899 1609 980 1634 non
1007 1594 1177 1634 altitudo
1202 1595 1428 1644 moenium,
1464 1610 1547 1636 non
1571 1596 1632 1635 in-

279 1656 489 1709 explorata
515 1657 649 1710 stagni
668 1656 792 1705 vada,
819 1671 901 1696 non
921 1656 1135 1697 castellum
1155 1656 1197 1697 in
1215 1656 1297 1697 alto
1316 1657 1472 1698 tumulo
1494 1657 1629 1706 situm,

277 1732 359 1757 non
395 1717 670 1758 munitissima
705 1733 778 1758 arx
814 1718 1097 1767 deterruisset,
1135 1732 1216 1771 quo
1252 1718 1387 1759 minus
1424 1726 1632 1760 transcen-

233 1793 251 1821 ῦ
277 1780 418 1819 derent
443 1779 580 1819 omnia
603 1786 1018 1834 perrumperentque:
1067 1780 1204 1832 itaque
1229 1794 1478 1833 quamquam
1503 1781 1633 1822 omni-

275 1840 352 1882 bus
390 1842 526 1882 omnia
561 1841 745 1891 deberet,
794 1842 1059 1895 praecipuum
1097 1841 1264 1882 muralis
1302 1856 1474 1882 coronae
1507 1843 1632 1883 decus

277 1903 363 1944 eius
391 1917 499 1952 esse,
527 1904 597 1956 qui
621 1904 777 1958 primus
804 1919 966 1943 murum
992 1903 1262 1952 ascendisset3
1289 1903 1544 1957 profiteretur
1561 1904 1632 1956 qui

233 1977 250 2005 6
278 1979 321 2004 se
352 1964 524 2019 dignum
555 1979 603 2006 eo
634 1966 800 2006 duceret
831 1965 951 2006 dono.
1011 1966 1092 2006 duo
1122 1965 1299 2019 professi
1330 1972 1442 2014 sunt,
1482 1965 1534 2018 Q.
1562 1966 1633 2006 Ti-

277 2026 442 2067 berilius
475 2027 655 2068 centurio
681 2027 853 2082 legionis
885 2034 1052 2080 quartae
1084 2034 1123 2068 et
1156 2025 1253 2068 SeX.
1279 2026 1464 2081 Digitius
1497 2028 1631 2069 socius

276 2088 446 2129 navalis.
489 2102 565 2129 nec
589 2089 669 2143 ipsi
693 2096 776 2130 tam
800 2090 905 2130 inter
930 2104 973 2130 se
998 2089 1143 2130 acriter
1168 2088 1481 2138 contendebant,
1508 2103 1631 2142 quam

234 2163 249 2190 7
278 2150 412 2190 studia
437 2151 714 2191 excitaverant
737 2157 908 2204 uterque
934 2151 996 2192 sui
1022 2151 1201 2205 corporis
1226 2151 1451 2191 hominum.
1508 2151 1630 2192 sociis

277 2211 326 2252 C.
358 2212 528 2253 Laelius
553 2212 786 2266 praefectus
812 2212 974 2261 elassis,
1010 2212 1244 2267 legionariis
1269 2211 1331 2252 M.
1361 2211 1630 2266 Sempronius

231 2284 250 2314 8
277 2273 508 2314 Tuditanus
546 2275 698 2316 aderat.
770 2290 818 2316 ea
854 2275 1059 2316 contentio
1096 2289 1188 2316 cum
1224 2289 1352 2329 prope
1389 2275 1630 2316 seditionem

275 2336 448 2384 veniret,
487 2335 628 2391 Scipio
664 2337 736 2377 tris
772 2344 1076 2391 recuperatores
1113 2351 1207 2377 cum
1244 2351 1287 2377 se
1319 2337 1509 2377 daturum
1539 2351 1632 2391 pro-

276 2397 522 2447 nuntiasset,
571 2399 641 2451 qui
678 2399 843 2453 cognita
877 2414 1002 2439 eausa
1043 2398 1299 2451 testibusque
1336 2398 1485 2439 auditis
1527 2398 1632 2438 iudi-

233 2470 251 2499 9
278 2465 433 2508 carent,
470 2467 561 2500 uter
590 2460 701 2514 prior
729 2460 772 2500 in
802 2461 999 2515 oppidum
1031 2460 1369 2509 transcendisset,
1409 2459 1458 2500 C.
1484 2459 1631 2500 Laelio

277 2526 316 2560 et
339 2519 400 2561 M.
430 2520 674 2575 Sempronio
699 2522 908 2563 advocatis
934 2523 1060 2576 partis
1085 2522 1297 2575 utriusque
1322 2521 1370 2562 P.
1393 2521 1631 2562 Cornelium

278 2579 510 2622 Caudinum
537 2583 587 2624 de
611 2584 746 2625 medio
772 2584 919 2625 adiecit
944 2598 1097 2637 eosque
1116 2584 1187 2624 tris
1207 2590 1514 2637 recuperatores
1534 2597 1630 2623 con-

213 2653 253 2682 10
279 2641 410 2683 sidere
441 2649 481 2684 et
511 2658 677 2685 eausam
708 2659 957 2699 cognoscere
987 2645 1118 2686 iussit.
1179 2660 1272 2686 eum
1304 2660 1368 2685 res
1400 2659 1447 2685 eo
1477 2643 1628 2683 maiore

278 2710 466 2756 ageretur
491 2706 727 2755 certamine,
759 2707 870 2759 quod
894 2707 1019 2748 amoti
1043 2713 1179 2747 tantae
1204 2706 1414 2760 dignitatis
1439 2719 1520 2745 non
1545 2709 1627 2743 tam
