1815 3184
325 244 404 286 186
615 251 769 285 LIBER
793 250 965 294 XXIIII,
991 252 1046 286 21.
1067 252 1121 286 22.
1149 254 1198 295 [a.
1213 263 1247 286 u.
1262 263 1292 287 ο.
1305 252 1388 296 540]

317 354 430 395 urbis
461 352 670 407 dispositis
702 353 948 408 adiungitur.
1008 353 1052 394 in
1080 353 1215 394 insula
1244 354 1350 395 inter
1379 361 1514 396 cetera
1536 355 1673 397 Adra-

253 430 291 459 12
318 415 498 456 nodorus
534 414 750 469 praesidiis
788 415 967 456 firmarat
1002 415 1149 456 horrea
1183 415 1372 469 publiea:
1420 415 1535 457 locus
1572 432 1671 458 saxo

318 477 515 530 quadrato
541 483 708 530 saeptus
734 484 856 530 atque
881 477 985 518 arcis
1016 477 1058 517 in
1087 477 1255 518 modum
1286 477 1492 518 emunitus
1517 479 1673 532 capitur

317 538 368 579 ab
393 538 621 588 iuventute,
649 553 754 592 quae
777 539 982 593 praesidio
1008 539 1095 579 eius
1120 538 1199 579 loci
1224 538 1430 580 adtributa
1453 545 1557 588 erat,
1583 540 1674 580 mit-

317 607 488 653 tuntque
512 600 679 641 nuntios
704 600 746 641 in
770 600 1071 650 Achradinam,
1109 601 1253 642 horrea
1276 601 1609 654 frumentumque
1633 602 1673 641 in

318 668 484 702 senatus
510 668 712 715 potestate
739 677 843 703 esse.

274 736 288 765 1
394 722 550 763 XXII.
599 723 718 764 Luce
745 724 877 777 prima
901 723 1078 778 populus
1104 723 1256 772 omnis,
1283 730 1463 764 armatus
1488 723 1675 765 inermis-

316 798 414 837 que,
450 785 493 825 in
517 784 800 826 Achradinam
837 786 889 826 ad
921 786 1075 826 curiam
1108 785 1309 825 convenit.
1369 784 1427 826 ibi
1457 799 1531 840 pro
1565 785 1675 827 Con-

316 846 478 886 cordiae
504 862 590 895 ara,
617 861 721 899 quae
746 847 788 887 in
813 861 861 887 eo
889 847 966 887 sita
990 846 1080 887 loco
1100 853 1198 895 erat,
1225 842 1277 887 ex
1295 846 1548 901 principibus
1566 862 1673 888 unus

315 908 478 948 nomine
492 907 728 962 Polyaenus
755 908 987 949 contionem
1013 915 1052 949 et
1076 908 1247 949 liberam
1268 915 1308 948 et
1326 908 1579 949 moderatam
1603 908 1675 949 ha-

317 969 417 1010 buit.
457 969 680 1023 servitu[tis
701 969 994 1024 turpitu]dines
1020 970 1367 1024 indignitatesque
1392 969 1579 1011 homines
1605 985 1675 1012 ex-

314 1037 452 1085 pertos
484 1031 682 1072 adversus
719 1039 862 1072 notum
899 1031 1053 1072 malum
1088 1032 1273 1073 inritatos
1311 1046 1421 1081 esse3
1471 1032 1676 1073 discordia

316 1092 446 1132 civilis
472 1106 573 1145 quas
599 1093 775 1146 inportet
799 1092 955 1142 clades,
987 1093 1151 1134 audisse
1177 1093 1310 1148 magis
1335 1108 1359 1134 a
1383 1093 1567 1147 patribus
1594 1090 1675 1147 Sy-

272 1169 290 1198 3
315 1168 539 1195 racusanos
576 1169 699 1207 quam
736 1155 849 1209 ipsos
886 1155 1052 1196 vidisse.
1118 1170 1231 1195 arma
1267 1154 1377 1208 quod
1412 1155 1572 1209 inpigre
1608 1169 1674 1195 ee-

315 1216 466 1269 perint,
504 1216 689 1265 laudare,
727 1216 861 1270 magis
892 1216 1171 1265 laudaturum,
1211 1216 1245 1256 si
1279 1231 1362 1257 non
1396 1222 1563 1257 utantur
1593 1216 1673 1257 nisi

270 1292 289 1320 4
317 1277 458 1317 ultima
482 1277 725 1318 necessitate
751 1277 892 1318 coacti.
952 1278 995 1318 in
1020 1277 1252 1331 praesentia
1275 1277 1434 1332 legatos
1460 1278 1510 1318 ad
1536 1278 1672 1318 Adra-

314 1339 515 1379 nodorum
550 1339 655 1378 mitti
690 1339 870 1393 placere,
909 1339 979 1392 qui
1015 1339 1272 1387 denuntient,
1315 1345 1360 1378 ut
1395 1339 1437 1379 in
1472 1346 1673 1393 potestate

315 1406 480 1440 senatus
506 1414 553 1440 ac
578 1401 718 1454 populi
744 1401 812 1449 sit,
839 1407 977 1454 portas
1002 1400 1160 1440 insulae
1186 1400 1359 1453 aperiat,
1390 1401 1534 1440 reddat
1557 1415 1675 1454 prae-

270 1476 288 1505 5
316 1461 477 1502 sidium.
517 1461 551 1501 si
576 1461 745 1502 tutelam
770 1461 892 1501 alieni
916 1461 1032 1515 regni
1058 1475 1178 1501 suum
1202 1475 1376 1514 regnum
1402 1461 1500 1501 velit
1524 1461 1672 1510 facere,

314 1523 489 1563 eundem
516 1537 559 1563 se
584 1537 751 1563 censere
776 1523 904 1562 multo
930 1522 1063 1562 acrius
1091 1521 1141 1562 ab
1167 1521 1440 1562 Adranodoro
1466 1537 1589 1575 quam
1619 1522 1671 1564 ab

269 1598 287 1626 6
314 1585 570 1639 Hieronymo
595 1585 724 1639 repeti
748 1584 989 1624 libertatem.
1027 1583 1078 1624 ab
1104 1584 1181 1624 hae
1207 1584 1396 1626 contione
1414 1585 1539 1640 legati
1557 1585 1674 1626 missi

314 1654 419 1687 sunt.
482 1654 646 1686 senatus
683 1646 778 1686 inde
814 1645 955 1686 haberi
992 1652 1161 1699 coeptus
1199 1652 1279 1695 est,
1323 1647 1435 1699 quod
1471 1647 1577 1687 sicut
1610 1662 1674 1688 re-

311 1715 465 1762 gnante
501 1707 686 1747 Hierone
722 1715 929 1748 manserat
965 1707 1178 1761 publicum
1215 1708 1449 1758 consilium,
1486 1709 1543 1749 ita
1577 1715 1671 1763 post

311 1776 485 1810 mortem
511 1769 597 1809 eius
631 1776 723 1809 ante
755 1784 845 1810 eam
878 1769 985 1810 diem
1012 1770 1124 1810 nulla
1149 1770 1200 1810 de
1230 1784 1273 1811 re
1297 1784 1431 1824 neque
1457 1771 1670 1811 convocati

312 1846 443 1884 neque
469 1831 643 1872 consulti
668 1831 843 1872 fuerant.
904 1839 949 1872 ut
974 1840 1142 1872 ventum
1167 1832 1220 1872 ad
1244 1832 1564 1873 Adranodorum
1595 1839 1669 1881 est,

311 1893 446 1947 ipsum
473 1893 639 1946 quidem
665 1892 857 1934 movebat
883 1899 923 1934 et
948 1893 1100 1934 civium
1125 1908 1351 1934 consensus
1378 1900 1417 1933 et
1448 1907 1541 1933 cum
1567 1893 1670 1933 aliae

312 1961 534 2008 occupatae
561 1954 671 1996 urbis
697 1962 855 2009 partes,
893 1961 979 1995 tum
1004 1969 1098 2009 pars
1124 1954 1282 1995 insulae
1306 1954 1372 1995 vel
1397 1954 1672 1995 munitissima

267 2030 286 2058 ὅ
311 2017 472 2071 prodita
507 2024 629 2070 atque
671 2017 859 2058 alienata.
933 2017 1007 2058 sed
1047 2024 1262 2058 evocatum
1299 2031 1393 2057 eum
1435 2016 1486 2057 ab
1522 2016 1669 2070 legatis

310 2078 537 2119 Damarata
562 2094 682 2128 uxor,
709 2079 792 2119 filia
810 2079 1025 2128 Hieronis,
1050 2078 1190 2119 inflata
1214 2078 1349 2119 adhue
1373 2078 1497 2132 regiis
1523 2078 1669 2119 animis

311 2155 358 2180 ac
383 2140 571 2181 muliebri
597 2141 760 2195 spiritu,
794 2141 986 2182 admonet
1012 2155 1135 2195 saepe
1159 2147 1379 2195 usurpatae
1403 2140 1583 2194 Dionysi
1607 2146 1670 2194 ty-

266 2218 283 2245 υ
310 2202 425 2242 ranni
454 2202 586 2251 vocis,
625 2217 706 2255 qua
736 2202 912 2257 pedibus
944 2209 1137 2251 tractum,
1174 2217 1256 2243 non
1286 2202 1532 2243 insidentem
1563 2216 1669 2254 equo

309 2263 538 2316 relinquere
558 2265 817 2318 tyrannidem
837 2265 985 2305 dixerit
1005 2264 1172 2305 debere:
1198 2264 1319 2305 facile
1338 2279 1429 2305 esse
1448 2270 1668 2313 momento,

310 2339 391 2378 quo
411 2326 502 2378 quis
522 2326 632 2375 velit,
659 2327 803 2367 cedere
823 2327 1086 2380 possessione
1106 2335 1281 2381 magnae
1300 2326 1506 2375 fortunae,
1533 2325 1670 2366 faeere

246 2401 285 2429 lo
311 2394 351 2427 et
391 2401 535 2441 parare
576 2402 667 2429 eam
715 2388 881 2428 difficile
924 2395 1046 2441 atque
1088 2389 1262 2429 arduum
1303 2402 1407 2429 esse.
1491 2387 1669 2441 spatium

312 2457 490 2491 sumeret
521 2451 574 2492 ad
605 2451 921 2492 consultandum
952 2451 1003 2492 ab
1035 2451 1201 2506 legatis,
1240 2465 1288 2492 eo
1319 2457 1500 2491 uteretur
1529 2449 1582 2490 ad
1606 2465 1670 2490 ar-

311 2512 532 2553 cessendos
570 2527 621 2553 ex
644 2513 862 2554 Leontinis
899 2513 1067 2563 milites,
1105 2512 1256 2566 quibus
1293 2513 1327 2554 si
1355 2512 1572 2567 pecuniam
1607 2525 1669 2551 re-

311 2572 422 2626 giam
463 2573 667 2627 pollicitus
710 2581 837 2623 esset,
887 2575 1025 2616 omnia
1064 2575 1107 2615 in
1148 2581 1350 2630 potestate
1394 2574 1481 2615 eius
1518 2573 1665 2613 futura.

249 2647 283 2674 11
311 2633 413 2674 haee
436 2635 652 2676 muliebria
683 2636 854 2678 consilia
878 2635 1177 2678 Adranodorus
1209 2651 1342 2690 neque
1367 2642 1452 2676 tota
1476 2647 1667 2688 asperna-

314 2701 378 2735 tus
416 2702 477 2736 est
512 2711 645 2749 neque
683 2697 888 2751 extemplo
925 2698 1100 2752 aceepit,
1144 2698 1335 2739 tutiorem
1370 2697 1423 2737 ad
1459 2709 1557 2749 opes
1593 2693 1666 2733 ad-

273 983 291 1012 10

269 1846 285 1874 λ1
