1815 3184
441 231 594 266 LIBER
618 231 729 275 XXI,
754 232 808 266 48.
828 233 882 266 49.
911 234 958 275 [a.
973 230 1011 266 e.
1026 233 1108 278 218]
1402 225 1450 265 41

102 336 143 376 id
168 336 359 377 horreum
385 335 462 376 suit
486 335 638 376 Poenis
665 335 901 376 sedentibus
927 336 979 376 ad
1005 335 1212 377 Trebiam.
1262 337 1304 376 in
1329 337 1455 391 capti-

102 413 175 439 vos
202 413 252 438 ex
277 398 424 438 tradito
450 397 673 452 praesidio,
706 403 749 437 ut
775 397 884 438 fama
916 397 1154 439 clementiae
1185 398 1224 438 in
1255 398 1456 453 principio

103 475 237 500 rerum
265 460 533 514 colligeretur,
560 459 660 499 nihil
686 459 887 500 saevitum
913 467 986 500 est.

186 521 527 562 XXXXVIHI.
579 521 686 562 Cum
707 521 759 561 ad
779 521 972 562 Trebiam
992 529 1181 563 terrestre
1207 523 1453 564 constitisset

101 584 272 632 bellum,
299 583 459 624 interim
485 583 591 624 cirea
613 581 796 624 Siciliam
821 583 1057 637 insulasque
1076 584 1220 625 Italiae
1240 585 1456 625 imminen-

101 654 161 686 tes
193 653 232 686 et
263 661 286 686 a
313 644 557 700 Sempronio
589 645 756 686 consule
787 652 826 686 et
858 652 950 686 ante
983 646 1203 687 adventum
1235 646 1322 687 eius
1349 653 1455 687 terra

100 708 283 760 marique
314 722 379 748 res
410 714 563 762 gestae.
612 707 758 762 viginti
789 707 1103 760 quinqueremes
1138 723 1230 749 eum
1255 708 1365 749 mille
1391 724 1454 749 ar-

101 770 221 809 matis
247 770 299 810 ad
324 769 653 823 depopulandam
680 784 792 809 oram
817 769 960 809 Italiae
991 785 1015 810 a
1041 768 1453 825 Carthaginiensibus

100 831 269 880 missae3
306 845 453 871 novem
478 831 674 884 Liparas,
709 837 800 871 octo
826 830 877 871 ad
902 830 1079 871 insulam
1105 831 1282 872 Vulcani
1314 839 1454 872 tenue-

99 899 210 941 runt,
243 900 323 933 tres
349 893 389 932 in
415 892 564 932 fretum
591 892 763 932 advertit
789 899 940 933 aestus.
992 894 1043 933 ad
1068 908 1138 933 eas
1164 901 1404 948 conspectas
1430 910 1453 935 a

99 954 297 996 Messana
322 954 537 995 duodecim
564 968 689 994 naves
711 953 761 994 ab
782 953 964 995 Hierone
984 969 1081 1009 rege
1097 954 1452 1009 Syracusanorum

97 1017 266 1064 missae,
293 1016 363 1068 qui
389 1022 475 1055 tum
500 1015 605 1055 forte
630 1014 853 1056 Messanae
879 1022 963 1057 erat
989 1017 1199 1057 consulem
1219 1017 1453 1058 Romanum

97 1077 331 1132 opperiens,
371 1077 483 1117 nullo
514 1083 769 1131 repugnante
801 1084 941 1131 captas
973 1093 1099 1119 naves
1131 1078 1373 1120 Messanam
1410 1080 1452 1120 in

95 1147 256 1194 portum
282 1139 550 1179 deduxerunt.
594 1139 804 1193 cognitum
831 1153 881 1179 ex
906 1140 1098 1193 captivis,
1125 1148 1287 1194 praeter
1305 1141 1451 1196 viginti

94 1215 239 1249 naveS‚
266 1200 381 1241 cuius
407 1200 486 1255 ipsi
512 1200 655 1241 classis
677 1207 833 1248 essent,
860 1200 901 1241 in
920 1201 1081 1242 Italiam
1104 1202 1251 1243 missas
1271 1203 1452 1256 quinque

95 1271 134 1304 et
164 1264 328 1318 triginta
359 1263 459 1304 alias
491 1263 806 1316 quinqueremes
835 1262 1018 1305 Siciliam
1050 1271 1188 1318 petere
1220 1265 1273 1305 ad
1304 1265 1453 1306 solliei-

94 1326 238 1366 tandos
282 1332 439 1366 veteres
484 1325 638 1374 socios3
680 1325 874 1380 Lilybaei
917 1327 1146 1380 occupandi
1187 1328 1450 1382 praecipuam

94 1402 235 1428 euram
266 1402 378 1436 esse3
416 1387 580 1428 credere
612 1387 755 1428 eadem
787 1394 1049 1442 tempestate,
1082 1402 1163 1442 qua
1187 1389 1267 1444 ipsi
1292 1390 1451 1430 disiecti

93 1449 244 1498 forent,
272 1463 361 1489 eam
387 1463 549 1502 quoque
576 1448 750 1490 classem
778 1450 829 1489 ad
854 1449 1030 1504 Aegatis
1056 1450 1210 1492 insulas
1237 1451 1449 1492 deiectam.

93 1510 193 1551 hacc
231 1511 335 1551 sicut
371 1510 510 1551 audita
547 1517 660 1551 erant
690 1525 762 1551 rex
792 1510 853 1551 M.
887 1510 1067 1553 Aemilio
1099 1513 1293 1567 praetori,
1333 1513 1450 1554 euius

96 1572 237 1613 Sicilia
262 1573 471 1626 provincia
496 1580 599 1620 erat,
625 1573 839 1627 perscribit
865 1582 1104 1628 monetque,
1130 1582 1175 1615 ut
1199 1575 1449 1630 Lilybaeum

92 1635 209 1675 firmo
241 1642 395 1675 teneret
426 1635 643 1689 praesidio.
694 1636 899 1690 extemplo
931 1643 970 1677 et
1001 1637 1108 1678 cirea
1139 1653 1162 1678 a
1186 1646 1372 1692 praetore
1398 1638 1450 1678 ad

93 1697 276 1738 civitates
307 1697 422 1738 missi
452 1697 577 1752 legati
607 1697 839 1751 tribunique
872 1713 969 1740 suos
995 1699 1047 1739 ad
1073 1714 1211 1740 euram
1238 1701 1449 1741 custodiae

91 1759 320 1808 intendere3
364 1766 457 1800 ante
493 1759 630 1800 omnia
665 1759 915 1814 Lilybaeum
953 1761 1080 1802 teneri
1116 1768 1304 1816 paratum
1341 1762 1449 1803 bello

92 1821 224 1861 edicto
248 1821 476 1875 proposito,
514 1828 554 1862 ut
582 1821 680 1862 socii
706 1822 874 1863 navales
901 1823 1043 1863 decem
1069 1823 1228 1864 dierum
1254 1833 1369 1865 cocta
1394 1824 1449 1865 ci-

91 1882 204 1923 baria
235 1883 287 1923 ad
312 1898 438 1924 naves
464 1883 669 1924 deferrent
695 1892 751 1933 et,
785 1884 856 1925 ubi
883 1885 1046 1940 signum
1073 1886 1212 1926 datum
1239 1894 1365 1935 essct,
1398 1900 1448 1926 ne

91 1944 181 1997 quis
219 1960 375 1985 moram
406 1946 709 1986 conscendendi
739 1946 911 1996 faceret3
952 1962 1106 2001 perque
1139 1963 1301 1989 omnem
1333 1963 1447 1988 oram

94 2006 162 2058 qui
199 2021 249 2046 ex
288 2007 466 2060 speculis
498 2008 777 2062 prospicerent
809 2009 1100 2049 adventantem
1131 2010 1311 2051 hostium
1343 2010 1447 2051 clas-

94 2082 178 2106 sem
214 2067 342 2107 missi.
392 2068 549 2122 itaque,
588 2084 837 2122 quamquam
869 2070 919 2110 de
950 2071 1150 2112 industria
1180 2072 1326 2112 morati
1357 2085 1446 2112 cur-

93 2144 182 2168 sum
208 2130 374 2169 navium
394 2138 507 2170 erant
522 2130 905 2186 Carthaginienses,
933 2139 976 2172 ut
1001 2139 1094 2173 ante
1120 2133 1251 2174 lucem
1279 2134 1446 2174 accede-

92 2199 179 2230 rent
199 2190 465 2244 Lilybaeum,
491 2207 758 2246 praesensum
785 2200 922 2234 tamcn
947 2200 1027 2243 est,
1053 2195 1150 2247 quia
1175 2202 1214 2235 et
1237 2195 1334 2236 luna
1358 2210 1448 2250 per-

93 2266 173 2291 nox
193 2259 277 2292 erat
298 2259 336 2292 et
357 2253 528 2294 sublatis
549 2255 812 2295 armamentis
827 2255 1057 2305 veniebant,
1081 2257 1284 2311 extemplo
1304 2257 1445 2298 datum

92 2328 142 2353 ex
169 2314 345 2367 speculis
373 2315 535 2369 signum
562 2323 601 2357 et
625 2316 667 2356 in
687 2317 837 2371 oppido
857 2318 907 2357 ad
929 2333 1041 2358 arma
1061 2319 1360 2360 conclamatum
1385 2327 1447 2361 est

92 2382 128 2415 et
154 2375 196 2415 in
221 2391 346 2416 naves
372 2391 654 2418 conscensum.
692 2393 786 2432 pars
806 2379 981 2419 militum
999 2379 1041 2419 in
1066 2380 1193 2421 muris
1217 2389 1446 2435 portarum-

90 2451 168 2489 que
200 2438 240 2477 in
273 2438 534 2489 stationibus,
571 2454 665 2493 pars
698 2441 738 2480 in
770 2440 944 2481 navibus
976 2449 1102 2483 erant.
1158 2449 1197 2484 et
1229 2442 1445 2499 Carthagi-

89 2499 271 2548 nienses,
316 2501 412 2553 quia
447 2516 534 2542 rem
569 2502 656 2543 fore
697 2502 796 2542 haut
838 2518 930 2543 eum
974 2504 1168 2558 inparatis
1211 2506 1443 2556 cernebant,

90 2576 219 2614 usque
257 2563 308 2603 ad
338 2563 472 2604 lucem
503 2571 621 2618 portu
655 2580 697 2605 se
729 2565 1031 2615 abstinuerunt,
1069 2567 1280 2609 demendis
1313 2584 1445 2610 arma-

89 2625 235 2665 mentis
256 2640 303 2665 eo
324 2632 504 2680 tempore
524 2627 782 2681 aptandaque
797 2627 847 2667 ad
863 2643 1043 2682 pugnam
1058 2629 1189 2671 classe
1209 2630 1440 2686 absumpto.

89 2685 159 2726 ubi
183 2686 346 2737 inluxit,
373 2703 561 2744 recepere
587 2689 760 2731 classem
781 2690 821 2730 in
842 2690 986 2740 altum,
1014 2699 1059 2732 ut
1078 2692 1256 2746 spatium
1277 2708 1441 2749 pugnae

1486 352 1523 380 10

1479 722 1498 750 ιῦ

1477 1341 1496 1370 5

1475 2269 1514 2298 10

1473 2457 1509 2486 11

1469 2707 1508 2736 12
