1815 3184
486 243 639 277 LIBER
663 242 833 287 xxnn,
860 243 1014 277 16—18.
1044 245 1091 286 [a.
1108 240 1242 285 0214]
1463 232 1541 273 181

192 346 433 399 banturque.
494 346 618 401 digna
652 360 717 387 res
748 346 838 386 visa
867 352 912 386 ut
943 345 1205 386 simulacrum
1236 344 1427 386 celebrati
1459 344 1544 385 eius

193 408 272 448 diei
310 407 548 456 Gracchus,
598 415 815 462 postquam
852 407 1029 448 Romam
1064 407 1185 456 redit,
1234 407 1348 462 pingi
1389 406 1546 447 iuberet

192 470 233 509 in
259 470 360 510 aede
383 469 628 517 Libertatis,
662 483 785 522 quam
810 475 926 523 pater
951 469 1037 509 eius
1068 469 1109 508 in
1133 467 1342 509 Aventino
1368 483 1419 509 ex
1442 467 1546 508 mul-

192 532 329 572 taticia
353 531 526 585 pecunia
551 531 781 571 faciendam
808 531 964 571 curavit
989 530 1285 583 dedicavitque.

276 592 423 634 XVII.
464 592 571 633 Cum
592 592 692 633 haec
717 593 769 633 ad
781 592 1066 632 Beneventum
1090 599 1305 646 geruntur,
1331 590 1544 632 Hannibal

192 655 464 709 depopulatus
491 669 636 708 agrum
654 654 969 708 Neapolitanum
995 654 1046 694 ad
1065 653 1211 694 Nolam
1237 660 1370 694 castra
1394 658 1543 693 movet.

192 730 313 769 quem
339 716 410 756 ubi
435 716 654 756 adventare
680 716 823 756 consul
850 715 995 764 sensit,
1027 715 1258 769 Pomponio
1282 720 1544 769 propraetore

192 792 285 817 cum
312 792 359 818 eo
385 778 565 818 exercitu
595 777 665 830 qui
697 792 820 831 super
851 776 1093 818 Suessulam
1123 777 1165 816 in
1196 776 1338 816 castris
1371 781 1455 816 erat
1480 789 1547 816 ac-

193 839 290 887 cito,
317 839 374 879 ire
401 838 564 879 obviam
589 838 696 879 hosti
721 844 837 892 parat
862 852 938 878 nec
963 853 1119 878 moram
1144 838 1366 878 dimicandi
1396 838 1543 877 facere.

194 899 241 940 C.
264 899 484 940 Claudium
502 899 706 939 Neronem
732 913 826 939 cum
850 898 995 939 robore
1020 899 1202 952 equitum
1228 899 1389 939 silentio
1414 898 1544 939 noctis

192 976 264 1015 per
300 975 486 1001 aversam
522 961 699 1000 maxime
736 960 786 1000 ab
824 960 940 1000 hoste
976 967 1137 1013 portam
1173 960 1336 1008 emittit,
1375 960 1546 1000 circum-

193 1030 436 1074 vectumque
462 1021 619 1062 occulte
646 1020 842 1073 subsequi
873 1021 1025 1061 sensim
1051 1035 1200 1075 agmen
1229 1021 1409 1062 hostium
1432 1020 1546 1061 iubet

191 1090 247 1131 et,
286 1097 379 1123 eum
410 1090 593 1123 coortum
623 1082 823 1136 proelium
854 1082 1028 1130 videret,
1067 1081 1118 1122 ab
1150 1088 1265 1136 tergo
1297 1096 1340 1122 se
1371 1081 1544 1122 obicere.

189 1145 230 1184 id
255 1158 388 1184 errore
413 1144 571 1183 viarum
597 1159 649 1184 an
675 1143 897 1198 exiguitate
923 1143 1117 1196 temporis
1136 1142 1245 1183 Nero
1271 1143 1441 1195 exsequi
1464 1158 1547 1183 non

188 1205 380 1260 potuerit,
418 1205 616 1245 incertum
654 1211 727 1245 est.
789 1204 958 1245 absente
996 1219 1043 1245 eo
1080 1219 1173 1245 cum
1203 1204 1404 1258 proelium
1436 1219 1546 1245 com-

188 1268 360 1308 missum
386 1274 511 1315 esset,
540 1267 723 1321 superior
747 1267 913 1320 quidem
937 1266 1036 1307 haut
1061 1266 1183 1308 dubie
1202 1267 1415 1307 Romanus
1442 1275 1545 1315 erat3

189 1329 262 1370 sed
286 1329 382 1381 quia
407 1329 563 1381 equites
589 1343 671 1369 non
696 1328 863 1369 adfuere
888 1328 930 1368 in
952 1335 1145 1382 tempore,
1172 1328 1274 1368 ratio
1295 1328 1545 1382 compositae

188 1391 246 1431 rei
281 1390 444 1431 turbata
486 1397 559 1430 est.
620 1405 703 1431 non
738 1405 864 1431 ausus
900 1390 1061 1443 insequi
1098 1390 1289 1430 cedentes
1319 1388 1544 1430 Marcellus

189 1451 446 1492 vincentibus
473 1452 558 1492 suis
585 1452 750 1506 signum
780 1452 962 1506 receptui
993 1451 1115 1492 dedit.
1176 1451 1268 1505 plus
1301 1457 1438 1491 tamen
1463 1451 1544 1491 duo

189 1514 300 1553 milia
335 1513 514 1553 hostium
550 1528 598 1554 eo
634 1514 699 1554 die
737 1529 857 1554 caesa
892 1514 1123 1563 traduntur,
1173 1514 1372 1554 Romanis
1409 1513 1544 1553 minus

189 1575 510 1629 quadringentis.
573 1575 670 1615 solis
706 1575 791 1616 fere
828 1590 976 1616 occasu
1011 1576 1120 1616 Nero
1158 1576 1266 1616 diem
1303 1582 1545 1628 noctemque

189 1637 437 1689 nequiquam
468 1636 650 1690 fatigatis
682 1637 796 1689 equis
828 1637 1144 1689 hominibusque
1174 1652 1225 1677 ne
1257 1637 1346 1677 viso
1377 1637 1543 1690 quidem

188 1699 306 1738 hoste
332 1698 492 1739 rediens
519 1699 621 1738 adeo
651 1699 830 1752 graviter
860 1705 922 1738 est
953 1698 1003 1739 ab
1031 1699 1197 1739 consule
1222 1699 1463 1752 increpitus,
1500 1704 1545 1737 ut

188 1775 261 1814 per
286 1775 379 1800 eum
406 1760 567 1800 stetisse
593 1760 811 1809 diceretur,
838 1775 919 1813 quo
944 1760 1079 1800 minus
1106 1766 1274 1814 accepta
1298 1760 1350 1800 ad
1377 1759 1543 1800 Cannas

188 1822 425 1862 redderetur
460 1822 569 1863 hosti
605 1822 754 1863 clades.
815 1830 978 1876 postero
1009 1823 1073 1862 die
1097 1822 1310 1863 Romanus
1341 1822 1384 1861 in
1415 1821 1545 1862 aciem

189 1884 418 1932 descendit,
455 1883 622 1925 Poenus
656 1884 778 1924 tacita
803 1884 924 1924 etiam
957 1883 1212 1924 confessione
1242 1883 1374 1924 victus
1401 1883 1544 1924 castris

190 1960 233 1986 se
259 1945 399 1985 tenuit.
461 1945 578 1985 tertio
604 1945 668 1985 dic
695 1945 854 1985 silentio
885 1945 1015 1985 noctis
1042 1945 1194 1986 omissa
1225 1960 1296 1998 spe
1319 1944 1448 1985 Nolae
1473 1959 1546 1998 po-

190 2007 373 2055 tiundae,
410 2007 468 2047 rei
493 2021 716 2060 numquam
742 2021 935 2060 prospere
966 2013 1205 2061 temptatae,
1243 2007 1467 2047 Tarentum
1493 2007 1545 2047 ad

191 2069 402 2108 certiorem
429 2083 543 2122 spem
568 2069 808 2122 proditionis
834 2069 1115 2122 proficiscitur.

1571 358 1607 387 19

1570 726 1588 755 [ὗ

1571 1156 1591 1184 4

1571 1218 1590 1245 5

273 2129 446 2169 XVIH.
505 2130 592 2170 Nec
623 2131 777 2170 minore
810 2131 946 2171 animo
977 2145 1040 2171 res
1066 2130 1255 2171 Romana
1284 2130 1395 2171 (lomi
1419 2144 1543 2183 quam
1572 2144 1583 2171 1

191 2190 357 2231 militiae
382 2191 613 2245 gerebatur.
652 2206 841 2232 censores
867 2192 987 2232 vacui
1012 2192 1062 2232 ab
1089 2207 1257 2246 operum
1277 2192 1543 2233 locandorum

191 2267 287 2293 cura
310 2260 475 2306 propter
497 2253 676 2307 inopiam
703 2254 829 2294 aerari
862 2254 913 2294 ad
939 2268 1072 2294 mores
1099 2254 1310 2294 hominum
1340 2254 1543 2308 regendos

190 2314 372 2354 animum
396 2315 657 2355 adverterunt
682 2316 1002 2370 castigandaque
1027 2316 1142 2365 vitia,
1169 2330 1293 2369 quae,
1319 2315 1431 2355 velut
1456 2316 1544 2355 diu-

190 2376 284 2415 tinis
310 2376 464 2416 morbis
490 2392 613 2431 aegra
639 2391 808 2431 corpora
833 2392 885 2418 ex
910 2392 1000 2418 sese
1024 2377 1217 2432 gignunt,
1243 2392 1292 2418 eo
1316 2383 1412 2417 nata
1436 2376 1543 2417 bello

190 2444 315 2478 erant.
370 2438 546 2491 primum
573 2453 641 2479 eos
668 2439 911 2488 citaverunt,
938 2439 1007 2492 qui
1032 2446 1125 2493 post
1152 2438 1414 2480 Cannensem
1443 2437 1543 2493 [cla-

189 2500 282 2540 dem
313 2500 493 2554 agitasse
524 2501 574 2541 de
604 2500 725 2542 Italia
755 2500 998 2556 deserenda]
1031 2501 1280 2542 dicebantur.
1351 2501 1540 2555 princeps

189 2576 328 2601 eorum
364 2561 425 2602 M.
465 2561 671 2603 Caecilius
707 2562 902 2604 Metellus
945 2569 1137 2616 quaestor
1179 2569 1265 2603 tum
1301 2562 1406 2603 forte
1443 2568 1540 2602 erat.

189 2622 300 2663 iusso
336 2623 482 2664 deinde
519 2638 567 2664 eo
604 2624 831 2677 ceterisque
868 2625 1052 2665 eiusdem
1087 2639 1218 2665 noxae
1259 2624 1337 2665 reis
1374 2638 1540 2665 causam

188 2685 334 2734 dicere,
361 2700 454 2725 cum
479 2687 646 2741 purgari
670 2687 920 2739 nequissent,
946 2687 1275 2741 pronuntiarunt,
1302 2685 1427 2727 verba
1452 2701 1542 2727 ora-
