1815 3184
455 223 606 257 LIBER
630 221 780 266 xxm,
809 221 935 255 1115.
964 223 1012 264 [a.
1028 221 1066 255 0.
1082 220 1163 263 216]
1402 209 1481 249 1-27

131 329 218 368 01115
255 327 295 367 111
335 327 527 367 societate
552 326 742 367 Romana
777 340 871 366 cum
906 324 986 364 fide
1021 330 1222 378 perstare,
1260 321 1376 377 plebs
1413 337 1485 362 no-

131 405 293 437 varum,
330 397 373 428 ut
411 387 531 436 solet,
568 402 702 428 rerum
735 395 857 440 atque
883 385 1130 426 Hannibalis
1165 391 1249 425 tota
1280 399 1371 425 esse
1402 398 1486 423 nie-

131 458 300 503 tumque
343 465 534 505 agrorum
577 449 852 503 populationis
891 457 929 489 et
966 447 1157 502 patienda
1194 447 1236 486 in
1273 446 1485 487 obsidione

132 513 258 553 multa
279 513 419 567 gravia
438 513 689 566 indignaque
709 526 935 566 proponere
958 510 1106 550 animo.
1146 524 1278 562 neque
1299 516 1485 549 auctores
1512 521 1531 550 S

133 575 373 615 defectionis
406 575 584 614 deerant.
645 574 780 626 itaque
812 573 881 613 ubi
915 580 1099 613 senatum
1133 579 1265 612 metus
1293 571 1416 625 cepit,
1455 571 1489 611 si

133 636 344 690 propalam
386 636 615 683 tenderent,
664 635 799 675 resisti
843 634 1090 674 multitudini
1133 633 1359 673 concitatae
1406 647 1489 672 non

134 713 275 752 posse,
333 698 512 738 secunda
560 697 789 737 simulando
838 697 1071 736 dilationem
1123 695 1218 735 mali
1263 695 1487 735 inveniunt.

136 761 295 814 placere
332 761 440 800 enim
478 760 555 800 sibi
592 759 862 799 defectionem
895 758 944 798 ad
971 757 1249 798 Hannibalem
1283 757 1488 805 simulant,
1516 769 1533 798 9

136 823 284 875 quibus
306 831 441 862 autem
463 820 770 861 condicionibus
790 820 831 859 in
849 819 997 859 foedus
1018 818 1320 871 amicitiamque
1341 834 1491 859 novam

137 890 362 932 transeant,
412 898 555 937 parum
592 890 791 923 constare.
862 881 918 921 ita
961 881 1093 934 spatio
1132 888 1295 933 sumpto
1331 881 1489 935 legatos
1520 893 1558 920 10

136 961 305 1000 propere
332 946 382 985 ad
408 951 634 999 praetorem
655 944 889 984 Romanum
904 942 1148 982 Marcellum
1166 942 1400 991 Claudium,
1422 943 1492 995 qui

138 1007 308 1047 Casilini
334 1022 426 1046 011111
452 1006 632 1046 exercitu
658 1013 755 1053 erat,
783 1004 965 1051 mittunt,
999 1004 1246 1055 docentque,
1274 1012 1425 1056 quanto
1451 1004 1493 1043 in

136 1069 367 1109 discrimine
394 1067 443 1107 sit
468 1067 628 1107 Nolana
654 1082 736 1106 res:
768 1080 913 1119 agrum
927 1064 1177 1105 Hannibalis
1204 1079 1295 1105 0550
1322 1073 1362 1105 et
1385 1064 1493 1105 Poe-

136 1144 298 1177 norum,
338 1129 480 1169 urbem
507 1128 712 1182 extemplo
743 1128 943 1175 futuram,
982 1126 1023 1166 ni
1055 1126 1334 1167 subveniatur.
1397 1141 1493 1166 con-
1520 1141 1555 1168 11

136 1191 318 1231 cedendo
342 1190 477 1244 plebei
502 1197 708 1238 senatum,
741 1188 811 1229 ubi
836 1189 960 1229 velint
988 1188 1220 1228 defecturos
1248 1203 1310 1236 se,
1348 1203 1398 1228 ne
1425 1189 1494 1228 de-

136 1253 256 1293 ficere
292 1252 649 1306 praefestinarent,
700 1251 900 1292 effecisse.
962 1250 1187 1290 Marcellus
1236 1250 1491 1290 conlaudatis
1521 1265 1559 1292 1-3

136 1314 305 1355 Nolanis
332 1314 475 1354 eadem
501 1313 760 1354 simulatione
786 1312 945 1353 extrahi
962 1327 1047 1352 rem
1070 1312 1112 1354 iu
1132 1327 1250 1352 suum
1272 1312 1494 1352 adventum

137 1376 274 1424 iussit,
324 1376 483 1415 interim
522 1375 642 1415 celari
679 1390 783 1428 quae
822 1389 962 1415 seeum
1000 1383 1090 1414 acta
1127 1382 1266 1414 essent
1297 1388 1494 1428 spemque

139 1453 302 1478 omnem
339 1438 480 1478 auxilii
512 1437 701 1478 Romani.
762 1437 849 1490 ipse
889 1453 911 1477 a
939 1436 1122 1477 Casilino
1156 1435 1358 1477 Caiatiam
1396 1436 1493 1490 petit
1525 1451 1562 1478 113

140 1507 260 1552 atque
291 1499 384 1539 inde
410 1499 612 1539 Volturno
643 1499 752 1539 amni
780 1499 945 1538 traiecto
978 1512 1130 1552 perque
1163 1514 1305 1553 agrum
1336 1497 1498 1538 Saticu-

141 1562 278 1601 lanum
304 1560 636 1613 Trebianumque
664 1575 786 1614 super
807 1559 1050 1601 Suessulam
1075 1575 1148 1614 per
1173 1560 1321 1600 montis
1348 1560 1495 1601 Nolam

141 1623 337 1678 pervenit.

226 1684 327 1725 XV.
385 1684 472 1725 Sub
510 1685 731 1725 adventum
768 1684 966 1738 praetoris
992 1684 1169 1724 Romani
1194 1683 1361 1724 Poenus
1398 1699 1498 1738 agro
1527 1698 1539 1725 1

141 1748 300 1788 Nolano
326 1747 501 1787 excessit
529 1754 567 1786 et
592 1747 644 1787 ad
674 1761 784 1787 mare
816 1746 1000 1800 proxime
1026 1745 1242 1800 Neapolim
1274 1746 1497 1795 descendit,

142 1810 316 1864 cupidus
353 1809 545 1849 maritimi
581 1809 721 1863 oppidi
757 1809 969 1862 potiundi,
1018 1822 1099 1860 quo
1136 1823 1280 1848 cursus
1322 1808 1498 1850 navibus

143 1878 254 1911 tutus
292 1885 343 1911 ex
379 1871 525 1910 Africa
561 1878 681 1911 esset.
753 1878 932 1910 ceterum
969 1876 1188 1923 postquam
1224 1870 1438 1924 Neapolim
1477 1886 1500 1910 a

143 1933 349 1987 praefecto
364 1933 553 1973 Romano
578 1933 706 1972 teneri
732 1932 889 1986 accepit
913 1957 945 1960 —
969 1931 1030 1971 M.
1046 1932 1190 1972 Iunius
1208 1930 1373 1972 Silanus
1401 1939 1498 1980 erat,

144 1994 194 2035 ab
220 1995 320 2048 ipsis
334 1994 613 2048 Neapolitanis
640 1994 794 2034 accitus
814 2019 864 2042 —,
891 1993 1064 2047 Neapoli
1089 2008 1251 2046 quoque
1279 1993 1499 2034 sicutNola

145 2056 298 2096 omissa
333 2056 434 2109 petit
468 2056 699 2096 Nuceriam.
774 2070 863 2096 03111
906 2070 998 2095 011111
1041 2055 1292 2108 aliquamdiu
1330 2055 1502 2095 circum·
1527 2069 1545 2097 3

147 2117 336 2164 sedisset,
388 2132 508 2171 saepe
546 2118 602 2166 vi,
654 2132 775 2172 saepe
813 2117 1077 2157 sollicitandis
1114 2117 1362 2169 nequiquam
1393 2131 1502 2157 nunc

146 2178 282 2233 plebe,
321 2194 429 2219 nunc
454 2179 725 2234 principibus,
765 2179 873 2219 fame
899 2179 1063 2218 demum
1095 2179 1133 2218 in
1162 2179 1410 2219 deditionem
1436 2194 1502 2218 ac-

147 2241 271 2294 cepit,
298 2249 456 2295 pactus,
484 2249 528 2281 ut
546 2243 720 2283 inermes
745 2257 836 2282 eum
859 2242 1029 2296 singulis
1051 2241 1207 2281 abirent
1232 2242 1499 2281 vestimentis.

147 2303 311 2351 deinde,
349 2310 392 2342 ut
422 2304 491 2356 qui
523 2320 546 2344 a
571 2304 769 2358 principio
801 2304 908 2344 mitis
937 2303 1126 2344 omnibus
1157 2303 1311 2344 Italicis
1343 2310 1503 2357 praeter
1528 2316 1547 2344 4

147 2364 357 2405 Romanos
384 2365 511 2405 videri
530 2366 668 2414 vellet,
695 2366 876 2420 praemia
895 2372 1015 2418 atque
1036 2366 1223 2414 honores,
1251 2365 1319 2418 qui
1344 2380 1503 2406 reman-

149 2426 272 2466 serint
299 2441 346 2466 ac
372 2427 543 2467 militare
571 2442 708 2467 secum
735 2428 972 2477 voluissent,
998 2428 1222 2482 proposuit.
1267 2441 1343 2468 nec
1362 2442 1409 2468 ea
1429 2442 1501 2481 spe
1527 2440 1546 2469 5

147 2501 393 2540 quemquam
422 2489 565 2529 tenuit:
593 2489 740 2544 dilapsi
766 2505 920 2538 omnes,
946 2504 1205 2543 quocumque
1231 2489 1408 2543 hospitia
1434 2496 1503 2529 aut

148 2550 339 2590 fortuitus
360 2551 484 2590 animi
504 2552 681 2605 impetus
703 2551 804 2600 tulit,
826 2551 1159 2606 pei-Campaniae
1176 2551 1308 2600 urbes,
1325 2551 1502 2591 maxime

148 2611 294 2652 Nolam
331 2612 641 2667 Neapolimque.
715 2628 806 2653 eum
843 2614 971 2654 ferme
1008 2614 1174 2668 triginta
1210 2620 1416 2655 senatores
1453 2628 1501 2653 ao
1526 2626 1543 2656 6

150 2672 251 2714 forte
271 2674 426 2729 primus
446 2675 617 2729 quisque
634 2675 820 2730 Capuam
841 2676 1050 2730 petissent,
1079 2676 1233 2717 exclusi
1258 2676 1364 2724 inde,
1392 2675 1500 2728 quod

1526 1881 1544 1910 [ὗ
