1815 3184
435 239 589 274 LIBER
614 239 744 284 xxn,
769 239 823 275 55.
844 240 898 274 56.
926 242 973 283 [a.
989 238 1124 283 6216]
1381 227 1460 267 105

106 345 241 400 palam
275 345 383 385 facto
419 344 503 384 viri
533 343 763 396 mortuique
796 350 835 384 et
866 358 938 397 per
970 357 1113 384 omnes
1150 356 1280 396 paene
1317 341 1461 381 domos

106 407 337 461 promiscue
370 406 713 460 conplorarentur,
747 413 832 445 tum
866 405 918 457 Q.
943 405 1100 446 Fabius
1126 404 1338 445 Maximus
1370 418 1463 445 6611-

108 470 189 510 51111
220 469 377 522 equites
411 468 623 522 expeditos
656 475 695 507 et
719 466 860 521 Appia
891 474 929 507 et
954 467 1108 507 Latina
1138 466 1205 507 via
1230 466 1462 513 mittendos,

107 531 176 583 qui
202 531 344 571 obvios
370 529 891 584 percunctando—aliquos
912 530 1097 583 profecto
1118 544 1168 569 ex
1188 529 1289 583 fuga
1308 528 1463 582 passim

107 593 327 646 dissipatos
361 592 448 633 fore
472 617 505 620 —
528 591 725 640 referant,
763 606 868 644 quae
900 591 1064 631 fortuna
1094 591 1309 631 consulum
1342 597 1464 642 atque

107 654 359 695 exercituum
387 654 438 694 sit
463 660 520 702 et,
554 653 588 694 si
613 652 711 705 quid
736 653 792 692 dii
816 653 1071 702 inmortales,
1105 652 1275 693 miseriti
1306 651 1463 706 imperi,

106 716 306 768 reliquum
340 715 517 756 Romani
548 715 723 755 nominis
756 714 944 763 fecerint,
982 715 1053 755 ubi
1084 729 1155 755 eae
1193 714 1333 768 copiae
1372 713 1464 762 sint,

107 793 188 830 quo
227 793 269 817 se
307 777 518 817 Hannibal
560 783 653 830 post
688 776 889 830 proelium
927 776 1158 825 contulerit,
1203 776 1302 829 quid
1338 782 1464 829 paret,

107 840 207 892 quid
239 846 334 893 agat
366 846 612 891 acturusque
644 838 712 878 sit:
763 838 864 878 haec
896 838 1145 892 exploranda
1177 838 1464 890 noscendaque

107 916 180 955 per
214 901 397 955 inpigros
430 900 597 940 iuvenes
631 914 734 939 esse.
795 900 896 939 illud
928 915 1000 953 per
1029 907 1165 953 patres
1197 900 1309 954 ipsos
1342 914 1468 954 agen-

108 964 225 1011 dum,
258 962 451 1015 quoniam
478 961 793 1015 magistratuum
819 975 964 1014 parum
991 962 1061 1010 sit,
1094 968 1137 1001 ut
1168 962 1388 1001 tumultum
1420 975 1467 1001 ae

108 1025 418 1079 trepidationem
450 1024 491 1063 in
523 1023 623 1063 urbe
656 1023 817 1071 tollant,
857 1031 1064 1063 matronas
1101 1023 1266 1077 publico
1305 1029 1469 1064 arceant

109 1085 386 1138 continerique
412 1085 517 1124 intra
550 1100 669 1124 suum
703 1099 908 1137 quamque
942 1085 1066 1125 limen
1097 1092 1264 1139 cogant,
1303 1085 1469 1138 conplo-

107 1156 219 1188 ratus
251 1147 498 1187 familiarum
531 1154 763 1195 coerceant,
804 1147 1010 1187 silentium
1036 1162 1108 1200 per
1133 1147 1277 1187 urbem
1302 1147 1466 1195 faciant,

107 1209 273 1250 nuntios
310 1224 444 1249 rerum
478 1209 661 1249 omnium
693 1209 744 1249 ad
776 1215 983 1263 praetores
1018 1209 1281 1249 deducendos
1314 1215 1467 1256 curent,

109 1286 207 1312 suae
233 1272 406 1324 quisque
432 1271 620 1311 fortunae
646 1271 756 1312 domi
783 1278 989 1312 auctorem
1017 1278 1233 1325 expectent
1258 1271 1470 1311 custodes-

108 1349 187 1388 que
208 1340 418 1388 praeterea
438 1334 489 1374 ad
508 1341 646 1388 portas
668 1341 839 1389 ponant,
867 1334 937 1387 qui
956 1334 1199 1388 prohibeant
1221 1348 1470 1386 quemquam

110 1397 249 1451 egredi
291 1396 434 1436 urbem
478 1405 709 1451 cogantque
754 1397 940 1438 homines
977 1397 1132 1437 nullam
1171 1397 1250 1436 nisi
1287 1396 1386 1436 urbe
1423 1410 1471 1436 ac

110 1458 324 1499 moenibus
363 1458 486 1499 salvis
525 1459 698 1499 salutem
737 1474 914 1513 sperare.
975 1458 1046 1499 ubi
1083 1458 1325 1499 conticuerit
1360 1465 1469 1498 recte

111 1520 327 1568 tumultus,
355 1526 441 1560 tum
466 1520 507 1560 in
533 1521 685 1561 curiam
712 1529 848 1575 patres
874 1521 1128 1562 revocandos
1155 1520 1472 1562 consulendum-

111 1597 189 1636 que
216 1583 265 1622 de
291 1582 403 1623 urbis
431 1584 617 1624 custodia
643 1598 747 1624 esse.

196 1643 314 1684 LVI.
366 1643 473 1684 Cum
499 1644 541 1684 in
565 1645 671 1685 hane
698 1646 939 1686 sententiam
965 1646 1140 1700 pedibus
1167 1660 1309 1687 omnes
1329 1645 1470 1693 issent,

113 1712 398 1759 summotaque
436 1706 524 1747 foro
564 1706 673 1762 [per]
707 1708 972 1762 magistratus
1004 1708 1124 1749 turba
1154 1714 1290 1762 patres
1322 1707 1474 1747 diversi

113 1769 164 1809 ad
191 1769 393 1809 sedandos
421 1769 620 1810 tumultus
653 1770 959 1819 discessissent,
998 1777 1086 1810 tum
1117 1771 1284 1811 demum
1315 1770 1472 1809 litterae

113 1846 136 1871 a
157 1830 206 1871 C.
223 1830 417 1871 Terentio
438 1831 606 1872 consule
626 1832 772 1872 allatae
800 1842 912 1873 sunt:
939 1833 991 1872 L.
1007 1831 1234 1872 Aemilium
1261 1831 1471 1872 consulem

113 1892 419 1945 exercitumque
446 1907 630 1942 caesum,
659 1908 749 1934 sese
777 1893 950 1934 Canusii
976 1908 1086 1943 esse,
1118 1893 1311 1946 reliquias
1338 1900 1473 1933 tantae

114 1954 240 1994 cladis
277 1954 389 1994 velut
426 1969 477 1995 ex
513 1955 730 2010 naufragio
767 1957 1041 2011 colligentem.
1102 1957 1155 1997 ad
1190 1957 1333 1996 decem
1364 1953 1476 1994 milia

113 2016 288 2056 militum
337 2016 464 2057 ferme
514 2032 605 2058 esse
653 2018 1004 2073 inconpositorum
1053 2019 1472 2069 inordinatorumque.

117 2077 303 2117 Poenum
331 2078 471 2118 sedere
498 2079 550 2119 ad
577 2079 763 2129 Cannas,
790 2081 831 2119 in
857 2081 1113 2134 captivorum
1138 2080 1278 2134 pretiis
1304 2078 1474 2132 praeda-

116 2153 195 2191 que
222 2139 300 2179 alia
324 2154 400 2179 nec
424 2140 588 2181 victoris
616 2141 752 2181 animo
778 2156 853 2182 1166
878 2142 1018 2196 magni
1043 2142 1159 2181 ducis
1185 2155 1297 2180 more
1329 2140 1475 2179 nundi-

118 2207 295 2241 nantem.
346 2207 432 2240 tum
452 2202 634 2255 privatae
661 2217 825 2255 quoque
850 2218 923 2257 per
948 2204 1093 2243 domos
1120 2202 1257 2242 clades
1283 2202 1474 2256 vulgatae

118 2269 230 2310 sunt,
270 2262 454 2315 adeoque
491 2270 618 2304 totam
654 2264 798 2305 urbem
836 2265 1017 2318 opplevit
1048 2265 1200 2311 luctus,
1238 2270 1283 2303 ut
1315 2278 1474 2304 sacrum

118 2323 440 2364 anniversarium
468 2324 630 2365 Cereris
656 2326 935 2367 intermissum
962 2327 1030 2375 sit,
1069 2326 1165 2379 quia
1196 2340 1271 2366 1166
1301 2325 1477 2380 lugenti-

119 2385 195 2425 bus
228 2385 269 2424 id
301 2385 436 2426 facere
469 2393 530 2427 est
562 2387 625 2427 fas
656 2402 731 2428 1166
757 2388 840 2428 ulla
863 2388 905 2428 in
930 2388 999 2428 illa
1024 2394 1265 2441 tempestate
1291 2394 1477 2427 matrona

118 2461 263 2500 expers
295 2447 429 2488 luctus
462 2447 606 2488 fuerat.
667 2449 803 2502 itaque
834 2464 884 2489 116
916 2449 968 2490 ob
1001 2450 1172 2489 candem
1204 2464 1371 2489 causam
1398 2449 1476 2489 alia

119 2517 281 2555 quoque
320 2518 436 2544 sacra
471 2504 636 2558 publica
672 2505 742 2545 aut
777 2506 934 2559 privata
970 2506 1264 2554 desererentur,
1310 2512 1475 2545 senatus

121 2564 307 2605 consulto
334 2565 478 2606 diebus
505 2566 671 2621 triginta
695 2567 828 2608 luctus
856 2574 917 2608 est
941 2568 1092 2608 finitus.

1499 1843 1516 1870 [Ο

1502 2462 1520 2491 5

206 2626 400 2667 Ceterum
427 2642 519 2668 eum
547 2629 687 2669 sedato
714 2629 825 2670 urbis
853 2630 1029 2669 tumultu
1054 2630 1231 2670 revocati
1258 2630 1299 2669 in
1320 2629 1473 2670 curiam
1500 2642 1518 2671 6

119 2695 254 2742 patres
281 2696 436 2739 essent,
463 2690 565 2738 aliae
591 2691 758 2745 insuper
783 2706 833 2731 ex
855 2690 995 2732 Sicilia
1014 2691 1170 2732 litterae
1196 2691 1354 2732 adlatae
1381 2698 1475 2732 sunt
