<?xml version="1.0" encoding="UTF-8"?>
<!DOCTYPE html PUBLIC "-//W3C//DTD XHTML 1.0 Transitional//EN"
    "http://www.w3.org/TR/xhtml1/DTD/xhtml1-transitional.dtd">
<html xmlns="http://www.w3.org/1999/xhtml" xml:lang="en" lang="en">
 <head>
  <title>
</title>
<meta http-equiv="Content-Type" content="text/html;charset=utf-8" />
  <meta name='ocr-system' content='tesseract 3.04.00' />
  <meta name='ocr-capabilities' content='ocr_page ocr_carea ocr_par ocr_line ocrx_word'/>
</head>
<body>
  <div class='ocr_page' id='page_1' title='image "./aburbeconditalib02livyuoft_0601.png"; bbox 0 0 1815 3184; ppageno 0'>
   <div class='ocr_carea' id='block_1_1' title="bbox 516 215 1494 279">
    <p class='ocr_par' dir='ltr' id='par_1_1' title="bbox 516 215 1494 279">
     <span class='ocr_line' id='line_1_1' title="bbox 516 215 1494 279; baseline -0.003 -20"><span class='ocrx_word' id='word_1_1' title='bbox 516 225 666 260; x_wconf 85' lang='lat' dir='ltr'>LIBER</span> <span class='ocrx_word' id='word_1_2' title='bbox 690 225 817 268; x_wconf 80' lang='lat' dir='ltr'>XXX,</span> <span class='ocrx_word' id='word_1_3' title='bbox 846 224 898 259; x_wconf 80' lang='lat'>14.</span> <span class='ocrx_word' id='word_1_4' title='bbox 927 224 1124 279; x_wconf 46' lang='lat' dir='ltr'>[acam]</span> <span class='ocrx_word' id='word_1_5' title='bbox 1415 215 1494 257; x_wconf 85' lang='grc'>497</span> 
     </span>
    </p>
   </div>
   <div class='ocr_carea' id='block_1_2' title="bbox 238 328 1537 377">
    <p class='ocr_par' dir='ltr' id='par_1_2' title="bbox 238 328 1537 377">
     <span class='ocr_line' id='line_1_2' title="bbox 238 328 1537 377; baseline 0.001 -6"><span class='ocrx_word' id='word_1_6' title='bbox 238 328 390 371; x_wconf 85' lang='lat' dir='ltr'><strong>XIIII.</strong></span> <span class='ocrx_word' id='word_1_7' title='bbox 460 330 579 370; x_wconf 90' lang='lat' dir='ltr'>Haec</span> <span class='ocrx_word' id='word_1_8' title='bbox 613 344 695 370; x_wconf 93' lang='lat' dir='ltr'>non</span> <span class='ocrx_word' id='word_1_9' title='bbox 730 328 867 369; x_wconf 87' lang='lat' dir='ltr'>hostili</span> <span class='ocrx_word' id='word_1_10' title='bbox 908 328 1030 369; x_wconf 86' lang='lat' dir='ltr'>modo</span> <span class='ocrx_word' id='word_1_11' title='bbox 1066 328 1184 377; x_wconf 88' lang='lat' dir='ltr'>odio,</span> <span class='ocrx_word' id='word_1_12' title='bbox 1233 328 1306 369; x_wconf 87' lang='lat' dir='ltr'>sed</span> <span class='ocrx_word' id='word_1_13' title='bbox 1347 328 1495 369; x_wconf 88' lang='lat' dir='ltr'>amoris</span> <span class='ocrx_word' id='word_1_14' title='bbox 1522 343 1537 372; x_wconf 88' lang='lat'>1</span> 
     </span>
    </p>
   </div>
   <div class='ocr_carea' id='block_1_3' title="bbox 155 390 1498 446">
    <p class='ocr_par' dir='ltr' id='par_1_3' title="bbox 155 390 1498 446">
     <span class='ocr_line' id='line_1_3' title="bbox 155 390 1498 446; baseline -0.001 -14"><span class='ocrx_word' id='word_1_15' title='bbox 155 391 278 433; x_wconf 89' lang='lat' dir='ltr'>etiam</span> <span class='ocrx_word' id='word_1_16' title='bbox 311 391 485 432; x_wconf 88' lang='lat' dir='ltr'>stimulis</span> <span class='ocrx_word' id='word_1_17' title='bbox 518 398 695 432; x_wconf 85' lang='lat' dir='ltr'>amatam</span> <span class='ocrx_word' id='word_1_18' title='bbox 731 392 841 446; x_wconf 87' lang='lat' dir='ltr'>apud</span> <span class='ocrx_word' id='word_1_19' title='bbox 878 391 1082 432; x_wconf 90' lang='lat' dir='ltr'>aemulum</span> <span class='ocrx_word' id='word_1_20' title='bbox 1112 405 1283 432; x_wconf 90' lang='lat' dir='ltr'>cernens</span> <span class='ocrx_word' id='word_1_21' title='bbox 1314 405 1407 431; x_wconf 91' lang='lat' dir='ltr'>cum</span> <span class='ocrx_word' id='word_1_22' title='bbox 1438 390 1498 431; x_wconf 87' lang='lat' dir='ltr'>di-</span> 
     </span>
    </p>
   </div>
   <div class='ocr_carea' id='block_1_4' title="bbox 154 452 1540 508">
    <p class='ocr_par' dir='ltr' id='par_1_4' title="bbox 154 452 1540 508">
     <span class='ocr_line' id='line_1_4' title="bbox 154 452 1540 508; baseline 0 -13"><span class='ocrx_word' id='word_1_23' title='bbox 154 454 301 504; x_wconf 84' lang='lat' dir='ltr'>xisset,</span> <span class='ocrx_word' id='word_1_24' title='bbox 338 469 420 495; x_wconf 90' lang='lat' dir='ltr'>non</span> <span class='ocrx_word' id='word_1_25' title='bbox 445 454 640 495; x_wconf 89' lang='lat' dir='ltr'>mediocri</span> <span class='ocrx_word' id='word_1_26' title='bbox 668 469 764 495; x_wconf 86' lang='lat' dir='ltr'>cura</span> <span class='ocrx_word' id='word_1_27' title='bbox 796 452 1000 508; x_wconf 79' lang='lat' dir='ltr'>Scipionis</span> <span class='ocrx_word' id='word_1_28' title='bbox 1028 453 1207 493; x_wconf 84' lang='lat' dir='ltr'>animum</span> <span class='ocrx_word' id='word_1_29' title='bbox 1231 453 1399 508; x_wconf 82' lang='lat' dir='ltr'>pepulit.</span> <span class='ocrx_word' id='word_1_30' title='bbox 1458 460 1498 494; x_wconf 89' lang='lat' dir='ltr'>et</span> <span class='ocrx_word' id='word_1_31' title='bbox 1522 465 1540 495; x_wconf 86' lang='lat'><em>2</em></span> 
     </span>
    </p>
   </div>
   <div class='ocr_carea' id='block_1_5' title="bbox 154 515 1505 2683">
    <p class='ocr_par' dir='ltr' id='par_1_5' title="bbox 154 515 1505 2683">
     <span class='ocr_line' id='line_1_5' title="bbox 154 515 1497 571; baseline 0.001 -16"><span class='ocrx_word' id='word_1_32' title='bbox 154 516 277 556; x_wconf 88' lang='lat' dir='ltr'>fidem</span> <span class='ocrx_word' id='word_1_33' title='bbox 302 516 538 556; x_wconf 85' lang='lat' dir='ltr'>criminibus</span> <span class='ocrx_word' id='word_1_34' title='bbox 569 523 711 571; x_wconf 80' lang='lat' dir='ltr'>raptae</span> <span class='ocrx_word' id='word_1_35' title='bbox 742 531 869 571; x_wconf 81' lang='lat' dir='ltr'>prope</span> <span class='ocrx_word' id='word_1_36' title='bbox 899 516 1003 556; x_wconf 88' lang='lat' dir='ltr'>inter</span> <span class='ocrx_word' id='word_1_37' title='bbox 1034 531 1146 556; x_wconf 90' lang='lat' dir='ltr'>arma</span> <span class='ocrx_word' id='word_1_38' title='bbox 1174 515 1340 570; x_wconf 82' lang='lat' dir='ltr'>nuptiae</span> <span class='ocrx_word' id='word_1_39' title='bbox 1365 531 1497 570; x_wconf 88' lang='lat' dir='ltr'>neque</span> 
     </span>
     <span class='ocr_line' id='line_1_6' title="bbox 155 577 1497 633; baseline 0.001 -15"><span class='ocrx_word' id='word_1_40' title='bbox 155 578 342 619; x_wconf 87' lang='lat' dir='ltr'>consulto</span> <span class='ocrx_word' id='word_1_41' title='bbox 372 592 505 630; x_wconf 89' lang='lat' dir='ltr'>neque</span> <span class='ocrx_word' id='word_1_42' title='bbox 537 585 752 633; x_wconf 81' lang='lat' dir='ltr'>expectato</span> <span class='ocrx_word' id='word_1_43' title='bbox 779 578 925 618; x_wconf 88' lang='lat' dir='ltr'>Laelio</span> <span class='ocrx_word' id='word_1_44' title='bbox 956 577 1161 618; x_wconf 79' lang='lat' dir='ltr'>faciebant</span> <span class='ocrx_word' id='word_1_45' title='bbox 1192 585 1355 631; x_wconf 88' lang='lat' dir='ltr'>tamque</span> <span class='ocrx_word' id='word_1_46' title='bbox 1378 593 1497 632; x_wconf 88' lang='lat' dir='ltr'>prae-</span> 
     </span>
     <span class='ocr_line' id='line_1_7' title="bbox 156 640 1497 695; baseline 0.001 -15"><span class='ocrx_word' id='word_1_47' title='bbox 156 654 253 694; x_wconf 90' lang='lat' dir='ltr'>ceps</span> <span class='ocrx_word' id='word_1_48' title='bbox 278 640 505 689; x_wconf 81' lang='lat' dir='ltr'>festinatio,</span> <span class='ocrx_word' id='word_1_49' title='bbox 542 648 587 681; x_wconf 89' lang='lat' dir='ltr'>ut</span> <span class='ocrx_word' id='word_1_50' title='bbox 616 655 696 693; x_wconf 88' lang='lat' dir='ltr'>quo</span> <span class='ocrx_word' id='word_1_51' title='bbox 727 640 792 681; x_wconf 84' lang='lat' dir='ltr'>die</span> <span class='ocrx_word' id='word_1_52' title='bbox 827 647 988 695; x_wconf 85' lang='lat' dir='ltr'>captam</span> <span class='ocrx_word' id='word_1_53' title='bbox 1013 640 1173 681; x_wconf 81' lang='lat' dir='ltr'>hostem</span> <span class='ocrx_word' id='word_1_54' title='bbox 1204 640 1392 688; x_wconf 85' lang='lat' dir='ltr'>vidisset,</span> <span class='ocrx_word' id='word_1_55' title='bbox 1429 656 1497 681; x_wconf 91' lang='lat' dir='ltr'>eo—</span> 
     </span>
     <span class='ocr_line' id='line_1_8' title="bbox 156 702 1497 757; baseline 0.001 -16"><span class='ocrx_word' id='word_1_56' title='bbox 156 702 250 742; x_wconf 87' lang='lat' dir='ltr'>dem</span> <span class='ocrx_word' id='word_1_57' title='bbox 281 702 538 743; x_wconf 88' lang='lat' dir='ltr'>matrimonio</span> <span class='ocrx_word' id='word_1_58' title='bbox 568 702 748 742; x_wconf 84' lang='lat' dir='ltr'>iunctam</span> <span class='ocrx_word' id='word_1_59' title='bbox 779 702 980 757; x_wconf 87' lang='lat' dir='ltr'>acciperet</span> <span class='ocrx_word' id='word_1_60' title='bbox 1010 710 1051 742; x_wconf 84' lang='lat' dir='ltr'>et</span> <span class='ocrx_word' id='word_1_61' title='bbox 1081 702 1132 742; x_wconf 85' lang='lat' dir='ltr'>ad</span> <span class='ocrx_word' id='word_1_62' title='bbox 1166 709 1335 756; x_wconf 88' lang='lat' dir='ltr'>penates</span> <span class='ocrx_word' id='word_1_63' title='bbox 1367 702 1497 744; x_wconf 90' lang='lat' dir='ltr'>hostis</span> 
     </span>
     <span class='ocr_line' id='line_1_9' title="bbox 157 763 1498 819; baseline 0.001 -15"><span class='ocrx_word' id='word_1_64' title='bbox 157 763 221 804; x_wconf 90' lang='lat' dir='ltr'>sui</span> <span class='ocrx_word' id='word_1_65' title='bbox 255 764 436 819; x_wconf 86' lang='lat' dir='ltr'>nuptiale</span> <span class='ocrx_word' id='word_1_66' title='bbox 469 779 630 805; x_wconf 88' lang='lat' dir='ltr'>sacrum</span> <span class='ocrx_word' id='word_1_67' title='bbox 668 765 896 805; x_wconf 88' lang='lat' dir='ltr'>conficeret.</span> <span class='ocrx_word' id='word_1_68' title='bbox 957 779 1004 806; x_wconf 89' lang='lat' dir='ltr'>eo</span> <span class='ocrx_word' id='word_1_69' title='bbox 1035 764 1219 805; x_wconf 87' lang='lat' dir='ltr'>foediora</span> <span class='ocrx_word' id='word_1_70' title='bbox 1254 764 1355 805; x_wconf 87' lang='lat' dir='ltr'>haec</span> <span class='ocrx_word' id='word_1_71' title='bbox 1385 764 1498 806; x_wconf 83' lang='lat' dir='ltr'>vide-</span> 
     </span>
     <span class='ocr_line' id='line_1_10' title="bbox 156 824 1498 881; baseline 0.001 -15"><span class='ocrx_word' id='word_1_72' title='bbox 156 826 304 866; x_wconf 84' lang='lat' dir='ltr'>bantur</span> <span class='ocrx_word' id='word_1_73' title='bbox 325 824 526 880; x_wconf 88' lang='lat' dir='ltr'>Scipioni,</span> <span class='ocrx_word' id='word_1_74' title='bbox 553 827 662 880; x_wconf 88' lang='lat' dir='ltr'>quod</span> <span class='ocrx_word' id='word_1_75' title='bbox 686 827 821 881; x_wconf 90' lang='lat' dir='ltr'>ipsum</span> <span class='ocrx_word' id='word_1_76' title='bbox 844 826 887 866; x_wconf 91' lang='lat' dir='ltr'>in</span> <span class='ocrx_word' id='word_1_77' title='bbox 907 826 1112 880; x_wconf 85' lang='lat' dir='ltr'>Hispania</span> <span class='ocrx_word' id='word_1_78' title='bbox 1135 826 1325 867; x_wconf 89' lang='lat' dir='ltr'>iuvenem</span> <span class='ocrx_word' id='word_1_79' title='bbox 1349 826 1498 868; x_wconf 89' lang='lat' dir='ltr'>nullius</span> 
     </span>
     <span class='ocr_line' id='line_1_11' title="bbox 157 887 1497 943; baseline 0.001 -16"><span class='ocrx_word' id='word_1_80' title='bbox 157 887 290 928; x_wconf 85' lang='lat' dir='ltr'>forma</span> <span class='ocrx_word' id='word_1_81' title='bbox 312 888 525 942; x_wconf 86' lang='lat' dir='ltr'>pepulerat</span> <span class='ocrx_word' id='word_1_82' title='bbox 550 888 748 943; x_wconf 85' lang='lat' dir='ltr'>captivae.</span> <span class='ocrx_word' id='word_1_83' title='bbox 808 887 909 928; x_wconf 88' lang='lat' dir='ltr'>haec</span> <span class='ocrx_word' id='word_1_84' title='bbox 935 892 1079 928; x_wconf 66' lang='lat' dir='ltr'>‘secum</span> <span class='ocrx_word' id='word_1_85' title='bbox 1104 887 1303 928; x_wconf 87' lang='lat' dir='ltr'>volutanti</span> <span class='ocrx_word' id='word_1_86' title='bbox 1327 888 1497 928; x_wconf 87' lang='lat' dir='ltr'>Laelius</span> 
     </span>
     <span class='ocr_line' id='line_1_12' title="bbox 158 950 1500 1005; baseline 0.001 -15"><span class='ocrx_word' id='word_1_87' title='bbox 158 964 205 990; x_wconf 88' lang='lat' dir='ltr'>ac</span> <span class='ocrx_word' id='word_1_88' title='bbox 228 950 456 991; x_wconf 83' lang='lat' dir='ltr'>Masinissa</span> <span class='ocrx_word' id='word_1_89' title='bbox 487 958 823 1005; x_wconf 86' lang='lat' dir='ltr'>supervenerunt.</span> <span class='ocrx_word' id='word_1_90' title='bbox 884 964 985 1002; x_wconf 91' lang='lat' dir='ltr'>quos</span> <span class='ocrx_word' id='word_1_91' title='bbox 1018 964 1110 990; x_wconf 89' lang='lat' dir='ltr'>cum</span> <span class='ocrx_word' id='word_1_92' title='bbox 1138 950 1290 1005; x_wconf 84' lang='lat' dir='ltr'>pariter</span> <span class='ocrx_word' id='word_1_93' title='bbox 1315 951 1434 992; x_wconf 88' lang='lat' dir='ltr'>ambo</span> <span class='ocrx_word' id='word_1_94' title='bbox 1460 958 1500 992; x_wconf 90' lang='lat' dir='ltr'>et</span> 
     </span>
     <span class='ocr_line' id='line_1_13' title="bbox 156 1012 1499 1067; baseline 0 -14"><span class='ocrx_word' id='word_1_95' title='bbox 156 1013 336 1067; x_wconf 86' lang='lat' dir='ltr'>benigno</span> <span class='ocrx_word' id='word_1_96' title='bbox 374 1014 490 1053; x_wconf 86' lang='lat' dir='ltr'>vultu</span> <span class='ocrx_word' id='word_1_97' title='bbox 527 1012 757 1067; x_wconf 79' lang='lat' dir='ltr'>excepisset</span> <span class='ocrx_word' id='word_1_98' title='bbox 795 1018 834 1052; x_wconf 90' lang='lat' dir='ltr'>et</span> <span class='ocrx_word' id='word_1_99' title='bbox 871 1013 1032 1065; x_wconf 80' lang='lat' dir='ltr'>egregis</span> <span class='ocrx_word' id='word_1_100' title='bbox 1070 1012 1260 1053; x_wconf 78' lang='lat' dir='ltr'>laudibus</span> <span class='ocrx_word' id='word_1_101' title='bbox 1296 1012 1499 1065; x_wconf 87' lang='lat' dir='ltr'>frequenti</span> 
     </span>
     <span class='ocr_line' id='line_1_14' title="bbox 158 1073 1497 1128; baseline 0.001 -14"><span class='ocrx_word' id='word_1_102' title='bbox 158 1075 361 1128; x_wconf 90' lang='lat' dir='ltr'>praetorio</span> <span class='ocrx_word' id='word_1_103' title='bbox 387 1075 652 1122; x_wconf 83' lang='lat' dir='ltr'>celebrasset,</span> <span class='ocrx_word' id='word_1_104' title='bbox 686 1074 908 1113; x_wconf 90' lang='lat' dir='ltr'>abductum</span> <span class='ocrx_word' id='word_1_105' title='bbox 933 1073 975 1112; x_wconf 93' lang='lat' dir='ltr'>in</span> <span class='ocrx_word' id='word_1_106' title='bbox 1001 1081 1204 1114; x_wconf 89' lang='lat' dir='ltr'>secretum</span> <span class='ocrx_word' id='word_1_107' title='bbox 1228 1074 1497 1115; x_wconf 84' lang='lat' dir='ltr'>Masinissam</span> 
     </span>
     <span class='ocr_line' id='line_1_15' title="bbox 159 1134 1498 1188; baseline 0.001 -13"><span class='ocrx_word' id='word_1_108' title='bbox 159 1136 218 1176; x_wconf 90' lang='lat' dir='ltr'>sic</span> <span class='ocrx_word' id='word_1_109' title='bbox 242 1136 490 1188; x_wconf 87' lang='lat' dir='ltr'>adloquitur:</span> <span class='ocrx_word' id='word_1_110' title='bbox 517 1135 673 1188; x_wconf 88' lang='lat' dir='ltr'>‘aliqua</span> <span class='ocrx_word' id='word_1_111' title='bbox 697 1142 736 1175; x_wconf 87' lang='lat' dir='ltr'>te</span> <span class='ocrx_word' id='word_1_112' title='bbox 762 1134 970 1184; x_wconf 87' lang='lat' dir='ltr'>existimo,</span> <span class='ocrx_word' id='word_1_113' title='bbox 995 1135 1241 1184; x_wconf 88' lang='lat' dir='ltr'>Masinissa,</span> <span class='ocrx_word' id='word_1_114' title='bbox 1272 1136 1498 1177; x_wconf 85' lang='lat' dir='ltr'>intuentem</span> 
     </span>
     <span class='ocr_line' id='line_1_16' title="bbox 156 1196 1502 1251; baseline 0.001 -15"><span class='ocrx_word' id='word_1_115' title='bbox 156 1197 198 1237; x_wconf 90' lang='lat' dir='ltr'>in</span> <span class='ocrx_word' id='word_1_116' title='bbox 229 1212 294 1237; x_wconf 90' lang='lat' dir='ltr'>me</span> <span class='ocrx_word' id='word_1_117' title='bbox 324 1198 433 1238; x_wconf 86' lang='lat' dir='ltr'>bona</span> <span class='ocrx_word' id='word_1_118' title='bbox 463 1204 503 1238; x_wconf 89' lang='lat' dir='ltr'>et</span> <span class='ocrx_word' id='word_1_119' title='bbox 532 1196 731 1251; x_wconf 90' lang='lat' dir='ltr'>principio</span> <span class='ocrx_word' id='word_1_120' title='bbox 761 1196 803 1236; x_wconf 91' lang='lat' dir='ltr'>in</span> <span class='ocrx_word' id='word_1_121' title='bbox 827 1196 1034 1250; x_wconf 82' lang='lat' dir='ltr'>Hispania</span> <span class='ocrx_word' id='word_1_122' title='bbox 1066 1197 1117 1237; x_wconf 84' lang='lat' dir='ltr'>ad</span> <span class='ocrx_word' id='word_1_123' title='bbox 1141 1196 1391 1251; x_wconf 81' lang='lat' dir='ltr'>iungendam</span> <span class='ocrx_word' id='word_1_124' title='bbox 1416 1212 1502 1238; x_wconf 90' lang='lat' dir='ltr'>me-</span> 
     </span>
     <span class='ocr_line' id='line_1_17' title="bbox 157 1258 1502 1314; baseline -0.001 -14"><span class='ocrx_word' id='word_1_125' title='bbox 157 1274 250 1300; x_wconf 90' lang='lat' dir='ltr'>cum</span> <span class='ocrx_word' id='word_1_126' title='bbox 287 1259 507 1300; x_wconf 84' lang='lat' dir='ltr'>amicitiam</span> <span class='ocrx_word' id='word_1_127' title='bbox 542 1258 729 1308; x_wconf 88' lang='lat' dir='ltr'>venisse,</span> <span class='ocrx_word' id='word_1_128' title='bbox 778 1265 819 1299; x_wconf 90' lang='lat' dir='ltr'>et</span> <span class='ocrx_word' id='word_1_129' title='bbox 853 1265 999 1313; x_wconf 89' lang='lat' dir='ltr'>postea</span> <span class='ocrx_word' id='word_1_130' title='bbox 1033 1258 1075 1298; x_wconf 93' lang='lat' dir='ltr'>in</span> <span class='ocrx_word' id='word_1_131' title='bbox 1110 1258 1256 1299; x_wconf 86' lang='lat' dir='ltr'>Africa</span> <span class='ocrx_word' id='word_1_132' title='bbox 1291 1266 1330 1299; x_wconf 90' lang='lat' dir='ltr'>te</span> <span class='ocrx_word' id='word_1_133' title='bbox 1366 1258 1502 1314; x_wconf 91' lang='lat' dir='ltr'>ipsum</span> 
     </span>
     <span class='ocr_line' id='line_1_18' title="bbox 159 1320 1503 1376; baseline 0 -14"><span class='ocrx_word' id='word_1_134' title='bbox 159 1336 335 1376; x_wconf 88' lang='lat' dir='ltr'>spesque</span> <span class='ocrx_word' id='word_1_135' title='bbox 366 1322 498 1362; x_wconf 91' lang='lat' dir='ltr'>omnis</span> <span class='ocrx_word' id='word_1_136' title='bbox 535 1329 625 1362; x_wconf 88' lang='lat' dir='ltr'>tuas</span> <span class='ocrx_word' id='word_1_137' title='bbox 656 1321 698 1361; x_wconf 91' lang='lat' dir='ltr'>in</span> <span class='ocrx_word' id='word_1_138' title='bbox 725 1321 850 1361; x_wconf 85' lang='lat' dir='ltr'>fidem</span> <span class='ocrx_word' id='word_1_139' title='bbox 880 1336 1014 1361; x_wconf 90' lang='lat' dir='ltr'>meam</span> <span class='ocrx_word' id='word_1_140' title='bbox 1051 1320 1319 1362; x_wconf 88' lang='lat' dir='ltr'>commisisse.</span> <span class='ocrx_word' id='word_1_141' title='bbox 1391 1322 1503 1375; x_wconf 89' lang='lat' dir='ltr'>atqui</span> 
     </span>
     <span class='ocr_line' id='line_1_19' title="bbox 158 1384 1499 1439; baseline 0.002 -16"><span class='ocrx_word' id='word_1_142' title='bbox 158 1384 271 1424; x_wconf 90' lang='lat' dir='ltr'>nulla</span> <span class='ocrx_word' id='word_1_143' title='bbox 306 1399 446 1425; x_wconf 87' lang='lat' dir='ltr'>earum</span> <span class='ocrx_word' id='word_1_144' title='bbox 482 1384 611 1424; x_wconf 78' lang='lat' dir='ltr'>virtus</span> <span class='ocrx_word' id='word_1_145' title='bbox 649 1391 735 1433; x_wconf 86' lang='lat' dir='ltr'>est,</span> <span class='ocrx_word' id='word_1_146' title='bbox 782 1391 949 1438; x_wconf 88' lang='lat' dir='ltr'>propter</span> <span class='ocrx_word' id='word_1_147' title='bbox 990 1398 1091 1436; x_wconf 88' lang='lat' dir='ltr'>quas</span> <span class='ocrx_word' id='word_1_148' title='bbox 1136 1384 1208 1424; x_wconf 89' lang='lat' dir='ltr'>tibi</span> <span class='ocrx_word' id='word_1_149' title='bbox 1245 1384 1499 1439; x_wconf 87' lang='lat' dir='ltr'>adpetendus</span> 
     </span>
     <span class='ocr_line' id='line_1_20' title="bbox 158 1445 1502 1500; baseline 0.001 -14"><span class='ocrx_word' id='word_1_150' title='bbox 158 1446 272 1486; x_wconf 85' lang='lat' dir='ltr'>visus</span> <span class='ocrx_word' id='word_1_151' title='bbox 306 1446 401 1495; x_wconf 87' lang='lat' dir='ltr'>sim,</span> <span class='ocrx_word' id='word_1_152' title='bbox 438 1460 519 1498; x_wconf 87' lang='lat' dir='ltr'>qua</span> <span class='ocrx_word' id='word_1_153' title='bbox 548 1461 625 1500; x_wconf 83' lang='lat' dir='ltr'>ego</span> <span class='ocrx_word' id='word_1_154' title='bbox 657 1460 784 1498; x_wconf 89' lang='lat' dir='ltr'>aeque</span> <span class='ocrx_word' id='word_1_155' title='bbox 816 1460 863 1486; x_wconf 90' lang='lat' dir='ltr'>ac</span> <span class='ocrx_word' id='word_1_156' title='bbox 893 1445 1163 1500; x_wconf 81' lang='lat' dir='ltr'>temperantia</span> <span class='ocrx_word' id='word_1_157' title='bbox 1187 1454 1227 1487; x_wconf 85' lang='lat' dir='ltr'>et</span> <span class='ocrx_word' id='word_1_158' title='bbox 1252 1447 1502 1488; x_wconf 86' lang='lat' dir='ltr'>continentia</span> 
     </span>
     <span class='ocr_line' id='line_1_21' title="bbox 158 1507 1500 1562; baseline 0.002 -15"><span class='ocrx_word' id='word_1_159' title='bbox 158 1507 373 1548; x_wconf 87' lang='lat' dir='ltr'>libidinum</span> <span class='ocrx_word' id='word_1_160' title='bbox 404 1507 600 1562; x_wconf 78' lang='lat' dir='ltr'>gloriatus</span> <span class='ocrx_word' id='word_1_161' title='bbox 631 1507 789 1548; x_wconf 86' lang='lat' dir='ltr'>fuerim.</span> <span class='ocrx_word' id='word_1_162' title='bbox 860 1507 966 1548; x_wconf 90' lang='lat' dir='ltr'>hanc</span> <span class='ocrx_word' id='word_1_163' title='bbox 997 1515 1036 1548; x_wconf 86' lang='lat' dir='ltr'>te</span> <span class='ocrx_word' id='word_1_164' title='bbox 1067 1523 1229 1561; x_wconf 89' lang='lat' dir='ltr'>quoque</span> <span class='ocrx_word' id='word_1_165' title='bbox 1261 1509 1313 1549; x_wconf 89' lang='lat' dir='ltr'>ad</span> <span class='ocrx_word' id='word_1_166' title='bbox 1345 1517 1500 1551; x_wconf 87' lang='lat' dir='ltr'>ceteras</span> 
     </span>
     <span class='ocr_line' id='line_1_22' title="bbox 159 1569 1502 1619; baseline 0.003 -10"><span class='ocrx_word' id='word_1_167' title='bbox 159 1577 250 1611; x_wconf 87' lang='lat' dir='ltr'>tuas</span> <span class='ocrx_word' id='word_1_168' title='bbox 281 1569 451 1610; x_wconf 82' lang='lat' dir='ltr'>eximias</span> <span class='ocrx_word' id='word_1_169' title='bbox 483 1569 673 1618; x_wconf 83' lang='lat' dir='ltr'>virtutes,</span> <span class='ocrx_word' id='word_1_170' title='bbox 712 1569 957 1619; x_wconf 84' lang='lat' dir='ltr'>Masinissa,</span> <span class='ocrx_word' id='word_1_171' title='bbox 997 1570 1196 1611; x_wconf 86' lang='lat' dir='ltr'>adiecisse</span> <span class='ocrx_word' id='word_1_172' title='bbox 1227 1571 1361 1612; x_wconf 89' lang='lat' dir='ltr'>velim.</span> <span class='ocrx_word' id='word_1_173' title='bbox 1420 1587 1502 1613; x_wconf 88' lang='lat' dir='ltr'>non</span> 
     </span>
     <span class='ocr_line' id='line_1_23' title="bbox 160 1631 1503 1680; baseline 0.001 -8"><span class='ocrx_word' id='word_1_174' title='bbox 160 1638 240 1680; x_wconf 87' lang='lat' dir='ltr'>est,</span> <span class='ocrx_word' id='word_1_175' title='bbox 278 1647 360 1672; x_wconf 89' lang='lat' dir='ltr'>non</span> <span class='ocrx_word' id='word_1_176' title='bbox 384 1657 417 1660; x_wconf 97' lang='lat'><strong>—</strong></span> <span class='ocrx_word' id='word_1_177' title='bbox 442 1631 542 1672; x_wconf 83' lang='lat' dir='ltr'>mihi</span> <span class='ocrx_word' id='word_1_178' title='bbox 566 1632 686 1673; x_wconf 88' lang='lat' dir='ltr'>crede</span> <span class='ocrx_word' id='word_1_179' title='bbox 710 1657 742 1660; x_wconf 79' lang='lat'><strong>—</strong></span> <span class='ocrx_word' id='word_1_180' title='bbox 767 1639 925 1672; x_wconf 88' lang='lat' dir='ltr'>tantum</span> <span class='ocrx_word' id='word_1_181' title='bbox 950 1632 1001 1672; x_wconf 89' lang='lat' dir='ltr'>ab</span> <span class='ocrx_word' id='word_1_182' title='bbox 1032 1632 1218 1673; x_wconf 87' lang='lat' dir='ltr'>hostibus</span> <span class='ocrx_word' id='word_1_183' title='bbox 1244 1633 1409 1674; x_wconf 88' lang='lat' dir='ltr'>armatis</span> <span class='ocrx_word' id='word_1_184' title='bbox 1435 1648 1503 1675; x_wconf 87' lang='lat' dir='ltr'>ae-</span> 
     </span>
     <span class='ocr_line' id='line_1_24' title="bbox 159 1694 1502 1749; baseline 0.001 -15"><span class='ocrx_word' id='word_1_185' title='bbox 159 1694 233 1734; x_wconf 78' lang='lat' dir='ltr'>tati</span> <span class='ocrx_word' id='word_1_186' title='bbox 256 1701 420 1734; x_wconf 85' lang='lat' dir='ltr'>nostrae</span> <span class='ocrx_word' id='word_1_187' title='bbox 446 1694 689 1749; x_wconf 91' lang='lat' dir='ltr'>periculum,</span> <span class='ocrx_word' id='word_1_188' title='bbox 728 1702 925 1747; x_wconf 88' lang='lat' dir='ltr'>quantum</span> <span class='ocrx_word' id='word_1_189' title='bbox 955 1694 1005 1734; x_wconf 87' lang='lat' dir='ltr'>ab</span> <span class='ocrx_word' id='word_1_190' title='bbox 1037 1694 1292 1735; x_wconf 87' lang='lat' dir='ltr'>circumfusis</span> <span class='ocrx_word' id='word_1_191' title='bbox 1324 1695 1502 1748; x_wconf 88' lang='lat' dir='ltr'>undique</span> 
     </span>
     <span class='ocr_line' id='line_1_25' title="bbox 159 1755 1502 1811; baseline 0.001 -14"><span class='ocrx_word' id='word_1_192' title='bbox 159 1756 452 1811; x_wconf 80' lang='lat' dir='ltr'>voluptatibus.</span> <span class='ocrx_word' id='word_1_193' title='bbox 513 1756 582 1809; x_wconf 89' lang='lat' dir='ltr'>qui</span> <span class='ocrx_word' id='word_1_194' title='bbox 618 1771 688 1796; x_wconf 88' lang='lat' dir='ltr'>eas</span> <span class='ocrx_word' id='word_1_195' title='bbox 725 1755 995 1810; x_wconf 85' lang='lat' dir='ltr'>temperantia</span> <span class='ocrx_word' id='word_1_196' title='bbox 1032 1771 1106 1797; x_wconf 90' lang='lat' dir='ltr'>sua</span> <span class='ocrx_word' id='word_1_197' title='bbox 1141 1756 1317 1797; x_wconf 87' lang='lat' dir='ltr'>frenavit</span> <span class='ocrx_word' id='word_1_198' title='bbox 1347 1771 1394 1797; x_wconf 90' lang='lat' dir='ltr'>ac</span> <span class='ocrx_word' id='word_1_199' title='bbox 1431 1757 1502 1798; x_wconf 88' lang='lat' dir='ltr'>do-</span> 
     </span>
     <span class='ocr_line' id='line_1_26' title="bbox 158 1818 1503 1871; baseline 0.001 -13"><span class='ocrx_word' id='word_1_200' title='bbox 158 1818 284 1867; x_wconf 85' lang='lat' dir='ltr'>muit,</span> <span class='ocrx_word' id='word_1_201' title='bbox 337 1818 465 1859; x_wconf 90' lang='lat' dir='ltr'>multo</span> <span class='ocrx_word' id='word_1_202' title='bbox 513 1818 644 1859; x_wconf 90' lang='lat' dir='ltr'>maius</span> <span class='ocrx_word' id='word_1_203' title='bbox 687 1818 811 1859; x_wconf 87' lang='lat' dir='ltr'>decus</span> <span class='ocrx_word' id='word_1_204' title='bbox 853 1818 1130 1871; x_wconf 89' lang='lat' dir='ltr'>maioremque</span> <span class='ocrx_word' id='word_1_205' title='bbox 1172 1819 1383 1860; x_wconf 88' lang='lat' dir='ltr'>victoriam</span> <span class='ocrx_word' id='word_1_206' title='bbox 1425 1820 1503 1861; x_wconf 88' lang='lat' dir='ltr'>sibi</span> 
     </span>
     <span class='ocr_line' id='line_1_27' title="bbox 158 1879 1504 1935; baseline 0.001 -14"><span class='ocrx_word' id='word_1_207' title='bbox 158 1880 318 1935; x_wconf 86' lang='lat' dir='ltr'>peperit</span> <span class='ocrx_word' id='word_1_208' title='bbox 343 1895 464 1934; x_wconf 85' lang='lat' dir='ltr'>quam</span> <span class='ocrx_word' id='word_1_209' title='bbox 490 1896 564 1921; x_wconf 88' lang='lat' dir='ltr'>nos</span> <span class='ocrx_word' id='word_1_210' title='bbox 593 1879 785 1935; x_wconf 83' lang='lat' dir='ltr'>Syphace</span> <span class='ocrx_word' id='word_1_211' title='bbox 810 1881 917 1921; x_wconf 85' lang='lat' dir='ltr'>victo</span> <span class='ocrx_word' id='word_1_212' title='bbox 943 1881 1154 1922; x_wconf 88' lang='lat' dir='ltr'>habemus.</span> <span class='ocrx_word' id='word_1_213' title='bbox 1215 1896 1318 1934; x_wconf 89' lang='lat' dir='ltr'>quae</span> <span class='ocrx_word' id='word_1_214' title='bbox 1342 1896 1408 1922; x_wconf 90' lang='lat' dir='ltr'>me</span> <span class='ocrx_word' id='word_1_215' title='bbox 1433 1882 1504 1923; x_wconf 90' lang='lat' dir='ltr'>ab-</span> 
     </span>
     <span class='ocr_line' id='line_1_28' title="bbox 161 1943 1502 1985; baseline 0.001 -2"><span class='ocrx_word' id='word_1_216' title='bbox 161 1950 275 1984; x_wconf 88' lang='lat' dir='ltr'>sente</span> <span class='ocrx_word' id='word_1_217' title='bbox 303 1950 467 1984; x_wconf 90' lang='lat' dir='ltr'>strenue</span> <span class='ocrx_word' id='word_1_218' title='bbox 499 1957 546 1984; x_wconf 89' lang='lat' dir='ltr'>ac</span> <span class='ocrx_word' id='word_1_219' title='bbox 576 1943 734 1984; x_wconf 89' lang='lat' dir='ltr'>fortiter</span> <span class='ocrx_word' id='word_1_220' title='bbox 759 1943 893 1984; x_wconf 87' lang='lat' dir='ltr'>fecisti</span> <span class='ocrx_word' id='word_1_221' title='bbox 923 1943 1096 1984; x_wconf 88' lang='lat' dir='ltr'>libenter</span> <span class='ocrx_word' id='word_1_222' title='bbox 1121 1950 1161 1984; x_wconf 87' lang='lat' dir='ltr'>et</span> <span class='ocrx_word' id='word_1_223' title='bbox 1185 1945 1502 1985; x_wconf 87' lang='lat' dir='ltr'>commemoravi</span> 
     </span>
     <span class='ocr_line' id='line_1_29' title="bbox 160 2005 1504 2060; baseline 0.001 -15"><span class='ocrx_word' id='word_1_224' title='bbox 160 2013 201 2046; x_wconf 90' lang='lat' dir='ltr'>et</span> <span class='ocrx_word' id='word_1_225' title='bbox 223 2005 408 2054; x_wconf 85' lang='lat' dir='ltr'>memini,</span> <span class='ocrx_word' id='word_1_226' title='bbox 446 2013 582 2046; x_wconf 88' lang='lat' dir='ltr'>cetera</span> <span class='ocrx_word' id='word_1_227' title='bbox 605 2013 644 2046; x_wconf 90' lang='lat' dir='ltr'>te</span> <span class='ocrx_word' id='word_1_228' title='bbox 669 2006 804 2060; x_wconf 90' lang='lat' dir='ltr'>ipsum</span> <span class='ocrx_word' id='word_1_229' title='bbox 834 2012 1022 2060; x_wconf 88' lang='lat' dir='ltr'>reputare</span> <span class='ocrx_word' id='word_1_230' title='bbox 1048 2013 1183 2046; x_wconf 88' lang='lat' dir='ltr'>tecum</span> <span class='ocrx_word' id='word_1_231' title='bbox 1207 2021 1329 2060; x_wconf 88' lang='lat' dir='ltr'>quam</span> <span class='ocrx_word' id='word_1_232' title='bbox 1353 2022 1419 2047; x_wconf 91' lang='lat' dir='ltr'>me</span> <span class='ocrx_word' id='word_1_233' title='bbox 1444 2006 1504 2046; x_wconf 85' lang='lat' dir='ltr'>di-</span> 
     </span>
     <span class='ocr_line' id='line_1_30' title="bbox 160 2067 1502 2124; baseline 0.001 -17"><span class='ocrx_word' id='word_1_234' title='bbox 160 2075 277 2108; x_wconf 89' lang='lat' dir='ltr'>cente</span> <span class='ocrx_word' id='word_1_235' title='bbox 302 2069 543 2109; x_wconf 87' lang='lat' dir='ltr'>erubescere</span> <span class='ocrx_word' id='word_1_236' title='bbox 568 2068 689 2109; x_wconf 89' lang='lat' dir='ltr'>malo.</span> <span class='ocrx_word' id='word_1_237' title='bbox 745 2067 917 2122; x_wconf 79' lang='lat' dir='ltr'>Syphax</span> <span class='ocrx_word' id='word_1_238' title='bbox 942 2068 1083 2123; x_wconf 86' lang='lat' dir='ltr'>populi</span> <span class='ocrx_word' id='word_1_239' title='bbox 1106 2069 1284 2109; x_wconf 85' lang='lat' dir='ltr'>Romani</span> <span class='ocrx_word' id='word_1_240' title='bbox 1310 2068 1502 2124; x_wconf 86' lang='lat' dir='ltr'>auspiciis</span> 
     </span>
     <span class='ocr_line' id='line_1_31' title="bbox 160 2129 1501 2185; baseline 0.001 -16"><span class='ocrx_word' id='word_1_241' title='bbox 160 2129 292 2170; x_wconf 68' lang='lat' dir='ltr'>victus</span> <span class='ocrx_word' id='word_1_242' title='bbox 319 2137 544 2184; x_wconf 88' lang='lat' dir='ltr'>captusque</span> <span class='ocrx_word' id='word_1_243' title='bbox 570 2137 644 2170; x_wconf 89' lang='lat' dir='ltr'>est.</span> <span class='ocrx_word' id='word_1_244' title='bbox 681 2129 818 2182; x_wconf 87' lang='lat' dir='ltr'>itaque</span> <span class='ocrx_word' id='word_1_245' title='bbox 837 2130 938 2184; x_wconf 83' lang='lat' dir='ltr'>ipse,</span> <span class='ocrx_word' id='word_1_246' title='bbox 965 2130 1154 2179; x_wconf 81' lang='lat' dir='ltr'>coniunx,</span> <span class='ocrx_word' id='word_1_247' title='bbox 1180 2145 1365 2185; x_wconf 81' lang='lat' dir='ltr'>regnum,</span> <span class='ocrx_word' id='word_1_248' title='bbox 1392 2145 1501 2185; x_wconf 86' lang='lat' dir='ltr'>ager,</span> 
     </span>
     <span class='ocr_line' id='line_1_32' title="bbox 161 2191 1504 2247; baseline 0.001 -16"><span class='ocrx_word' id='word_1_249' title='bbox 161 2191 330 2246; x_wconf 86' lang='lat' dir='ltr'>oppida,</span> <span class='ocrx_word' id='word_1_250' title='bbox 367 2192 553 2233; x_wconf 89' lang='lat' dir='ltr'>homines</span> <span class='ocrx_word' id='word_1_251' title='bbox 580 2191 649 2244; x_wconf 90' lang='lat' dir='ltr'>qui</span> <span class='ocrx_word' id='word_1_252' title='bbox 678 2191 879 2241; x_wconf 88' lang='lat' dir='ltr'>incolunt,</span> <span class='ocrx_word' id='word_1_253' title='bbox 916 2192 1114 2245; x_wconf 85' lang='lat' dir='ltr'>quidquid</span> <span class='ocrx_word' id='word_1_254' title='bbox 1141 2192 1315 2246; x_wconf 88' lang='lat' dir='ltr'>denique</span> <span class='ocrx_word' id='word_1_255' title='bbox 1341 2191 1504 2247; x_wconf 84' lang='lat' dir='ltr'>Sypha-</span> 
     </span>
     <span class='ocr_line' id='line_1_33' title="bbox 161 2253 1503 2309; baseline 0.001 -16"><span class='ocrx_word' id='word_1_256' title='bbox 161 2253 219 2293; x_wconf 87' lang='lat' dir='ltr'>cis</span> <span class='ocrx_word' id='word_1_257' title='bbox 244 2253 322 2293; x_wconf 81' lang='lat' dir='ltr'>fuit</span> <span class='ocrx_word' id='word_1_258' title='bbox 345 2253 498 2308; x_wconf 86' lang='lat' dir='ltr'>praeda</span> <span class='ocrx_word' id='word_1_259' title='bbox 521 2253 662 2308; x_wconf 88' lang='lat' dir='ltr'>populi</span> <span class='ocrx_word' id='word_1_260' title='bbox 675 2253 854 2294; x_wconf 80' lang='lat' dir='ltr'>Romani</span> <span class='ocrx_word' id='word_1_261' title='bbox 878 2262 953 2302; x_wconf 88' lang='lat' dir='ltr'>est,</span> <span class='ocrx_word' id='word_1_262' title='bbox 979 2262 1020 2295; x_wconf 88' lang='lat' dir='ltr'>et</span> <span class='ocrx_word' id='word_1_263' title='bbox 1042 2269 1183 2309; x_wconf 81' lang='lat' dir='ltr'>regem</span> <span class='ocrx_word' id='word_1_264' title='bbox 1207 2255 1503 2309; x_wconf 84' lang='lat' dir='ltr'>coniugemque</span> 
     </span>
     <span class='ocr_line' id='line_1_34' title="bbox 162 2314 1503 2370; baseline 0.001 -15"><span class='ocrx_word' id='word_1_265' title='bbox 162 2315 267 2363; x_wconf 88' lang='lat' dir='ltr'>eius,</span> <span class='ocrx_word' id='word_1_266' title='bbox 294 2315 453 2356; x_wconf 89' lang='lat' dir='ltr'>etiamsi</span> <span class='ocrx_word' id='word_1_267' title='bbox 478 2330 560 2356; x_wconf 90' lang='lat' dir='ltr'>non</span> <span class='ocrx_word' id='word_1_268' title='bbox 585 2315 685 2356; x_wconf 89' lang='lat' dir='ltr'>civis</span> <span class='ocrx_word' id='word_1_269' title='bbox 708 2314 1062 2370; x_wconf 82' lang='lat' dir='ltr'>Carthaginiensis</span> <span class='ocrx_word' id='word_1_270' title='bbox 1089 2323 1211 2366; x_wconf 86' lang='lat' dir='ltr'>esset,</span> <span class='ocrx_word' id='word_1_271' title='bbox 1237 2317 1397 2357; x_wconf 85' lang='lat' dir='ltr'>etiamsi</span> <span class='ocrx_word' id='word_1_272' title='bbox 1420 2332 1503 2357; x_wconf 89' lang='lat' dir='ltr'>non</span> 
     </span>
     <span class='ocr_line' id='line_1_35' title="bbox 160 2377 1504 2433; baseline 0.001 -16"><span class='ocrx_word' id='word_1_273' title='bbox 160 2386 319 2433; x_wconf 86' lang='lat' dir='ltr'>patrem</span> <span class='ocrx_word' id='word_1_274' title='bbox 334 2377 420 2418; x_wconf 88' lang='lat' dir='ltr'>eius</span> <span class='ocrx_word' id='word_1_275' title='bbox 434 2377 722 2432; x_wconf 87' lang='lat' dir='ltr'>imperatorem</span> <span class='ocrx_word' id='word_1_276' title='bbox 736 2377 915 2418; x_wconf 90' lang='lat' dir='ltr'>hostium</span> <span class='ocrx_word' id='word_1_277' title='bbox 933 2377 1180 2427; x_wconf 80' lang='lat' dir='ltr'>videremus,</span> <span class='ocrx_word' id='word_1_278' title='bbox 1193 2379 1370 2420; x_wconf 84' lang='lat' dir='ltr'>Romam</span> <span class='ocrx_word' id='word_1_279' title='bbox 1384 2393 1504 2433; x_wconf 92' lang='lat' dir='ltr'>opor-</span> 
     </span>
     <span class='ocr_line' id='line_1_36' title="bbox 161 2439 1505 2494; baseline 0.001 -15"><span class='ocrx_word' id='word_1_280' title='bbox 161 2447 264 2480; x_wconf 86' lang='lat' dir='ltr'>teret</span> <span class='ocrx_word' id='word_1_281' title='bbox 293 2439 399 2479; x_wconf 78' lang='lat' dir='ltr'>mitti</span> <span class='ocrx_word' id='word_1_282' title='bbox 429 2454 476 2480; x_wconf 87' lang='lat' dir='ltr'>ac</span> <span class='ocrx_word' id='word_1_283' title='bbox 508 2447 673 2480; x_wconf 87' lang='lat' dir='ltr'>senatus</span> <span class='ocrx_word' id='word_1_284' title='bbox 703 2439 925 2494; x_wconf 88' lang='lat' dir='ltr'>populique</span> <span class='ocrx_word' id='word_1_285' title='bbox 949 2440 1127 2481; x_wconf 85' lang='lat' dir='ltr'>Romani</span> <span class='ocrx_word' id='word_1_286' title='bbox 1152 2441 1202 2481; x_wconf 87' lang='lat' dir='ltr'>de</span> <span class='ocrx_word' id='word_1_287' title='bbox 1233 2456 1282 2481; x_wconf 88' lang='lat' dir='ltr'>ea</span> <span class='ocrx_word' id='word_1_288' title='bbox 1310 2441 1505 2481; x_wconf 90' lang='lat' dir='ltr'>iudicium</span> 
     </span>
     <span class='ocr_line' id='line_1_37' title="bbox 163 2501 1504 2556; baseline 0.001 -13"><span class='ocrx_word' id='word_1_289' title='bbox 163 2510 283 2555; x_wconf 88' lang='lat' dir='ltr'>atque</span> <span class='ocrx_word' id='word_1_290' title='bbox 310 2501 521 2543; x_wconf 89' lang='lat' dir='ltr'>arbitrium</span> <span class='ocrx_word' id='word_1_291' title='bbox 544 2517 653 2551; x_wconf 90' lang='lat' dir='ltr'>esse,</span> <span class='ocrx_word' id='word_1_292' title='bbox 685 2516 789 2555; x_wconf 88' lang='lat' dir='ltr'>quae</span> <span class='ocrx_word' id='word_1_293' title='bbox 812 2517 953 2556; x_wconf 81' lang='lat' dir='ltr'>regem</span> <span class='ocrx_word' id='word_1_294' title='bbox 979 2502 1134 2543; x_wconf 87' lang='lat' dir='ltr'>socium</span> <span class='ocrx_word' id='word_1_295' title='bbox 1159 2502 1277 2544; x_wconf 91' lang='lat' dir='ltr'>nobis</span> <span class='ocrx_word' id='word_1_296' title='bbox 1303 2503 1504 2544; x_wconf 88' lang='lat' dir='ltr'>alienasse</span> 
     </span>
     <span class='ocr_line' id='line_1_38' title="bbox 163 2564 1502 2619; baseline 0 -14"><span class='ocrx_word' id='word_1_297' title='bbox 163 2572 283 2618; x_wconf 88' lang='lat' dir='ltr'>atque</span> <span class='ocrx_word' id='word_1_298' title='bbox 309 2564 350 2605; x_wconf 87' lang='lat' dir='ltr'>in</span> <span class='ocrx_word' id='word_1_299' title='bbox 369 2579 482 2605; x_wconf 88' lang='lat' dir='ltr'>arma</span> <span class='ocrx_word' id='word_1_300' title='bbox 500 2564 635 2619; x_wconf 81' lang='lat' dir='ltr'>egisse</span> <span class='ocrx_word' id='word_1_301' title='bbox 659 2564 925 2619; x_wconf 85' lang='lat' dir='ltr'>praecipitem</span> <span class='ocrx_word' id='word_1_302' title='bbox 944 2564 1112 2605; x_wconf 89' lang='lat' dir='ltr'>dicatur.</span> <span class='ocrx_word' id='word_1_303' title='bbox 1162 2564 1278 2606; x_wconf 89' lang='lat' dir='ltr'>vince</span> <span class='ocrx_word' id='word_1_304' title='bbox 1305 2565 1502 2615; x_wconf 80' lang='lat' dir='ltr'>animum3</span> 
     </span>
     <span class='ocr_line' id='line_1_39' title="bbox 162 2626 1504 2683; baseline 0.001 -16"><span class='ocrx_word' id='word_1_305' title='bbox 162 2641 262 2668; x_wconf 88' lang='lat' dir='ltr'>cave</span> <span class='ocrx_word' id='word_1_306' title='bbox 287 2626 492 2668; x_wconf 82' lang='lat' dir='ltr'>deformes</span> <span class='ocrx_word' id='word_1_307' title='bbox 517 2626 645 2667; x_wconf 89' lang='lat' dir='ltr'>multa</span> <span class='ocrx_word' id='word_1_308' title='bbox 669 2627 778 2667; x_wconf 90' lang='lat' dir='ltr'>bona</span> <span class='ocrx_word' id='word_1_309' title='bbox 801 2642 881 2667; x_wconf 88' lang='lat' dir='ltr'>uno</span> <span class='ocrx_word' id='word_1_310' title='bbox 903 2627 1001 2668; x_wconf 85' lang='lat' dir='ltr'>vitio</span> <span class='ocrx_word' id='word_1_311' title='bbox 1021 2634 1061 2668; x_wconf 88' lang='lat' dir='ltr'>et</span> <span class='ocrx_word' id='word_1_312' title='bbox 1080 2634 1139 2669; x_wconf 87' lang='lat' dir='ltr'>tot</span> <span class='ocrx_word' id='word_1_313' title='bbox 1156 2627 1393 2669; x_wconf 87' lang='lat' dir='ltr'>meritorum</span> <span class='ocrx_word' id='word_1_314' title='bbox 1411 2643 1504 2683; x_wconf 86' lang='lat' dir='ltr'>gra-</span> 
     </span>
    </p>
   </div>
   <div class='ocr_carea' id='block_1_6' title="bbox 162 2689 1419 2789">
    <p class='ocr_par' dir='ltr' id='par_1_6' title="bbox 162 2689 1419 2789">
     <span class='ocr_line' id='line_1_40' title="bbox 162 2689 1419 2746; baseline 0.002 -17"><span class='ocrx_word' id='word_1_315' title='bbox 162 2689 261 2730; x_wconf 86' lang='lat' dir='ltr'>tiam</span> <span class='ocrx_word' id='word_1_316' title='bbox 283 2689 437 2731; x_wconf 86' lang='lat' dir='ltr'>maiore</span> <span class='ocrx_word' id='word_1_317' title='bbox 463 2689 600 2744; x_wconf 87' lang='lat' dir='ltr'>culpa,</span> <span class='ocrx_word' id='word_1_318' title='bbox 627 2703 750 2742; x_wconf 89' lang='lat' dir='ltr'>quam</span> <span class='ocrx_word' id='word_1_319' title='bbox 775 2703 899 2730; x_wconf 87' lang='lat' dir='ltr'>causa</span> <span class='ocrx_word' id='word_1_320' title='bbox 923 2689 1120 2744; x_wconf 83' lang='lat' dir='ltr'>culpacst,</span> <span class='ocrx_word' id='word_1_321' title='bbox 1148 2690 1419 2746; x_wconf 88' lang='lat' dir='ltr'>conrumpas.&#39;</span> 
     </span>
     <span class='ocr_line' id='line_1_41' title="bbox 231 2755 1280 2789; baseline -0.012 -6"><span class='ocrx_word' id='word_1_322' title='bbox 231 2756 293 2783; x_wconf 76' lang='lat' dir='ltr'><em>Livi</em></span> <span class='ocrx_word' id='word_1_323' title='bbox 312 2756 364 2783; x_wconf 82' lang='lat' dir='ltr'>vol.</span> <span class='ocrx_word' id='word_1_324' title='bbox 380 2755 413 2782; x_wconf 88' lang='lat'>11.</span> <span class='ocrx_word' id='word_1_325' title='bbox 1237 2756 1280 2789; x_wconf 71' lang='lat'>32</span> 
     </span>
    </p>
   </div>
   <div class='ocr_carea' id='block_1_7' title="bbox 1530 2267 1570 2297">
    <p class='ocr_par' dir='ltr' id='par_1_7' title="bbox 1530 2267 1570 2297">
     <span class='ocr_line' id='line_1_42' title="bbox 1530 2267 1570 2297; baseline 0.025 -1"><span class='ocrx_word' id='word_1_326' title='bbox 1530 2267 1570 2297; x_wconf 93' lang='lat'>10</span> 
     </span>
    </p>
   </div>
   <div class='ocr_carea' id='block_1_8' title="bbox 1531 2578 1567 2607">
    <p class='ocr_par' dir='ltr' id='par_1_8' title="bbox 1531 2578 1567 2607">
     <span class='ocr_line' id='line_1_43' title="bbox 1531 2578 1567 2607; baseline 0 0"><span class='ocrx_word' id='word_1_327' title='bbox 1531 2578 1567 2607; x_wconf 92' lang='lat'>11</span> 
     </span>
    </p>
   </div>
  </div>
 </body>
</html>
