<?xml version="1.0" encoding="UTF-8"?>
<!DOCTYPE html PUBLIC "-//W3C//DTD XHTML 1.0 Transitional//EN"
    "http://www.w3.org/TR/xhtml1/DTD/xhtml1-transitional.dtd">
<html xmlns="http://www.w3.org/1999/xhtml" xml:lang="en" lang="en">
 <head>
  <title>
</title>
<meta http-equiv="Content-Type" content="text/html;charset=utf-8" />
  <meta name='ocr-system' content='tesseract 3.04.00' />
  <meta name='ocr-capabilities' content='ocr_page ocr_carea ocr_par ocr_line ocrx_word'/>
</head>
<body>
  <div class='ocr_page' id='page_1' title='image "./aburbeconditalib02livyuoft_0382.png"; bbox 0 0 1815 3184; ppageno 0'>
   <div class='ocr_carea' id='block_1_1' title="bbox 242 358 259 388">
    <p class='ocr_par' dir='ltr' id='par_1_1' title="bbox 242 358 259 388">
     <span class='ocr_line' id='line_1_1' title="bbox 242 358 259 388; baseline 0 0"><span class='ocrx_word' id='word_1_1' title='bbox 242 358 259 388; x_wconf 85' lang='lat'><strong>9</strong></span> 
     </span>
    </p>
   </div>
   <div class='ocr_carea' id='block_1_2' title="bbox 223 542 260 572">
    <p class='ocr_par' dir='ltr' id='par_1_2' title="bbox 223 542 260 572">
     <span class='ocr_line' id='line_1_2' title="bbox 223 542 260 572; baseline -0.054 0"><span class='ocrx_word' id='word_1_2' title='bbox 223 542 260 572; x_wconf 83' lang='lat'>10</span> 
     </span>
    </p>
   </div>
   <div class='ocr_carea' id='block_1_3' title="bbox 223 666 255 696">
    <p class='ocr_par' dir='ltr' id='par_1_3' title="bbox 223 666 255 696">
     <span class='ocr_line' id='line_1_3' title="bbox 223 666 255 696; baseline 0 0"><span class='ocrx_word' id='word_1_3' title='bbox 223 666 255 696; x_wconf 87' lang='grc'>11</span> 
     </span>
    </p>
   </div>
   <div class='ocr_carea' id='block_1_4' title="bbox 225 1281 262 1308">
    <p class='ocr_par' dir='ltr' id='par_1_4' title="bbox 225 1281 262 1308">
     <span class='ocr_line' id='line_1_4' title="bbox 225 1281 262 1308; baseline 0 0"><span class='ocrx_word' id='word_1_4' title='bbox 225 1281 262 1308; x_wconf 71' lang='lat'>14</span> 
     </span>
    </p>
   </div>
   <div class='ocr_carea' id='block_1_5' title="bbox 225 1588 264 1617">
    <p class='ocr_par' dir='ltr' id='par_1_5' title="bbox 225 1588 264 1617">
     <span class='ocr_line' id='line_1_5' title="bbox 225 1588 264 1617; baseline -0.026 0"><span class='ocrx_word' id='word_1_5' title='bbox 225 1588 264 1617; x_wconf 68' lang='lat'>15&gt;</span> 
     </span>
    </p>
   </div>
   <div class='ocr_carea' id='block_1_6' title="bbox 226 1896 263 1925">
    <p class='ocr_par' dir='ltr' id='par_1_6' title="bbox 226 1896 263 1925">
     <span class='ocr_line' id='line_1_6' title="bbox 226 1896 263 1925; baseline 0.054 -2"><span class='ocrx_word' id='word_1_6' title='bbox 226 1896 263 1925; x_wconf 65' lang='lat'>10·</span> 
     </span>
    </p>
   </div>
   <div class='ocr_carea' id='block_1_7' title="bbox 226 2081 263 2108">
    <p class='ocr_par' dir='ltr' id='par_1_7' title="bbox 226 2081 263 2108">
     <span class='ocr_line' id='line_1_7' title="bbox 226 2081 263 2108; baseline 0 0"><span class='ocrx_word' id='word_1_7' title='bbox 226 2081 263 2108; x_wconf 76' lang='grc'>17</span> 
     </span>
    </p>
   </div>
   <div class='ocr_carea' id='block_1_8' title="bbox 229 2327 265 2357">
    <p class='ocr_par' dir='ltr' id='par_1_8' title="bbox 229 2327 265 2357">
     <span class='ocr_line' id='line_1_8' title="bbox 229 2327 265 2357; baseline -0.028 0"><span class='ocrx_word' id='word_1_8' title='bbox 229 2327 265 2357; x_wconf 73' lang='grc'>18</span> 
     </span>
    </p>
   </div>
   <div class='ocr_carea' id='block_1_9' title="bbox 229 2450 266 2479">
    <p class='ocr_par' dir='ltr' id='par_1_9' title="bbox 229 2450 266 2479">
     <span class='ocr_line' id='line_1_9' title="bbox 229 2450 266 2479; baseline 0.027 -1"><span class='ocrx_word' id='word_1_9' title='bbox 229 2450 266 2479; x_wconf 76' lang='grc'>19</span> 
     </span>
    </p>
   </div>
   <div class='ocr_carea' id='block_1_10' title="bbox 254 2697 266 2724">
    <p class='ocr_par' dir='ltr' id='par_1_10' title="bbox 254 2697 266 2724">
     <span class='ocr_line' id='line_1_10' title="bbox 254 2697 266 2724; baseline 0 0"><span class='ocrx_word' id='word_1_10' title='bbox 254 2697 266 2724; x_wconf 92' lang='grc'>1</span> 
     </span>
    </p>
   </div>
   <div class='ocr_carea' id='block_1_11' title="bbox 287 233 1334 279">
    <p class='ocr_par' dir='ltr' id='par_1_11' title="bbox 287 233 1334 279">
     <span class='ocr_line' id='line_1_11' title="bbox 287 233 1334 279; baseline -0.006 -5"><span class='ocrx_word' id='word_1_11' title='bbox 287 233 369 274; x_wconf 77' lang='grc'>278</span> <span class='ocrx_word' id='word_1_12' title='bbox 592 237 742 274; x_wconf 88' lang='lat' dir='ltr'>LIBER</span> <span class='ocrx_word' id='word_1_13' title='bbox 767 235 916 279; x_wconf 87' lang='lat' dir='ltr'>XXVI,</span> <span class='ocrx_word' id='word_1_14' title='bbox 942 235 995 268; x_wconf 79' lang='lat'>12.</span> <span class='ocrx_word' id='word_1_15' title='bbox 1017 235 1070 268; x_wconf 86' lang='lat'>13.</span> <span class='ocrx_word' id='word_1_16' title='bbox 1099 237 1146 277; x_wconf 90' lang='lat' dir='ltr'>[a.</span> <span class='ocrx_word' id='word_1_17' title='bbox 1160 246 1195 268; x_wconf 90' lang='lat' dir='ltr'>u.</span> <span class='ocrx_word' id='word_1_18' title='bbox 1209 245 1238 268; x_wconf 93' lang='grc'>0.</span> <span class='ocrx_word' id='word_1_19' title='bbox 1252 234 1334 278; x_wconf 81' lang='lat'>543]</span> 
     </span>
    </p>
   </div>
   <div class='ocr_carea' id='block_1_12' title="bbox 284 337 1642 1075">
    <p class='ocr_par' dir='ltr' id='par_1_12' title="bbox 284 337 1642 1075">
     <span class='ocr_line' id='line_1_12' title="bbox 287 337 1636 394; baseline -0.002 -11"><span class='ocrx_word' id='word_1_20' title='bbox 287 344 370 383; x_wconf 79' lang='lat' dir='ltr'>vim</span> <span class='ocrx_word' id='word_1_21' title='bbox 394 356 441 382; x_wconf 87' lang='lat' dir='ltr'>ac</span> <span class='ocrx_word' id='word_1_22' title='bbox 465 342 528 381; x_wconf 90' lang='lat' dir='ltr'>ius</span> <span class='ocrx_word' id='word_1_23' title='bbox 555 339 814 394; x_wconf 88' lang='lat' dir='ltr'>magistratui</span> <span class='ocrx_word' id='word_1_24' title='bbox 838 353 960 392; x_wconf 89' lang='lat' dir='ltr'>quem</span> <span class='ocrx_word' id='word_1_25' title='bbox 986 337 1154 392; x_wconf 80' lang='lat' dir='ltr'>gerebat</span> <span class='ocrx_word' id='word_1_26' title='bbox 1179 337 1444 392; x_wconf 83' lang='lat' dir='ltr'>dempsisset3</span> <span class='ocrx_word' id='word_1_27' title='bbox 1480 339 1560 379; x_wconf 87' lang='lat' dir='ltr'>iam</span> <span class='ocrx_word' id='word_1_28' title='bbox 1585 354 1636 380; x_wconf 90' lang='lat' dir='ltr'>ne</span> 
     </span>
     <span class='ocr_line' id='line_1_13' title="bbox 284 399 1638 456; baseline -0.004 -12"><span class='ocrx_word' id='word_1_29' title='bbox 284 405 326 444; x_wconf 88' lang='lat' dir='ltr'>in</span> <span class='ocrx_word' id='word_1_30' title='bbox 350 403 441 443; x_wconf 88' lang='lat' dir='ltr'>foro</span> <span class='ocrx_word' id='word_1_31' title='bbox 466 402 629 456; x_wconf 89' lang='lat' dir='ltr'>quidem</span> <span class='ocrx_word' id='word_1_32' title='bbox 657 408 725 441; x_wconf 91' lang='lat' dir='ltr'>aut</span> <span class='ocrx_word' id='word_1_33' title='bbox 750 401 915 455; x_wconf 88' lang='lat' dir='ltr'>publico</span> <span class='ocrx_word' id='word_1_34' title='bbox 946 401 1037 441; x_wconf 91' lang='lat' dir='ltr'>loco</span> <span class='ocrx_word' id='word_1_35' title='bbox 1067 400 1298 454; x_wconf 83' lang='lat' dir='ltr'>principum</span> <span class='ocrx_word' id='word_1_36' title='bbox 1323 399 1542 452; x_wconf 88' lang='lat' dir='ltr'>quisquam</span> <span class='ocrx_word' id='word_1_37' title='bbox 1566 416 1638 454; x_wconf 89' lang='lat' dir='ltr'>ap-</span> 
     </span>
     <span class='ocr_line' id='line_1_14' title="bbox 284 461 1637 519; baseline -0.004 -13"><span class='ocrx_word' id='word_1_38' title='bbox 284 465 470 519; x_wconf 83' lang='lat' dir='ltr'>parebat,</span> <span class='ocrx_word' id='word_1_39' title='bbox 509 463 698 505; x_wconf 80' lang='lat' dir='ltr'>domibus</span> <span class='ocrx_word' id='word_1_40' title='bbox 724 463 871 504; x_wconf 88' lang='lat' dir='ltr'>inclusi</span> <span class='ocrx_word' id='word_1_41' title='bbox 895 463 1050 517; x_wconf 77' lang='lat' dir='ltr'>patriae</span> <span class='ocrx_word' id='word_1_42' title='bbox 1076 477 1269 503; x_wconf 91' lang='lat' dir='ltr'>occasum</span> <span class='ocrx_word' id='word_1_43' title='bbox 1295 476 1389 502; x_wconf 90' lang='lat' dir='ltr'>cum</span> <span class='ocrx_word' id='word_1_44' title='bbox 1415 476 1489 502; x_wconf 90' lang='lat' dir='ltr'>suo</span> <span class='ocrx_word' id='word_1_45' title='bbox 1515 461 1637 502; x_wconf 78' lang='lat' dir='ltr'>exitio</span> 
     </span>
     <span class='ocr_line' id='line_1_15' title="bbox 284 523 1638 581; baseline -0.002 -15"><span class='ocrx_word' id='word_1_46' title='bbox 284 528 325 566; x_wconf 89' lang='lat' dir='ltr'>in</span> <span class='ocrx_word' id='word_1_47' title='bbox 362 527 448 567; x_wconf 89' lang='lat' dir='ltr'>dies</span> <span class='ocrx_word' id='word_1_48' title='bbox 486 525 758 581; x_wconf 78' lang='lat' dir='ltr'>expectabant</span> <span class='ocrx_word' id='word_1_49' title='bbox 771 541 782 573; x_wconf 83' lang='lat'>3</span> <span class='ocrx_word' id='word_1_50' title='bbox 832 539 993 565; x_wconf 88' lang='lat' dir='ltr'>summa</span> <span class='ocrx_word' id='word_1_51' title='bbox 1031 539 1150 565; x_wconf 87' lang='lat' dir='ltr'>curae</span> <span class='ocrx_word' id='word_1_52' title='bbox 1187 524 1318 564; x_wconf 91' lang='lat' dir='ltr'>omnis</span> <span class='ocrx_word' id='word_1_53' title='bbox 1354 524 1397 564; x_wconf 90' lang='lat' dir='ltr'>in</span> <span class='ocrx_word' id='word_1_54' title='bbox 1421 523 1638 564; x_wconf 80' lang='lat' dir='ltr'>Bostarem</span> 
     </span>
     <span class='ocr_line' id='line_1_16' title="bbox 285 586 1638 642; baseline -0.003 -13"><span class='ocrx_word' id='word_1_55' title='bbox 285 588 634 642; x_wconf 89' lang='lat' dir='ltr'>Hannonemque,</span> <span class='ocrx_word' id='word_1_56' title='bbox 683 586 912 641; x_wconf 77' lang='lat' dir='ltr'>praefectos</span> <span class='ocrx_word' id='word_1_57' title='bbox 949 586 1142 640; x_wconf 89' lang='lat' dir='ltr'>praesidii</span> <span class='ocrx_word' id='word_1_58' title='bbox 1176 586 1348 635; x_wconf 89' lang='lat' dir='ltr'>Punici,</span> <span class='ocrx_word' id='word_1_59' title='bbox 1385 600 1506 626; x_wconf 85' lang='lat' dir='ltr'>versa</span> <span class='ocrx_word' id='word_1_60' title='bbox 1541 594 1638 633; x_wconf 87' lang='lat' dir='ltr'>erat,</span> 
     </span>
     <span class='ocr_line' id='line_1_17' title="bbox 287 643 1640 703; baseline -0.002 -13"><span class='ocrx_word' id='word_1_61' title='bbox 287 665 378 698; x_wconf 92' lang='lat' dir='ltr'>suo,</span> <span class='ocrx_word' id='word_1_62' title='bbox 415 665 497 690; x_wconf 91' lang='lat' dir='ltr'>non</span> <span class='ocrx_word' id='word_1_63' title='bbox 534 643 737 690; x_wconf 89' lang='lat' dir='ltr'>sociorum</span> <span class='ocrx_word' id='word_1_64' title='bbox 773 648 955 703; x_wconf 89' lang='lat' dir='ltr'>periculo</span> <span class='ocrx_word' id='word_1_65' title='bbox 987 648 1195 689; x_wconf 89' lang='lat' dir='ltr'>sollicitos.</span> <span class='ocrx_word' id='word_1_66' title='bbox 1254 648 1283 687; x_wconf 91' lang='lat' dir='ltr'>ii</span> <span class='ocrx_word' id='word_1_67' title='bbox 1314 646 1555 701; x_wconf 77' lang='lat' dir='ltr'>conscriptis</span> <span class='ocrx_word' id='word_1_68' title='bbox 1588 647 1640 687; x_wconf 87' lang='lat' dir='ltr'>ad</span> 
     </span>
     <span class='ocr_line' id='line_1_18' title="bbox 284 710 1638 762; baseline -0.002 -10"><span class='ocrx_word' id='word_1_69' title='bbox 284 711 564 752; x_wconf 88' lang='lat' dir='ltr'>Hannibalem</span> <span class='ocrx_word' id='word_1_70' title='bbox 594 711 736 752; x_wconf 87' lang='lat' dir='ltr'>litteris</span> <span class='ocrx_word' id='word_1_71' title='bbox 767 726 849 751; x_wconf 88' lang='lat' dir='ltr'>non</span> <span class='ocrx_word' id='word_1_72' title='bbox 879 710 1005 750; x_wconf 90' lang='lat' dir='ltr'>libere</span> <span class='ocrx_word' id='word_1_73' title='bbox 1036 710 1176 757; x_wconf 87' lang='lat' dir='ltr'>modo,</span> <span class='ocrx_word' id='word_1_74' title='bbox 1221 710 1293 750; x_wconf 91' lang='lat' dir='ltr'>sed</span> <span class='ocrx_word' id='word_1_75' title='bbox 1324 710 1447 749; x_wconf 91' lang='lat' dir='ltr'>etiam</span> <span class='ocrx_word' id='word_1_76' title='bbox 1483 722 1638 762; x_wconf 77' lang='lat' dir='ltr'>aspere,</span> 
     </span>
     <span class='ocr_line' id='line_1_19' title="bbox 286 770 1639 828; baseline -0.003 -14"><span class='ocrx_word' id='word_1_77' title='bbox 286 773 434 826; x_wconf 86' lang='lat' dir='ltr'>quibus</span> <span class='ocrx_word' id='word_1_78' title='bbox 459 788 540 814; x_wconf 91' lang='lat' dir='ltr'>non</span> <span class='ocrx_word' id='word_1_79' title='bbox 568 773 755 828; x_wconf 84' lang='lat' dir='ltr'>Capuam</span> <span class='ocrx_word' id='word_1_80' title='bbox 789 772 918 813; x_wconf 90' lang='lat' dir='ltr'>solam</span> <span class='ocrx_word' id='word_1_81' title='bbox 949 772 1138 812; x_wconf 82' lang='lat' dir='ltr'>traditam</span> <span class='ocrx_word' id='word_1_82' title='bbox 1168 772 1210 811; x_wconf 88' lang='lat' dir='ltr'>in</span> <span class='ocrx_word' id='word_1_83' title='bbox 1241 787 1409 812; x_wconf 91' lang='lat' dir='ltr'>manum</span> <span class='ocrx_word' id='word_1_84' title='bbox 1438 770 1639 819; x_wconf 77' lang='lat' dir='ltr'>hostibus,</span> 
     </span>
     <span class='ocr_line' id='line_1_20' title="bbox 287 832 1639 889; baseline -0.003 -13"><span class='ocrx_word' id='word_1_85' title='bbox 287 836 359 876; x_wconf 89' lang='lat' dir='ltr'>sed</span> <span class='ocrx_word' id='word_1_86' title='bbox 385 850 428 876; x_wconf 89' lang='lat' dir='ltr'>se</span> <span class='ocrx_word' id='word_1_87' title='bbox 453 850 615 888; x_wconf 88' lang='lat' dir='ltr'>quoque</span> <span class='ocrx_word' id='word_1_88' title='bbox 642 841 680 875; x_wconf 88' lang='lat' dir='ltr'>et</span> <span class='ocrx_word' id='word_1_89' title='bbox 711 834 961 889; x_wconf 82' lang='lat' dir='ltr'>praesidium</span> <span class='ocrx_word' id='word_1_90' title='bbox 992 834 1034 873; x_wconf 89' lang='lat' dir='ltr'>in</span> <span class='ocrx_word' id='word_1_91' title='bbox 1065 833 1197 874; x_wconf 88' lang='lat' dir='ltr'>omnis</span> <span class='ocrx_word' id='word_1_92' title='bbox 1224 833 1427 874; x_wconf 86' lang='lat' dir='ltr'>cruciatus</span> <span class='ocrx_word' id='word_1_93' title='bbox 1457 832 1639 887; x_wconf 87' lang='lat' dir='ltr'>proditos</span> 
     </span>
     <span class='ocr_line' id='line_1_21' title="bbox 286 894 1641 942; baseline -0.002 -5"><span class='ocrx_word' id='word_1_94' title='bbox 286 897 546 938; x_wconf 83' lang='lat' dir='ltr'>incusabant:</span> <span class='ocrx_word' id='word_1_95' title='bbox 579 896 716 938; x_wconf 88' lang='lat' dir='ltr'>abisse</span> <span class='ocrx_word' id='word_1_96' title='bbox 742 911 836 937; x_wconf 90' lang='lat' dir='ltr'>eum</span> <span class='ocrx_word' id='word_1_97' title='bbox 860 896 902 936; x_wconf 87' lang='lat' dir='ltr'>in</span> <span class='ocrx_word' id='word_1_98' title='bbox 915 895 1099 935; x_wconf 87' lang='lat' dir='ltr'>Bruttios</span> <span class='ocrx_word' id='word_1_99' title='bbox 1125 894 1237 935; x_wconf 75' lang='lat' dir='ltr'>velut</span> <span class='ocrx_word' id='word_1_100' title='bbox 1261 901 1512 935; x_wconf 75' lang='lat' dir='ltr'>avertentem</span> <span class='ocrx_word' id='word_1_101' title='bbox 1538 908 1641 942; x_wconf 87' lang='lat' dir='ltr'>sese,</span> 
     </span>
     <span class='ocr_line' id='line_1_22' title="bbox 286 956 1641 1015; baseline -0.003 -16"><span class='ocrx_word' id='word_1_102' title='bbox 286 974 337 999; x_wconf 92' lang='grc'>110</span> <span class='ocrx_word' id='word_1_103' title='bbox 370 959 516 1015; x_wconf 87' lang='lat' dir='ltr'>Capua</span> <span class='ocrx_word' id='word_1_104' title='bbox 546 959 587 998; x_wconf 94' lang='lat' dir='ltr'>in</span> <span class='ocrx_word' id='word_1_105' title='bbox 619 959 747 999; x_wconf 87' lang='lat' dir='ltr'>oculis</span> <span class='ocrx_word' id='word_1_106' title='bbox 780 958 866 998; x_wconf 87' lang='lat' dir='ltr'>eius</span> <span class='ocrx_word' id='word_1_107' title='bbox 898 963 1128 1011; x_wconf 84' lang='lat' dir='ltr'>caperetur3</span> <span class='ocrx_word' id='word_1_108' title='bbox 1166 963 1206 997; x_wconf 88' lang='lat' dir='ltr'>at</span> <span class='ocrx_word' id='word_1_109' title='bbox 1236 956 1401 997; x_wconf 85' lang='lat' dir='ltr'>hercule</span> <span class='ocrx_word' id='word_1_110' title='bbox 1430 956 1641 996; x_wconf 82' lang='lat' dir='ltr'>Romanos</span> 
     </span>
     <span class='ocr_line' id='line_1_23' title="bbox 287 1016 1642 1075; baseline -0.003 -14"><span class='ocrx_word' id='word_1_111' title='bbox 287 1036 337 1060; x_wconf 89' lang='lat' dir='ltr'>ne</span> <span class='ocrx_word' id='word_1_112' title='bbox 375 1021 680 1075; x_wconf 77' lang='lat' dir='ltr'>oppugnatione</span> <span class='ocrx_word' id='word_1_113' title='bbox 717 1020 883 1073; x_wconf 88' lang='lat' dir='ltr'>quidem</span> <span class='ocrx_word' id='word_1_114' title='bbox 914 1019 1027 1059; x_wconf 87' lang='lat' dir='ltr'>urbis</span> <span class='ocrx_word' id='word_1_115' title='bbox 1054 1018 1267 1059; x_wconf 82' lang='lat' dir='ltr'>Romanae</span> <span class='ocrx_word' id='word_1_116' title='bbox 1298 1017 1480 1059; x_wconf 87' lang='lat' dir='ltr'>abstrahi</span> <span class='ocrx_word' id='word_1_117' title='bbox 1511 1033 1535 1058; x_wconf 89' lang='lat' dir='ltr'>a</span> <span class='ocrx_word' id='word_1_118' title='bbox 1561 1016 1642 1058; x_wconf 88' lang='lat' dir='ltr'>Ca-</span> 
     </span>
    </p>
   </div>
   <div class='ocr_carea' id='block_1_13' title="bbox 244 1079 1640 1136">
    <p class='ocr_par' dir='ltr' id='par_1_13' title="bbox 244 1079 1640 1136">
     <span class='ocr_line' id='line_1_24' title="bbox 244 1079 1640 1136; baseline -0.003 -14"><span class='ocrx_word' id='word_1_119' title='bbox 244 1096 261 1124; x_wconf 76' lang='grc'>3</span> <span class='ocrx_word' id='word_1_120' title='bbox 288 1097 369 1135; x_wconf 88' lang='lat' dir='ltr'>pua</span> <span class='ocrx_word' id='word_1_121' title='bbox 406 1082 632 1123; x_wconf 87' lang='lat' dir='ltr'>obsidenda</span> <span class='ocrx_word' id='word_1_122' title='bbox 667 1082 874 1136; x_wconf 90' lang='lat' dir='ltr'>potuisse,</span> <span class='ocrx_word' id='word_1_123' title='bbox 923 1087 1035 1121; x_wconf 89' lang='lat' dir='ltr'>tanto</span> <span class='ocrx_word' id='word_1_124' title='bbox 1073 1080 1389 1121; x_wconf 85' lang='lat' dir='ltr'>constantiorem</span> <span class='ocrx_word' id='word_1_125' title='bbox 1430 1079 1640 1119; x_wconf 90' lang='lat' dir='ltr'>inimicum</span> 
     </span>
    </p>
   </div>
   <div class='ocr_carea' id='block_1_14' title="bbox 287 1139 1650 2737">
    <p class='ocr_par' dir='ltr' id='par_1_14' title="bbox 287 1139 1650 2677">
     <span class='ocr_line' id='line_1_25' title="bbox 287 1139 1644 1196; baseline -0.002 -13"><span class='ocrx_word' id='word_1_126' title='bbox 287 1144 521 1184; x_wconf 85' lang='lat' dir='ltr'>Romanum</span> <span class='ocrx_word' id='word_1_127' title='bbox 557 1158 681 1196; x_wconf 87' lang='lat' dir='ltr'>quam</span> <span class='ocrx_word' id='word_1_128' title='bbox 723 1143 900 1184; x_wconf 88' lang='lat' dir='ltr'>amicum</span> <span class='ocrx_word' id='word_1_129' title='bbox 925 1141 1114 1183; x_wconf 91' lang='lat' dir='ltr'>Poenum</span> <span class='ocrx_word' id='word_1_130' title='bbox 1151 1156 1254 1182; x_wconf 86' lang='lat' dir='ltr'>esse.</span> <span class='ocrx_word' id='word_1_131' title='bbox 1322 1141 1356 1181; x_wconf 87' lang='lat' dir='ltr'>si</span> <span class='ocrx_word' id='word_1_132' title='bbox 1395 1140 1536 1180; x_wconf 87' lang='lat' dir='ltr'>redeat</span> <span class='ocrx_word' id='word_1_133' title='bbox 1562 1139 1644 1180; x_wconf 86' lang='lat' dir='ltr'>Ca-</span> 
     </span>
     <span class='ocr_line' id='line_1_26' title="bbox 287 1201 1640 1258; baseline -0.001 -14"><span class='ocrx_word' id='word_1_134' title='bbox 287 1219 412 1258; x_wconf 89' lang='lat' dir='ltr'>puam</span> <span class='ocrx_word' id='word_1_135' title='bbox 450 1205 683 1257; x_wconf 78' lang='lat' dir='ltr'>bellumque</span> <span class='ocrx_word' id='word_1_136' title='bbox 719 1219 840 1245; x_wconf 92' lang='lat' dir='ltr'>omne</span> <span class='ocrx_word' id='word_1_137' title='bbox 877 1219 924 1243; x_wconf 92' lang='lat' dir='ltr'>co</span> <span class='ocrx_word' id='word_1_138' title='bbox 961 1209 1114 1252; x_wconf 72' lang='lat' dir='ltr'>vertat,</span> <span class='ocrx_word' id='word_1_139' title='bbox 1169 1209 1208 1243; x_wconf 88' lang='lat' dir='ltr'>et</span> <span class='ocrx_word' id='word_1_140' title='bbox 1246 1217 1289 1243; x_wconf 92' lang='lat' dir='ltr'>se</span> <span class='ocrx_word' id='word_1_141' title='bbox 1326 1209 1365 1242; x_wconf 86' lang='lat' dir='ltr'>et</span> <span class='ocrx_word' id='word_1_142' title='bbox 1403 1201 1640 1255; x_wconf 78' lang='lat' dir='ltr'>Campanos</span> 
     </span>
     <span class='ocr_line' id='line_1_27' title="bbox 288 1263 1643 1320; baseline -0.003 -14"><span class='ocrx_word' id='word_1_143' title='bbox 288 1272 451 1319; x_wconf 89' lang='lat' dir='ltr'>paratos</span> <span class='ocrx_word' id='word_1_144' title='bbox 489 1266 690 1320; x_wconf 88' lang='lat' dir='ltr'>eruptioni</span> <span class='ocrx_word' id='word_1_145' title='bbox 725 1265 825 1306; x_wconf 89' lang='lat' dir='ltr'>fore.</span> <span class='ocrx_word' id='word_1_146' title='bbox 886 1280 968 1305; x_wconf 88' lang='lat' dir='ltr'>non</span> <span class='ocrx_word' id='word_1_147' title='bbox 1004 1279 1096 1304; x_wconf 91' lang='lat' dir='ltr'>cum</span> <span class='ocrx_word' id='word_1_148' title='bbox 1122 1263 1294 1318; x_wconf 82' lang='lat' dir='ltr'>Reginis</span> <span class='ocrx_word' id='word_1_149' title='bbox 1330 1277 1462 1316; x_wconf 89' lang='lat' dir='ltr'>neque</span> <span class='ocrx_word' id='word_1_150' title='bbox 1488 1263 1643 1303; x_wconf 86' lang='lat' dir='ltr'>Taren-</span> 
     </span>
     <span class='ocr_line' id='line_1_28' title="bbox 289 1324 1642 1382; baseline -0.003 -15"><span class='ocrx_word' id='word_1_151' title='bbox 289 1328 382 1368; x_wconf 87' lang='lat' dir='ltr'>tinis</span> <span class='ocrx_word' id='word_1_152' title='bbox 430 1327 583 1368; x_wconf 91' lang='lat' dir='ltr'>bellum</span> <span class='ocrx_word' id='word_1_153' title='bbox 631 1334 819 1382; x_wconf 88' lang='lat' dir='ltr'>gesturos</span> <span class='ocrx_word' id='word_1_154' title='bbox 869 1326 1065 1366; x_wconf 86' lang='lat' dir='ltr'>transisse</span> <span class='ocrx_word' id='word_1_155' title='bbox 1112 1325 1253 1378; x_wconf 84' lang='lat' dir='ltr'>Alpis3</span> <span class='ocrx_word' id='word_1_156' title='bbox 1313 1324 1385 1365; x_wconf 90' lang='lat' dir='ltr'>ubi</span> <span class='ocrx_word' id='word_1_157' title='bbox 1431 1324 1642 1364; x_wconf 82' lang='lat' dir='ltr'>Romanae</span> 
     </span>
     <span class='ocr_line' id='line_1_29' title="bbox 288 1386 1643 1443; baseline -0.002 -14"><span class='ocrx_word' id='word_1_158' title='bbox 288 1389 470 1443; x_wconf 82' lang='lat' dir='ltr'>legiones</span> <span class='ocrx_word' id='word_1_159' title='bbox 508 1390 604 1438; x_wconf 87' lang='lat' dir='ltr'>sint,</span> <span class='ocrx_word' id='word_1_160' title='bbox 647 1389 704 1429; x_wconf 92' lang='lat' dir='ltr'>ibi</span> <span class='ocrx_word' id='word_1_161' title='bbox 741 1395 780 1428; x_wconf 88' lang='grc'>01</span> <span class='ocrx_word' id='word_1_162' title='bbox 817 1387 1222 1441; x_wconf 85' lang='lat' dir='ltr'>Carthaginiensium</span> <span class='ocrx_word' id='word_1_163' title='bbox 1258 1386 1458 1427; x_wconf 77' lang='lat' dir='ltr'>exercitus</span> <span class='ocrx_word' id='word_1_164' title='bbox 1495 1386 1643 1426; x_wconf 85' lang='lat' dir='ltr'>debere</span> 
     </span>
     <span class='ocr_line' id='line_1_30' title="bbox 290 1448 1644 1498; baseline -0.001 -8"><span class='ocrx_word' id='word_1_165' title='bbox 290 1465 393 1493; x_wconf 85' lang='grc'><strong>0550.</strong></span> <span class='ocrx_word' id='word_1_166' title='bbox 455 1451 514 1492; x_wconf 88' lang='lat' dir='ltr'>sic</span> <span class='ocrx_word' id='word_1_167' title='bbox 551 1452 603 1491; x_wconf 87' lang='lat' dir='ltr'>ad</span> <span class='ocrx_word' id='word_1_168' title='bbox 641 1450 826 1498; x_wconf 88' lang='lat' dir='ltr'>Cannas,</span> <span class='ocrx_word' id='word_1_169' title='bbox 867 1449 923 1489; x_wconf 90' lang='grc'>510</span> <span class='ocrx_word' id='word_1_170' title='bbox 961 1450 1012 1489; x_wconf 90' lang='lat' dir='ltr'>ad</span> <span class='ocrx_word' id='word_1_171' title='bbox 1050 1449 1383 1489; x_wconf 88' lang='lat' dir='ltr'>Trasumennum</span> <span class='ocrx_word' id='word_1_172' title='bbox 1417 1462 1505 1488; x_wconf 88' lang='lat' dir='ltr'>rem</span> <span class='ocrx_word' id='word_1_173' title='bbox 1540 1448 1644 1488; x_wconf 89' lang='lat' dir='ltr'>bene</span> 
     </span>
     <span class='ocr_line' id='line_1_31' title="bbox 290 1510 1646 1567; baseline -0.001 -15"><span class='ocrx_word' id='word_1_174' title='bbox 290 1520 467 1567; x_wconf 88' lang='lat' dir='ltr'>gestam,</span> <span class='ocrx_word' id='word_1_175' title='bbox 507 1513 691 1553; x_wconf 86' lang='lat' dir='ltr'>coeundo</span> <span class='ocrx_word' id='word_1_176' title='bbox 728 1511 1061 1563; x_wconf 86' lang='lat' dir='ltr'>conferundoque</span> <span class='ocrx_word' id='word_1_177' title='bbox 1099 1525 1192 1550; x_wconf 90' lang='lat' dir='ltr'>cum</span> <span class='ocrx_word' id='word_1_178' title='bbox 1227 1510 1346 1550; x_wconf 82' lang='lat' dir='ltr'>hoste</span> <span class='ocrx_word' id='word_1_179' title='bbox 1377 1516 1526 1559; x_wconf 89' lang='lat' dir='ltr'>castra,</span> <span class='ocrx_word' id='word_1_180' title='bbox 1563 1510 1646 1550; x_wconf 88' lang='lat' dir='ltr'>for-</span> 
     </span>
     <span class='ocr_line' id='line_1_32' title="bbox 290 1571 1645 1627; baseline -0.001 -14"><span class='ocrx_word' id='word_1_181' title='bbox 290 1583 430 1614; x_wconf 86' lang='lat' dir='ltr'>tunam</span> <span class='ocrx_word' id='word_1_182' title='bbox 455 1573 704 1627; x_wconf 86' lang='lat' dir='ltr'>temptando.</span> <span class='ocrx_word' id='word_1_183' title='bbox 753 1574 795 1614; x_wconf 92' lang='lat' dir='ltr'>in</span> <span class='ocrx_word' id='word_1_184' title='bbox 819 1573 925 1612; x_wconf 89' lang='lat' dir='ltr'>hanc</span> <span class='ocrx_word' id='word_1_185' title='bbox 945 1571 1189 1613; x_wconf 79' lang='lat' dir='ltr'>sententiam</span> <span class='ocrx_word' id='word_1_186' title='bbox 1208 1571 1365 1612; x_wconf 84' lang='lat' dir='ltr'>litterae</span> <span class='ocrx_word' id='word_1_187' title='bbox 1391 1571 1645 1626; x_wconf 87' lang='lat' dir='ltr'>conscriptae</span> 
     </span>
     <span class='ocr_line' id='line_1_33' title="bbox 288 1633 1644 1691; baseline -0.001 -16"><span class='ocrx_word' id='word_1_188' title='bbox 288 1636 477 1676; x_wconf 73' lang='lat' dir='ltr'>Numidis</span> <span class='ocrx_word' id='word_1_189' title='bbox 504 1636 713 1691; x_wconf 86' lang='lat' dir='ltr'>proposita</span> <span class='ocrx_word' id='word_1_190' title='bbox 738 1635 926 1675; x_wconf 87' lang='lat' dir='ltr'>mercede</span> <span class='ocrx_word' id='word_1_191' title='bbox 956 1635 1037 1674; x_wconf 90' lang='lat' dir='ltr'>iam</span> <span class='ocrx_word' id='word_1_192' title='bbox 1063 1634 1261 1688; x_wconf 86' lang='lat' dir='ltr'>professis</span> <span class='ocrx_word' id='word_1_193' title='bbox 1294 1649 1459 1688; x_wconf 85' lang='lat' dir='ltr'>operam</span> <span class='ocrx_word' id='word_1_194' title='bbox 1485 1633 1644 1674; x_wconf 92' lang='lat' dir='ltr'>dantur.</span> 
     </span>
     <span class='ocr_line' id='line_1_34' title="bbox 288 1695 1644 1751; baseline -0.001 -15"><span class='ocrx_word' id='word_1_195' title='bbox 288 1696 315 1736; x_wconf 87' lang='lat' dir='ltr'>ii</span> <span class='ocrx_word' id='word_1_196' title='bbox 335 1697 470 1750; x_wconf 88' lang='lat' dir='ltr'>specie</span> <span class='ocrx_word' id='word_1_197' title='bbox 490 1697 795 1751; x_wconf 84' lang='lat' dir='ltr'>transfugarum</span> <span class='ocrx_word' id='word_1_198' title='bbox 817 1711 908 1737; x_wconf 92' lang='lat' dir='ltr'>cum</span> <span class='ocrx_word' id='word_1_199' title='bbox 930 1696 981 1736; x_wconf 90' lang='lat' dir='ltr'>ad</span> <span class='ocrx_word' id='word_1_200' title='bbox 993 1696 1190 1736; x_wconf 86' lang='lat' dir='ltr'>Flaccum</span> <span class='ocrx_word' id='word_1_201' title='bbox 1209 1695 1252 1736; x_wconf 91' lang='lat' dir='ltr'>in</span> <span class='ocrx_word' id='word_1_202' title='bbox 1271 1702 1405 1736; x_wconf 88' lang='lat' dir='ltr'>castra</span> <span class='ocrx_word' id='word_1_203' title='bbox 1423 1695 1644 1743; x_wconf 77' lang='lat' dir='ltr'>venissent,</span> 
     </span>
     <span class='ocr_line' id='line_1_35' title="bbox 289 1757 1647 1812; baseline -0.001 -14"><span class='ocrx_word' id='word_1_204' title='bbox 289 1769 334 1798; x_wconf 88' lang='lat' dir='ltr'>ut</span> <span class='ocrx_word' id='word_1_205' title='bbox 358 1759 452 1798; x_wconf 88' lang='lat' dir='ltr'>inde</span> <span class='ocrx_word' id='word_1_206' title='bbox 484 1766 666 1812; x_wconf 89' lang='lat' dir='ltr'>tempore</span> <span class='ocrx_word' id='word_1_207' title='bbox 697 1765 816 1812; x_wconf 88' lang='lat' dir='ltr'>capto</span> <span class='ocrx_word' id='word_1_208' title='bbox 848 1757 1024 1806; x_wconf 88' lang='lat' dir='ltr'>abirent,</span> <span class='ocrx_word' id='word_1_209' title='bbox 1062 1757 1295 1810; x_wconf 86' lang='lat' dir='ltr'>famesque,</span> <span class='ocrx_word' id='word_1_210' title='bbox 1332 1771 1438 1810; x_wconf 88' lang='lat' dir='ltr'>quae</span> <span class='ocrx_word' id='word_1_211' title='bbox 1468 1764 1550 1797; x_wconf 90' lang='lat' dir='ltr'>tam</span> <span class='ocrx_word' id='word_1_212' title='bbox 1576 1757 1647 1796; x_wconf 82' lang='lat' dir='ltr'>diu</span> 
     </span>
     <span class='ocr_line' id='line_1_36' title="bbox 291 1818 1645 1874; baseline -0.001 -14"><span class='ocrx_word' id='word_1_213' title='bbox 291 1820 461 1874; x_wconf 80' lang='lat' dir='ltr'>Capuae</span> <span class='ocrx_word' id='word_1_214' title='bbox 499 1831 601 1869; x_wconf 85' lang='lat' dir='ltr'>crat,</span> <span class='ocrx_word' id='word_1_215' title='bbox 645 1820 746 1860; x_wconf 88' lang='lat' dir='ltr'>nulli</span> <span class='ocrx_word' id='word_1_216' title='bbox 782 1834 863 1860; x_wconf 90' lang='lat' dir='ltr'>non</span> <span class='ocrx_word' id='word_1_217' title='bbox 899 1819 1154 1873; x_wconf 87' lang='lat' dir='ltr'>probabilem</span> <span class='ocrx_word' id='word_1_218' title='bbox 1192 1834 1360 1859; x_wconf 90' lang='lat' dir='ltr'>causam</span> <span class='ocrx_word' id='word_1_219' title='bbox 1396 1818 1645 1859; x_wconf 81' lang='lat' dir='ltr'>transitionis</span> 
     </span>
     <span class='ocr_line' id='line_1_37' title="bbox 290 1880 1646 1935; baseline -0.002 -13"><span class='ocrx_word' id='word_1_220' title='bbox 290 1882 459 1931; x_wconf 82' lang='lat' dir='ltr'>faceret,</span> <span class='ocrx_word' id='word_1_221' title='bbox 487 1882 632 1922; x_wconf 91' lang='lat' dir='ltr'>mulier</span> <span class='ocrx_word' id='word_1_222' title='bbox 656 1888 823 1935; x_wconf 88' lang='lat' dir='ltr'>repente</span> <span class='ocrx_word' id='word_1_223' title='bbox 845 1881 1061 1935; x_wconf 87' lang='lat' dir='ltr'>Campana</span> <span class='ocrx_word' id='word_1_224' title='bbox 1085 1881 1127 1922; x_wconf 91' lang='lat' dir='ltr'>in</span> <span class='ocrx_word' id='word_1_225' title='bbox 1153 1887 1287 1921; x_wconf 90' lang='lat' dir='ltr'>castra</span> <span class='ocrx_word' id='word_1_226' title='bbox 1310 1880 1440 1929; x_wconf 84' lang='lat' dir='ltr'>venit,</span> <span class='ocrx_word' id='word_1_227' title='bbox 1467 1886 1646 1920; x_wconf 89' lang='lat' dir='ltr'>scortum</span> 
     </span>
     <span class='ocr_line' id='line_1_38' title="bbox 289 1941 1647 1997; baseline -0.002 -14"><span class='ocrx_word' id='word_1_228' title='bbox 289 1943 596 1997; x_wconf 85' lang='lat' dir='ltr'>transfugarum</span> <span class='ocrx_word' id='word_1_229' title='bbox 622 1943 762 1992; x_wconf 88' lang='lat' dir='ltr'>unius,</span> <span class='ocrx_word' id='word_1_230' title='bbox 799 1943 1033 1995; x_wconf 83' lang='lat' dir='ltr'>indicatque</span> <span class='ocrx_word' id='word_1_231' title='bbox 1059 1942 1294 1996; x_wconf 91' lang='lat' dir='ltr'>imperatori</span> <span class='ocrx_word' id='word_1_232' title='bbox 1318 1941 1525 1989; x_wconf 84' lang='lat' dir='ltr'>Romano,</span> <span class='ocrx_word' id='word_1_233' title='bbox 1561 1941 1647 1980; x_wconf 79' lang='lat' dir='ltr'>Nu-</span> 
     </span>
     <span class='ocr_line' id='line_1_39' title="bbox 290 2002 1647 2058; baseline -0.003 -13"><span class='ocrx_word' id='word_1_234' title='bbox 290 2005 421 2045; x_wconf 86' lang='lat' dir='ltr'>midas</span> <span class='ocrx_word' id='word_1_235' title='bbox 459 2005 601 2045; x_wconf 90' lang='lat' dir='ltr'>fraude</span> <span class='ocrx_word' id='word_1_236' title='bbox 639 2005 866 2058; x_wconf 83' lang='lat' dir='ltr'>composita</span> <span class='ocrx_word' id='word_1_237' title='bbox 903 2005 1099 2044; x_wconf 88' lang='lat' dir='ltr'>transisse</span> <span class='ocrx_word' id='word_1_238' title='bbox 1136 2004 1372 2056; x_wconf 83' lang='lat' dir='ltr'>litterasque</span> <span class='ocrx_word' id='word_1_239' title='bbox 1404 2003 1457 2043; x_wconf 86' lang='lat' dir='ltr'>ad</span> <span class='ocrx_word' id='word_1_240' title='bbox 1486 2002 1647 2042; x_wconf 87' lang='lat' dir='ltr'>Hanni-</span> 
     </span>
     <span class='ocr_line' id='line_1_40' title="bbox 293 2064 1646 2118; baseline -0.002 -12"><span class='ocrx_word' id='word_1_241' title='bbox 293 2066 425 2106; x_wconf 86' lang='lat' dir='ltr'>balem</span> <span class='ocrx_word' id='word_1_242' title='bbox 462 2066 585 2107; x_wconf 86' lang='lat' dir='ltr'>ferre:</span> <span class='ocrx_word' id='word_1_243' title='bbox 627 2067 670 2106; x_wconf 92' lang='lat' dir='ltr'>id</span> <span class='ocrx_word' id='word_1_244' title='bbox 707 2081 834 2106; x_wconf 91' lang='lat' dir='ltr'>unum</span> <span class='ocrx_word' id='word_1_245' title='bbox 870 2081 921 2106; x_wconf 81' lang='lat' dir='ltr'>cx</span> <span class='ocrx_word' id='word_1_246' title='bbox 957 2066 1025 2114; x_wconf 89' lang='lat' dir='ltr'>iis,</span> <span class='ocrx_word' id='word_1_247' title='bbox 1064 2065 1134 2118; x_wconf 87' lang='lat' dir='ltr'>qui</span> <span class='ocrx_word' id='word_1_248' title='bbox 1171 2064 1249 2106; x_wconf 89' lang='lat' dir='ltr'>sibi</span> <span class='ocrx_word' id='word_1_249' title='bbox 1284 2079 1371 2104; x_wconf 90' lang='lat' dir='ltr'>rem</span> <span class='ocrx_word' id='word_1_250' title='bbox 1407 2064 1646 2118; x_wconf 89' lang='lat' dir='ltr'>aperuisset,</span> 
     </span>
     <span class='ocr_line' id='line_1_41' title="bbox 290 2126 1648 2183; baseline -0.001 -16"><span class='ocrx_word' id='word_1_251' title='bbox 290 2143 461 2183; x_wconf 85' lang='lat' dir='ltr'>arguere</span> <span class='ocrx_word' id='word_1_252' title='bbox 494 2143 583 2169; x_wconf 90' lang='lat' dir='ltr'>sese</span> <span class='ocrx_word' id='word_1_253' title='bbox 614 2134 800 2182; x_wconf 88' lang='lat' dir='ltr'>paratam</span> <span class='ocrx_word' id='word_1_254' title='bbox 832 2142 936 2168; x_wconf 89' lang='grc'><strong>0550.</strong></span> <span class='ocrx_word' id='word_1_255' title='bbox 996 2127 1220 2181; x_wconf 87' lang='lat' dir='ltr'>productus</span> <span class='ocrx_word' id='word_1_256' title='bbox 1251 2127 1383 2180; x_wconf 86' lang='lat' dir='ltr'>primo</span> <span class='ocrx_word' id='word_1_257' title='bbox 1422 2126 1519 2166; x_wconf 89' lang='lat' dir='ltr'>satis</span> <span class='ocrx_word' id='word_1_258' title='bbox 1552 2139 1648 2166; x_wconf 84' lang='lat' dir='ltr'>con-</span> 
     </span>
     <span class='ocr_line' id='line_1_42' title="bbox 292 2187 1648 2245; baseline -0.001 -16"><span class='ocrx_word' id='word_1_259' title='bbox 292 2198 444 2230; x_wconf 83' lang='lat' dir='ltr'>stanter</span> <span class='ocrx_word' id='word_1_260' title='bbox 478 2190 667 2245; x_wconf 87' lang='lat' dir='ltr'>ignorare</span> <span class='ocrx_word' id='word_1_261' title='bbox 705 2204 749 2231; x_wconf 91' lang='lat' dir='ltr'>se</span> <span class='ocrx_word' id='word_1_262' title='bbox 785 2189 997 2229; x_wconf 88' lang='lat' dir='ltr'>mulierem</span> <span class='ocrx_word' id='word_1_263' title='bbox 1034 2188 1270 2237; x_wconf 82' lang='lat' dir='ltr'>simulabat3</span> <span class='ocrx_word' id='word_1_264' title='bbox 1320 2187 1518 2242; x_wconf 89' lang='lat' dir='ltr'>paulatim</span> <span class='ocrx_word' id='word_1_265' title='bbox 1553 2187 1648 2227; x_wconf 88' lang='lat' dir='ltr'>dein</span> 
     </span>
     <span class='ocr_line' id='line_1_43' title="bbox 291 2249 1646 2305; baseline -0.001 -15"><span class='ocrx_word' id='word_1_266' title='bbox 291 2252 502 2292; x_wconf 73' lang='lat' dir='ltr'>convictus</span> <span class='ocrx_word' id='word_1_267' title='bbox 538 2252 665 2300; x_wconf 76' lang='lat' dir='ltr'>veris,</span> <span class='ocrx_word' id='word_1_268' title='bbox 715 2266 809 2292; x_wconf 92' lang='lat' dir='ltr'>cum</span> <span class='ocrx_word' id='word_1_269' title='bbox 846 2257 1048 2292; x_wconf 87' lang='lat' dir='ltr'>tormenta</span> <span class='ocrx_word' id='word_1_270' title='bbox 1084 2250 1199 2304; x_wconf 87' lang='lat' dir='ltr'>posci</span> <span class='ocrx_word' id='word_1_271' title='bbox 1236 2257 1275 2291; x_wconf 88' lang='lat' dir='ltr'>et</span> <span class='ocrx_word' id='word_1_272' title='bbox 1309 2249 1444 2305; x_wconf 87' lang='lat' dir='ltr'>parari</span> <span class='ocrx_word' id='word_1_273' title='bbox 1478 2249 1646 2297; x_wconf 74' lang='lat' dir='ltr'>videret,</span> 
     </span>
     <span class='ocr_line' id='line_1_44' title="bbox 291 2311 1648 2366; baseline -0.001 -14"><span class='ocrx_word' id='word_1_274' title='bbox 291 2313 427 2354; x_wconf 87' lang='lat' dir='ltr'>fassus</span> <span class='ocrx_word' id='word_1_275' title='bbox 458 2313 500 2353; x_wconf 90' lang='lat' dir='ltr'>id</span> <span class='ocrx_word' id='word_1_276' title='bbox 531 2314 587 2353; x_wconf 85' lang='lat' dir='ltr'>ita</span> <span class='ocrx_word' id='word_1_277' title='bbox 618 2328 727 2362; x_wconf 90' lang='lat' dir='ltr'>esse,</span> <span class='ocrx_word' id='word_1_278' title='bbox 764 2313 1002 2366; x_wconf 86' lang='lat' dir='ltr'>litteraeque</span> <span class='ocrx_word' id='word_1_279' title='bbox 1032 2312 1213 2366; x_wconf 86' lang='lat' dir='ltr'>prolatae</span> <span class='ocrx_word' id='word_1_280' title='bbox 1245 2319 1284 2353; x_wconf 87' lang='lat' dir='ltr'>et</span> <span class='ocrx_word' id='word_1_281' title='bbox 1316 2311 1500 2352; x_wconf 88' lang='lat' dir='ltr'>additum</span> <span class='ocrx_word' id='word_1_282' title='bbox 1527 2311 1648 2351; x_wconf 86' lang='lat' dir='ltr'>etiam</span> 
     </span>
     <span class='ocr_line' id='line_1_45' title="bbox 291 2372 1649 2430; baseline -0.001 -16"><span class='ocrx_word' id='word_1_283' title='bbox 291 2375 441 2416; x_wconf 87' lang='lat' dir='ltr'>indicio</span> <span class='ocrx_word' id='word_1_284' title='bbox 467 2376 577 2429; x_wconf 90' lang='lat' dir='ltr'>quod</span> <span class='ocrx_word' id='word_1_285' title='bbox 604 2375 831 2424; x_wconf 82' lang='lat' dir='ltr'>celabatur,</span> <span class='ocrx_word' id='word_1_286' title='bbox 870 2382 909 2415; x_wconf 87' lang='lat' dir='ltr'>et</span> <span class='ocrx_word' id='word_1_287' title='bbox 940 2375 1041 2415; x_wconf 88' lang='lat' dir='ltr'>alios</span> <span class='ocrx_word' id='word_1_288' title='bbox 1069 2375 1204 2430; x_wconf 87' lang='lat' dir='ltr'>specie</span> <span class='ocrx_word' id='word_1_289' title='bbox 1229 2374 1537 2428; x_wconf 87' lang='lat' dir='ltr'>transfugarum</span> <span class='ocrx_word' id='word_1_290' title='bbox 1562 2372 1649 2413; x_wconf 85' lang='lat' dir='ltr'>Nu-</span> 
     </span>
     <span class='ocr_line' id='line_1_46' title="bbox 293 2434 1649 2492; baseline -0.001 -16"><span class='ocrx_word' id='word_1_291' title='bbox 293 2437 423 2478; x_wconf 88' lang='lat' dir='ltr'>midas</span> <span class='ocrx_word' id='word_1_292' title='bbox 460 2437 602 2492; x_wconf 69' lang='lat' dir='ltr'>vagari</span> <span class='ocrx_word' id='word_1_293' title='bbox 637 2438 680 2477; x_wconf 91' lang='lat' dir='ltr'>in</span> <span class='ocrx_word' id='word_1_294' title='bbox 716 2437 860 2478; x_wconf 90' lang='lat' dir='ltr'>castris</span> <span class='ocrx_word' id='word_1_295' title='bbox 891 2436 1104 2477; x_wconf 85' lang='lat' dir='ltr'>Romanis.</span> <span class='ocrx_word' id='word_1_296' title='bbox 1164 2436 1192 2476; x_wconf 91' lang='lat' dir='ltr'>ii</span> <span class='ocrx_word' id='word_1_297' title='bbox 1229 2451 1353 2490; x_wconf 89' lang='lat' dir='ltr'>supra</span> <span class='ocrx_word' id='word_1_298' title='bbox 1389 2434 1649 2489; x_wconf 87' lang='lat' dir='ltr'>septuaginta</span> 
     </span>
     <span class='ocr_line' id='line_1_47' title="bbox 294 2496 1650 2553; baseline -0.002 -15"><span class='ocrx_word' id='word_1_299' title='bbox 294 2499 522 2552; x_wconf 88' lang='lat' dir='ltr'>comprensi</span> <span class='ocrx_word' id='word_1_300' title='bbox 554 2506 593 2539; x_wconf 88' lang='grc'>01</span> <span class='ocrx_word' id='word_1_301' title='bbox 623 2513 717 2539; x_wconf 82' lang='grc'><strong>011111</strong></span> <span class='ocrx_word' id='word_1_302' title='bbox 749 2498 974 2553; x_wconf 89' lang='lat' dir='ltr'>transfugis</span> <span class='ocrx_word' id='word_1_303' title='bbox 1006 2498 1123 2538; x_wconf 75' lang='lat' dir='ltr'>novis</span> <span class='ocrx_word' id='word_1_304' title='bbox 1161 2497 1327 2538; x_wconf 90' lang='lat' dir='ltr'>mulcati</span> <span class='ocrx_word' id='word_1_305' title='bbox 1358 2496 1484 2551; x_wconf 78' lang='lat' dir='ltr'>virgis</span> <span class='ocrx_word' id='word_1_306' title='bbox 1522 2496 1650 2536; x_wconf 89' lang='lat' dir='ltr'>mani-</span> 
     </span>
     <span class='ocr_line' id='line_1_48' title="bbox 294 2559 1649 2614; baseline -0.003 -15"><span class='ocrx_word' id='word_1_307' title='bbox 294 2559 453 2612; x_wconf 86' lang='lat' dir='ltr'>busque</span> <span class='ocrx_word' id='word_1_308' title='bbox 489 2560 684 2614; x_wconf 87' lang='lat' dir='ltr'>praecisis</span> <span class='ocrx_word' id='word_1_309' title='bbox 722 2559 910 2614; x_wconf 88' lang='lat' dir='ltr'>Capuam</span> <span class='ocrx_word' id='word_1_310' title='bbox 946 2560 1199 2614; x_wconf 86' lang='lat' dir='ltr'>rediguntur.</span> <span class='ocrx_word' id='word_1_311' title='bbox 1266 2565 1531 2613; x_wconf 89' lang='lat' dir='ltr'>conspectum</span> <span class='ocrx_word' id='word_1_312' title='bbox 1566 2564 1649 2597; x_wconf 86' lang='lat' dir='ltr'>tam</span> 
     </span>
     <span class='ocr_line' id='line_1_49' title="bbox 295 2620 1361 2677; baseline 0 -17"><span class='ocrx_word' id='word_1_313' title='bbox 295 2622 407 2663; x_wconf 85' lang='lat' dir='ltr'>triste</span> <span class='ocrx_word' id='word_1_314' title='bbox 434 2623 681 2676; x_wconf 88' lang='lat' dir='ltr'>supplicium</span> <span class='ocrx_word' id='word_1_315' title='bbox 705 2622 828 2677; x_wconf 89' lang='lat' dir='ltr'>fregit</span> <span class='ocrx_word' id='word_1_316' title='bbox 854 2622 1012 2663; x_wconf 89' lang='lat' dir='ltr'>animos</span> <span class='ocrx_word' id='word_1_317' title='bbox 1040 2620 1361 2675; x_wconf 89' lang='lat' dir='ltr'>Campanorum.</span> 
     </span>
    </p>

    <p class='ocr_par' dir='ltr' id='par_1_15' title="bbox 379 2679 1649 2737">
     <span class='ocr_line' id='line_1_50' title="bbox 379 2679 1649 2737; baseline -0.004 -14"><span class='ocrx_word' id='word_1_318' title='bbox 379 2683 507 2724; x_wconf 84' lang='lat' dir='ltr'>XIII.</span> <span class='ocrx_word' id='word_1_319' title='bbox 559 2683 796 2726; x_wconf 84' lang='lat' dir='ltr'>Concursus</span> <span class='ocrx_word' id='word_1_320' title='bbox 823 2685 874 2724; x_wconf 88' lang='lat' dir='ltr'>ad</span> <span class='ocrx_word' id='word_1_321' title='bbox 895 2684 1048 2725; x_wconf 88' lang='lat' dir='ltr'>curiam</span> <span class='ocrx_word' id='word_1_322' title='bbox 1074 2683 1214 2737; x_wconf 88' lang='lat' dir='ltr'>populi</span> <span class='ocrx_word' id='word_1_323' title='bbox 1233 2683 1366 2722; x_wconf 85' lang='lat' dir='ltr'>factus</span> <span class='ocrx_word' id='word_1_324' title='bbox 1387 2681 1520 2734; x_wconf 84' lang='lat' dir='ltr'>coegit</span> <span class='ocrx_word' id='word_1_325' title='bbox 1539 2679 1649 2719; x_wconf 91' lang='lat' dir='ltr'>Loe-</span> 
     </span>
    </p>
   </div>
  </div>
 </body>
</html>
