1815 3184
279 246 361 287 252
584 251 738 286 LIBER
762 252 890 296 XXV,
917 253 971 286 32.
991 252 1045 286 33.
1074 255 1171 296 [au.
1188 254 1312 297 2542]

236 371 253 399 6
280 372 372 396 011111
398 355 587 395 volebant
618 355 731 408 prius
763 355 936 409 opprimi
969 355 1093 396 duces
1119 355 1313 403 Romani,
1353 362 1391 396 et
1423 371 1515 410 spes
1546 364 1631 398 erat

279 417 376 458 satis
409 430 611 470 superque
645 416 697 456 ad
727 416 768 456 id
801 417 946 456 virium
972 431 1082 466 esse3
1125 416 1195 457 illa
1223 417 1404 457 restabat
1429 432 1543 467 cura,
1580 433 1631 459 ne

278 479 370 519 fuso
397 494 444 519 eo
469 478 646 532 perculsi
672 477 772 518 alter
795 477 1036 519 Hasdrubal
1067 485 1106 519 et
1130 477 1260 533 Mago
1290 479 1331 518 in
1363 479 1477 520 avios
1504 479 1630 521 saltus

235 554 251 582 7
278 547 517 593 montesque
542 540 784 593 recipientes
811 554 901 580 sese
926 539 1080 580 bellum
1105 540 1377 580 extraherent.
1432 540 1632 594 optimum

277 602 400 656 igitur
423 601 516 650 rati,
555 602 696 641 divisis
728 600 916 642 bifariam
949 601 1076 655 copiis
1102 601 1225 642 totius
1257 602 1379 642 simul
1404 601 1632 656 Hispaniae

278 663 467 716 amplecti
498 662 649 703 bellum
659 694 669 712 ‚
706 663 763 703 ita
787 662 892 703 inter
917 677 961 703 se
986 662 1231 712 diviserunt,
1269 669 1313 702 ut
1337 663 1385 703 P.
1414 662 1631 703 Cornelius

277 725 379 765 duas
409 731 545 779 partes
577 724 779 765 exercitus
805 724 1086 765 Romanorum
1118 725 1403 777 sociorumque
1435 725 1631 765 adversus

232 800 250 829 s
275 786 502 841 Magonem
545 787 711 827 duceret
753 793 875 839 atque
916 785 1247 835 Hasdrubalem,
1298 785 1375 827 Cn.
1415 786 1631 827 Cornelius

277 863 370 889 cum
395 848 513 889 tertia
536 855 651 903 parte
675 848 823 888 veteris
850 848 1051 889 exercitus
1068 847 1285 889 Celtiberis
1311 848 1512 889 adiunctis
1539 862 1632 889 cum

233 923 249 951 9
277 909 541 951 Hasdrubale
566 909 743 950 BarcIno
780 909 934 950 bellum
964 916 1135 964 gereret.
1195 925 1278 950 una
1308 909 1479 963 profecti
1511 909 1632 950 ambo

277 972 402 1012 duces
435 971 719 1024 exercitusque
747 970 965 1012 Celtiberis
996 971 1374 1026 praegredientibus
1406 972 1459 1012 ad
1488 971 1632 1012 urbem

276 1033 510 1088 Amtorgim
546 1033 588 1073 in
625 1040 846 1087 conspectu
876 1033 1054 1073 hostium
1086 1033 1300 1074 dirimente
1332 1033 1441 1073 3111111
1476 1039 1633 1087 ponunt

211 1108 251 1137 10
278 1102 421 1135 castra.
492 1094 548 1135 ibi
582 1094 658 1135 Cn.
689 1094 829 1148 Scipio
861 1109 954 1135 cum
985 1094 1134 1147 quibus
1166 1102 1258 1135 ante
1290 1095 1442 1135 dictum
1474 1101 1536 1135 est
1566 1109 1632 1135 co-

276 1156 353 1210 piis
386 1156 583 1205 substitit,
622 1163 661 1196 et
692 1155 740 1196 P.
769 1154 909 1210 Scipio
940 1156 1148 1210 profectus
1180 1157 1232 1197 ad
1262 1156 1506 1196 destinatam
1536 1155 1631 1196 belli

276 1224 446 1272 partem.

236 1293 247 1320 1
360 1280 586 1321 XXXIII.
624 1280 864 1321 Hasdrubal
883 1287 1101 1335 postquam
1122 1280 1419 1330 animadvertit,
1435 1280 1630 1335 exiguum

277 1341 511 1382 Romanurn
537 1343 761 1383 exercitum
790 1343 832 1382 in
863 1343 1007 1383 castris
1039 1349 1078 1383 et
1104 1357 1219 1396 spem
1251 1357 1413 1383 omnem
1438 1343 1479 1382 in
1506 1342 1632 1383 Celti-

233 1416 251 1443 2
277 1402 467 1443 berorum
493 1404 654 1444 auxiliis
682 1418 791 1452 esse,
828 1404 982 1458 peritus
1015 1404 1147 1444 omnis
1179 1403 1416 1444 barbaricae
1448 1411 1487 1443 et
1515 1418 1632 1457 prae-

277 1465 395 1518 cipue
431 1466 611 1505 omnium
650 1480 788 1505 carum
819 1465 1021 1519 gentium,
1059 1465 1101 1504 111
1131 1465 1279 1517 quibus
1311 1479 1384 1518 per
1414 1471 1472 1505 tot
1503 1479 1630 1505 annos

233 1540 250 1567 :3
278 1526 494 1575 militabat,
532 1527 744 1580 perfidiae,
783 1527 893 1567 facili
917 1527 1083 1581 linguae
1110 1527 1372 1575 commercio,
1406 1541 1498 1566 cum
1524 1532 1632 1567 utra-

276 1602 355 1640 que
387 1596 519 1628 castra
551 1589 671 1642 plena
699 1589 979 1642 Hispanorum
1012 1594 1166 1637 essent,
1203 1602 1276 1642 per
1306 1588 1464 1628 occulta
1495 1588 1632 1629 001110-

275 1649 371 1701 quia
407 1650 627 1703 paciscitur
662 1665 813 1704 magna
849 1650 1036 1690 mercede
1067 1665 1160 1690 cum
1187 1649 1486 1691 Celtiberorum
1522 1650 1631 1704 prin-

232 1725 251 1752 4
278 1710 455 1764 cipibus,
495 1718 536 1750 ut
569 1711 707 1765 copias
739 1711 832 1751 inde
865 1711 1082 1751 abducant.
1143 1725 1218 1752 1100
1250 1719 1364 1752 atrox
1403 1712 1534 1752 visum
1570 1712 1632 1753 fa-

276 1772 409 1812 cinus:
447 1787 527 1812 non
555 1772 662 1812 enim
690 1779 732 1812 ut
757 1773 797 1812 in
817 1773 1028 1813 Romanos
1054 1779 1257 1813 verterent
1282 1788 1394 1814 arma
1419 1773 1630 1828 agebatur,

275 1840 314 1873 ct
340 1849 513 1882 merces,
551 1841 704 1887 quanta
735 1835 799 1875 101
824 1849 896 1888 pro
922 1834 1029 1875 bello
1056 1835 1154 1875 satis
1187 1841 1313 1884 05501,
1352 1835 1542 1884 dabatur,
1579 1850 1630 1875 nc

274 1895 427 1936 belluni
457 1903 661 1950 gererent,
701 1903 739 1936 et
770 1911 862 1936 cum
894 1897 1009 1949 quies
1039 1897 1130 1950 ipsa
1161 1902 1248 1936 tum
1278 1897 1430 1937 reditus
1463 1897 1630 1936 domum

230 1972 248 1999 .⁷›
275 1958 513 2011 fructusque
539 1959 704 1998 videndi
731 1973 827 1999 suos
855 1973 1008 2012 suaque
1034 1966 1150 2013 grata
1176 1959 1298 2013 vulgo
1320 1965 1444 1998 crant.
1493 1958 1629 2011 itaque

275 2035 355 2060 11011
398 2020 571 2061 ducibus
614 2021 774 2061 facilius
818 2035 941 2073 (1113111
985 2021 1233 2061 multitudini
1275 2035 1518 2075 persuasum
1555 2027 1628 2061 est.

276 2082 396 2122 simul
432 2097 482 2122 nc
520 2089 654 2122 metus
691 2083 856 2135 quidem
894 2083 945 2124 ab
978 2082 1175 2123 Romanis
1213 2089 1315 2131 erat,
1360 2082 1511 2136 quippe
1548 2088 1630 2122 tam

229 2156 246 2185 G
276 2144 435 2197 paucis,
480 2144 514 2184 si
549 2144 589 2183 11
625 2145 855 2184 retinerent.
927 2145 969 2184 id
1005 2144 1170 2197 quidem
1207 2144 1434 2185 cavendum
1471 2158 1632 2198 semper

274 2206 471 2246 Romanis
509 2205 682 2246 ducibus
720 2207 794 2246 erit
825 2206 1093 2260 exemplaque
1128 2206 1231 2247 haec
1267 2220 1361 2246 1010
1397 2221 1470 2260 pro
1507 2206 1632 2246 docu-

274 2268 420 2307 mentis
452 2267 659 2316 habenda,
697 2283 747 2308 ne
778 2268 834 2308 ita
865 2269 1041 2309 externis
1074 2269 1240 2309 credant
1265 2268 1444 2317 auxiliis,
1482 2275 1632 2308 utnon

274 2329 366 2382 plus
394 2330 457 2369 sui
481 2329 636 2370 roboris
671 2345 918 2383 suarumque
950 2331 1111 2384 proprie
1142 2331 1290 2370 virium
1319 2330 1360 2369 in
1393 2330 1535 2370 castris
1560 2329 1632 2370 ha-

233 2404 248 2431 7
275 2390 410 2430 beant.
493 2391 622 2445 signis
659 2398 826 2445 repente
864 2391 1035 2432 sublatis
1075 2391 1272 2433 Celtiberi
1307 2391 1482 2439 abeunt,
1531 2390 1631 2430 nihil

276 2452 385 2492 aliud
409 2452 698 2505 quaerentibus
725 2468 892 2494 causam
917 2453 1310 2507 obtestantibusque,
1337 2460 1382 2493 ut
1407 2458 1628 2500 manerent,

276 2513 473 2553 Romanis
504 2515 799 2568 respondentes
831 2529 954 2568 quam
986 2515 1210 2556 domestico
1242 2529 1285 2555 se
1317 2514 1479 2555 avocari
1510 2512 1627 2553 bello.

231 2586 250 2614 s
279 2572 436 2628 Scipio,
484 2582 703 2629 postquam
751 2576 851 2617 socii
897 2591 973 2617 1100
1019 2576 1210 2631 precibus
1258 2590 1333 2616 nec
1383 2576 1421 2615 vi
1467 2573 1628 2615 retineri

276 2642 479 2687 poterant,
517 2651 592 2677 1100
618 2652 660 2678 50
686 2644 755 2678 aut
786 2653 925 2692 parem
952 2638 1039 2679 sine
1069 2638 1147 2679 illis
1173 2637 1281 2678 hosti
1307 2651 1397 2678 esse
1422 2643 1490 2676 aut
1515 2634 1627 2675 fratri
