1815 3184
273 246 351 284 114
591 251 744 284 LIBER
771 250 921 294 xxm,
948 251 977 283 1.
998 251 1029 284 2.
1059 250 1298 294 [a.u.e.538]

771 595 922 647 TITI
960 595 1120 646 LIVI

589 699 676 735 AB
726 699 911 735 VRBE
962 698 1302 737 CONDITA

765 822 933 859 LIBER
962 822 1124 859 XXIII.

228 932 239 960 1
355 910 387 950 l.
451 907 600 964 [Inter]
633 909 734 949 haee
767 908 977 949 Hannibal
1009 916 1102 962 post
1135 908 1393 949 Cannensem
1426 924 1622 964 pugnam,

273 970 443 1026 [castra]
472 980 589 1025 eapta
616 986 661 1012 ac
688 971 844 1025 direpta
871 971 1087 1011 confestim
1109 986 1159 1010 cx
1173 971 1325 1025 Apulia
1346 972 1385 1011 in
1410 970 1624 1012 Samnium

270 1042 470 1081 moverat,
499 1033 653 1073 accitus
679 1033 720 1072 in
740 1032 939 1086 Hirpinos
966 1048 989 1073 a
1012 1032 1144 1073 Statio
1173 1032 1382 1088 [Trebio],
1410 1028 1624 1087 pollicente

272 1110 314 1135 se
337 1094 562 1148 Compsam
589 1095 843 1135 traditurum.
883 1094 1143 1148 Compsanus
1171 1104 1254 1135 erat
1276 1095 1451 1136 Trebius
1477 1094 1623 1135 nobilis

225 1169 244 1197 ‘2
270 1157 374 1197 inter
399 1171 513 1204 suos,
547 1163 607 1196 set
632 1156 843 1210 premebat
869 1171 961 1196 eum
987 1156 1246 1210 Mopsiorum
1272 1157 1414 1205 faetio,
1446 1156 1624 1196 familiae

227 1230 245 1259 3
271 1233 344 1272 per
367 1218 540 1272 gratiam
561 1218 841 1258 Romanorum
867 1219 1057 1272 potentis.
1101 1226 1193 1271 post
1218 1218 1370 1258 famam
1394 1218 1623 1259 Cannensis

270 1295 434 1334 pugnae
459 1280 753 1334 volgatumque
779 1280 903 1320 Trebi
931 1280 1187 1321 sermonibus
1219 1281 1437 1320 adventum
1466 1280 1626 1320 Hanni-

273 1341 377 1382 balis
404 1356 496 1381 eum
525 1342 750 1395 Compsam
783 1341 925 1382 urbem
959 1342 1250 1389 excessissent,
1290 1343 1375 1382 sine
1408 1342 1625 1381 certamine

227 1417 247 1444 4
274 1403 419 1443 tradita
440 1402 536 1443 urbs
552 1403 691 1443 Poeno
706 1403 1036 1456 praesidiumque
1057 1411 1269 1456 acceptum
1290 1411 1363 1443 est.
1401 1403 1457 1443 ibi
1477 1403 1627 1456 praeda

275 1464 385 1504 omni
407 1473 528 1517 atque
548 1464 834 1518 inpedimentis
855 1464 1018 1511 relictis,
1047 1465 1225 1504 exercitu
1239 1464 1387 1518 partito
1400 1463 1626 1518 “Magonem

273 1526 451 1580 regionis
478 1526 564 1565 eius
590 1526 711 1566 urbes
738 1534 805 1566 aut
826 1526 1050 1565 deficientis
1072 1526 1122 1566 ab
1138 1525 1335 1566 Romanis
1356 1526 1539 1579 accipere
1559 1533 1628 1565 aut

229 1601 247 1630 5
274 1587 533 1627 ‹letreetantis
566 1602 711 1641 eogere
738 1588 789 1627 ad
814 1587 1085 1627 (lefe(·ti‹51nem
1111 1587 1240 1636 iubet,
1273 1587 1361 1641 ipse
1386 1601 1459 1641 per
1484 1602 1626 1641 agrum

273 1647 533 1702 Campanum
564 1664 674 1688 mare
706 1648 881 1688 inferum
913 1649 1030 1702 petit,
1063 1656 1373 1703 oppugnaturus
1399 1649 1626 1702 Neapolim,

229 1724 246 1753 ss
272 1717 315 1749 ut
348 1709 488 1749 urbem
521 1710 764 1750 maritimam
797 1710 974 1750 haberet.
1036 1710 1106 1750 ubi
1138 1711 1239 1751 fines
1265 1710 1626 1764 Neapolitanorum

273 1771 455 1819 intravit,
488 1771 686 1812 Numidas
713 1772 859 1826 partim
886 1772 926 1811 in
953 1772 1111 1812 insidiis
1138 1797 1169 1800 —
1196 1780 1233 1812 et
1258 1772 1477 1826 pleraeque
1504 1787 1627 1812 cavae

274 1840 367 1872 sunt
393 1833 481 1872 viae
509 1833 703 1885 sinusque
729 1833 876 1873 oeeulti
901 1858 934 1862 —
962 1848 1220 1886 quacumque
1247 1841 1339 1887 apte
1364 1841 1522 1888 poterat
1547 1833 1629 1873 dis-

272 1895 426 1948 posuit,
467 1895 566 1935 alios
599 1910 695 1949 prae
729 1910 771 1935 se
798 1903 930 1936 aetam
954 1897 1149 1950 praedam
1177 1911 1227 1936 ex
1252 1896 1361 1950 agris
1388 1896 1627 1936 ostentantis

230 1970 246 1999 7
274 1956 508 2009 obequitare
530 1957 655 2010 portis
677 1957 808 1998 iussit.
852 1958 893 1998 in
914 1973 1035 2011 quos,
1063 1958 1157 2011 quia
1184 1973 1257 1998 nee
1283 1958 1401 1998 multi
1426 1966 1465 1998 et
1488 1958 1629 1998 incon-

272 2019 393 2072 positi
425 2019 681 2068 videbantur,
720 2034 813 2060 cum
845 2028 979 2060 turma
1011 2020 1191 2073 equitum
1225 2020 1443 2074 erupisset,
1482 2019 1533 2061 ab
1565 2035 1630 2060 ce-

229 2092 248 2122 8
274 2080 462 2121 (lentibus
490 2081 676 2122 consulto
702 2089 829 2122 tracta
860 2082 901 2122 in
931 2082 1099 2123 insidias
1131 2083 1407 2122 circumventa
1438 2089 1517 2131 est3
1554 2096 1628 2122 nec

274 2143 473 2184 evasisset
504 2144 741 2197 quisquam,
779 2145 820 2184 ni
852 2160 962 2185 mare
993 2145 1267 2199 propinquum
1300 2152 1339 2185 et
1364 2145 1463 2184 haut
1486 2144 1627 2198 procul

273 2203 387 2244 litore
407 2220 545 2253 naves,
568 2206 808 2259 piscatoriae
828 2206 1059 2260 pleraeque,
1082 2213 1325 2260 eonspectae
1345 2206 1485 2260 peritis
1505 2206 1628 2246 nandi

231 2279 247 2308 9
275 2265 484 2307 dedissent
509 2267 721 2322 effugium.
760 2268 915 2321 aliquot
934 2276 1071 2308 tamen
1090 2283 1136 2308 eo
1157 2268 1310 2322 proelio
1335 2268 1492 2308 nobiles
1518 2268 1631 2308 iuve-

274 2342 347 2367 nes
374 2329 480 2382 capti
506 2329 715 2382 caesique,
742 2330 846 2370 inter
865 2344 967 2383 quos
988 2337 1026 2370 et
1046 2329 1237 2384 HegeaS,
1264 2330 1497 2384 praefectus
1518 2329 1630 2382 equi-

211 2396 379 2438 lotum,
417 2390 755 2445 intemperantius
793 2392 983 2432 cedentes
1022 2400 1187 2432 secutus
1226 2392 1382 2432 cecidit.
1443 2391 1493 2432 ab
1530 2390 1629 2431 urbe

276 2453 551 2505 oppugnanda
571 2452 760 2493 Poenum
781 2453 1035 2493 absterruere
1063 2460 1282 2508 conspecta
1307 2453 1486 2500 moenia,
1512 2453 1630 2492 haut-

276 2526 480 2565 quaquam
506 2526 695 2568 prompta
720 2516 988 2569 oppugnanti.

234 2585 249 2613 1
359 2574 416 2613 II.
466 2575 567 2615 Inde
595 2576 782 2630 Capuam
808 2577 931 2617 flectit
956 2578 1032 2617 iter
1056 2577 1328 2618 luxuriantem
1354 2577 1477 2632 longa
1502 2576 1629 2616 felici-

278 2641 357 2674 tate
389 2644 508 2688 atque
534 2637 787 2691 indulgentia
813 2638 1015 2688 fortunae,
1049 2639 1226 2679 maxime
1252 2645 1388 2679 tamen
1413 2639 1517 2678 inter
1541 2651 1628 2676 eor-

277 2702 394 2748 rupta
414 2698 546 2737 omnia
562 2698 722 2739 licentia
738 2699 868 2753 plebis
891 2701 976 2740 sine
998 2701 1119 2740 modo
1139 2700 1366 2740 libertatem
1388 2698 1624 2739 exercentis.
