1815 3184
335 239 389 279 50
649 245 803 278 LIBER
830 244 937 287 XXI,
965 243 1018 276 59.
1042 244 1095 277 60.
1124 242 1364 286 [a.u.c.536]

293 364 307 392 1
417 348 605 389 LVHH.
665 347 902 400 Degressus
941 344 1160 398 Apennino
1201 351 1307 384 retro
1344 344 1396 384 ad
1430 344 1682 385 Placentiam

335 417 469 450 castra
508 409 636 448 movit
678 418 715 448 et
759 407 811 447 ad
853 407 995 446 decem
1037 405 1147 445 milia
1195 419 1438 460 progressus
1486 406 1682 446 consedit.

332 478 496 525 postero
522 470 586 510 die
612 469 826 509 duodecim
851 468 962 508 milia
987 467 1182 521 peditum,
1204 467 1383 519 quinque
1409 467 1590 519 equitum
1615 468 1684 508 ad-

290 547 308 576 ‘2
334 547 477 573 versus
503 531 663 572 hostem
690 531 812 570 ducit.
861 544 936 569 nec
964 528 1232 582 Sempronius
1259 528 1402 569 consul
1421 529 1552 569 —iam
1578 529 1683 569 enim

332 594 507 634 redierat
543 592 594 633 ab
632 592 766 632 Roma
795 617 829 620 —
858 591 1099 631 detrectavit
1129 598 1352 631 certamen:
1389 597 1510 642 atque
1542 605 1590 630 eo
1621 591 1685 631 die

289 671 307 698 3
334 656 410 696 tria
445 655 557 694 milia
591 657 761 708 passstm
796 653 901 693 inter
937 652 1034 692 bina
1071 658 1205 692 castra
1239 652 1366 692 fuere.
1421 661 1585 705 postero
1622 652 1686 692 die

332 715 567 771 ingentibus
593 715 739 755 animis
765 715 876 754 vario
903 721 1051 754 eventu
1071 719 1298 767 pugnatum
1319 720 1392 754 est.
1435 714 1566 767 primo
1591 728 1687 753 con-

333 793 456 818 cursu
487 778 588 817 adco
619 791 684 816 res
709 776 897 817 Romana
929 775 1113 830 superior
1137 775 1232 823 fuit,
1264 784 1307 815 ut
1333 790 1415 816 non
1440 776 1525 815 acic
1551 775 1687 816 vince-

333 846 421 880 rent
454 839 604 887 solum,
645 838 717 878 scd
746 838 889 892 pulsos
919 837 1059 877 hostes
1090 837 1133 876 in
1164 846 1298 877 castra
1333 845 1686 890 persequerentur,

290 917 309 944 4
334 917 431 942 mox
462 908 595 941 castra
626 914 787 952 quoque
820 906 1117 953 oppugnarent.
1171 898 1383 939 Hannibal
1417 899 1559 952 paucis
1595 913 1688 952 pro-

333 962 630 1018 pugnatoribus
661 962 703 1002 in
734 961 840 1001 vallo
871 962 1080 1016 portisque
1111 961 1254 1014 positis
1292 969 1446 1001 ceteros
1484 960 1688 1001 confertos

334 1026 373 1065 in
400 1025 535 1065 media
561 1032 693 1064 castra
717 1023 890 1077 recepit,
922 1023 1182 1075 intentosque
1209 1022 1373 1076 signum
1399 1022 1450 1063 ad
1468 1036 1689 1075 ¹erumpen-

292 1103 310 1130 ῡ
337 1088 433 1127 dum
462 1094 645 1140 spectare
670 1085 794 1125 iubet.
843 1086 925 1125 iam
950 1100 1057 1124 nona
1082 1084 1210 1124 ferme
1237 1084 1317 1124 diei
1342 1084 1441 1124 hora
1466 1090 1568 1132 erat,
1596 1098 1687 1123 cum

335 1149 548 1189 Romanus
573 1148 821 1200 nequiquam
849 1146 1018 1200 fatigato
1044 1146 1188 1194 milite,
1215 1152 1432 1199 postquam
1457 1145 1569 1186 nulla
1595 1160 1688 1199 spes

292 1224 309 1253 6
336 1219 420 1250 erat
456 1209 642 1263 potiundi
674 1208 836 1257 castris,
875 1208 1038 1263 signum
1074 1208 1254 1261 receptui
1290 1208 1413 1247 dedit.
1474 1207 1583 1260 quod
1619 1206 1687 1246 ubi

336 1270 546 1312 Hannibal
567 1271 721 1324 acecpit
741 1270 1001 1322 laxatamque
1020 1284 1202 1323 pugnam
1223 1276 1261 1309 et
1279 1283 1488 1309 recessum
1508 1284 1531 1309 a
1546 1268 1688 1309 castris

334 1334 448 1381 vidit,
470 1332 675 1386 extemplo
690 1331 894 1384 equitibus
909 1332 1050 1371 dextra
1070 1331 1267 1383 laevaque
1288 1331 1448 1371 emissis
1468 1331 1508 1370 in
1528 1331 1687 1371 hostem

293 1410 308 1437 7
334 1395 423 1448 ipse
449 1409 540 1434 cum
561 1394 743 1447 peditum
762 1393 906 1433 robore
926 1393 1071 1432 mediis
1092 1393 1234 1432 castris
1255 1393 1398 1446 erupit.
1441 1407 1580 1446 pugna
1598 1407 1689 1432 raro

335 1456 467 1511 magis
494 1455 576 1495 ulla
602 1470 725 1495 saeva
750 1464 819 1495 aut
842 1455 1054 1507 utriusque
1079 1454 1206 1508 partis
1226 1455 1404 1508 pernicie
1425 1454 1570 1494 clarior
1588 1454 1687 1494 fuis-

292 1532 310 1560 s
337 1525 416 1566 set,
444 1517 478 1558 si
503 1517 668 1557 extendi
693 1531 783 1556 eam
808 1516 895 1556 dics
921 1516 962 1555 in
986 1516 1156 1569 longum
1182 1515 1358 1569 spatium
1385 1516 1559 1557 sivisset.
1607 1531 1689 1556 nox

335 1594 555 1619 accensum
575 1578 809 1632 ingentibus
830 1578 975 1618 animis
989 1577 1190 1631 proelium
1203 1577 1376 1617 diremit.
1403 1578 1541 1630 itaque
1560 1578 1690 1618 acrior

337 1654 560 1681 concursus
586 1641 663 1681 fuit
688 1655 812 1693 quam
833 1639 999 1688 caedes,
1026 1646 1066 1679 et
1087 1639 1191 1679 sicut
1209 1646 1383 1692 aequata
1402 1639 1531 1679 ferme
1550 1654 1689 1694 pugna

337 1709 439 1750 crat,
466 1702 522 1742 ita
547 1701 661 1741 clade
688 1701 775 1755 pari
800 1701 1029 1741 discessum
1051 1707 1123 1740 est.
1162 1699 1213 1740 ab
1233 1707 1375 1740 neutra
1393 1708 1507 1754 parte
1529 1715 1690 1741 sescen-

293 1780 309 1807 9
337 1764 388 1803 tis
414 1763 505 1816 plus
532 1762 737 1816 peditibus
764 1770 801 1802 et
833 1762 1045 1801 dimidium
1079 1762 1165 1802 eius
1198 1761 1380 1814 equitum
1411 1762 1568 1802 cecidit.
1619 1763 1690 1803 sed

336 1825 465 1865 maior
485 1824 682 1864 Romanis
709 1839 831 1876 quam
858 1839 930 1877 pro
956 1838 1125 1863 numero
1151 1823 1305 1863 iactura
1330 1823 1422 1871 fuit,
1449 1824 1544 1877 quia
1569 1838 1691 1876 eque-

338 1887 431 1926 stris
457 1886 610 1926 ordinis
637 1885 791 1938 aliquot
811 1893 849 1925 et
868 1885 1020 1925 tribuni
1045 1885 1219 1924 militum
1239 1885 1418 1938 quinque
1439 1893 1478 1925 et
1496 1885 1688 1939 praesceti

338 1948 541 1987 sociorum
567 1953 648 1988 tres
676 1954 769 1987 sunt
796 1946 1012 1986 interfecti.

273 2024 311 2053 to
419 2009 657 2051 Secundum
679 2024 769 2049 eam
793 2024 976 2064 pugnam
991 2009 1204 2049 Hannibal
1224 2009 1265 2049 in
1278 2009 1473 2063 LigureS‚
1497 2007 1690 2062 Sempro-

335 2073 428 2112 nius
446 2072 609 2112 Lucam
635 2071 851 2112 concessit.
901 2071 1081 2112 venienti
1105 2071 1147 2111 in
1166 2071 1347 2125 Ligures
1368 2070 1595 2111 Hannibali
1619 2084 1691 2124 per

337 2134 507 2174 insidias
539 2133 753 2187 intercepti
779 2134 860 2173 duo
885 2141 1124 2186 quaestores
1151 2133 1348 2182 Romani,
1377 2133 1426 2174 C.
1453 2133 1626 2173 Fulvius
1652 2140 1690 2172 et

337 2196 390 2236 L.
417 2196 659 2243 Lucretius,
699 2210 792 2235 cum
825 2194 987 2236 duobus
1024 2194 1198 2235 tribunis
1235 2195 1410 2235 militum
1442 2202 1481 2235 et
1511 2195 1690 2247 quinque

338 2259 536 2312 equestris
558 2258 711 2299 ordinis
734 2266 967 2299 senatorum
986 2257 1114 2298 ferme
1133 2257 1285 2306 liberis,
1307 2272 1388 2311 quo
1410 2257 1540 2311 magis
1561 2263 1690 2297 ratam

337 2322 425 2362 fore
451 2336 544 2361 cum
568 2325 602 2362 is
630 2336 773 2375 pacem
800 2321 1119 2373 societatemque
1145 2321 1340 2368 crederet,
1367 2320 1594 2360 traduntur.

416 2382 518 2423 LX.
555 2382 671 2422 Dum
696 2383 796 2423 hacc
822 2382 863 2422 in
889 2382 1009 2422 Italia
1032 2388 1242 2437 geruntur,
1266 2382 1343 2422 Cn.
1361 2381 1578 2422 Cornelius
1602 2379 1692 2421 Sci-

339 2445 406 2498 pio
430 2445 471 2484 in
497 2444 745 2498 Hispaniam
779 2458 871 2484 cum
898 2444 1030 2484 classe
1056 2450 1096 2484 et
1127 2444 1307 2483 exercitu
1339 2443 1490 2484 missus
1522 2457 1615 2482 cum
1640 2441 1691 2481 ab

340 2507 443 2546 ostio
458 2506 646 2546 Rhodani
661 2505 871 2560 profectus
886 2505 1204 2559 Pyrenaeosque
1221 2512 1380 2545 montes
1395 2505 1691 2545 circumvectus

296 2581 313 2609 3
341 2568 532 2621 Emporis
559 2568 786 2621 adpulisset
811 2567 1000 2616 classem,
1022 2567 1208 2620 exposito
1234 2566 1291 2606 ibi
1317 2566 1498 2606 exercitu
1522 2580 1640 2606 orsus
1667 2580 1690 2604 a

340 2629 560 2668 Lacetanis
587 2643 749 2668 omnem
776 2643 889 2668 oram
914 2643 1044 2681 usque
1065 2629 1117 2668 ad
1138 2627 1344 2668 Hiberum
1368 2627 1521 2667 flumen
1545 2625 1691 2680 partim

340 2691 583 2730 renovandis
612 2689 874 2730 societatibus
895 2690 1040 2743 partim
1062 2690 1178 2729 novis
1204 2689 1464 2730 instituendis
1478 2688 1690 2728 Romanae

295 2396 312 2486 {Ob—¹
