1815 3184
323 239 407 280 314
614 244 766 279 LIBER
790 245 937 288 XXVI,
962 244 1084 279 4344.
1114 247 1161 287 [a.
1176 256 1210 278 u.
1226 256 1256 278 0.
1269 245 1351 289 544]

282 365 294 393 1
406 346 683 388 XXXXIIL
757 345 907 387 Cetera
935 360 1040 399 quae
1065 346 1286 387 munienda
1316 354 1430 388 erant
1459 362 1551 389 cum
1583 365 1675 404 per-

326 409 507 457 fecisset,
547 422 672 448 naves
703 407 825 448 etiam
854 407 896 447 in
925 414 1063 461 portu,
1100 408 1212 448 velut
1241 408 1486 449 maritimam
1511 424 1673 463 quoque

325 477 534 512 ostentans
561 468 833 517 obsidionem,
859 468 1069 517 instruxit3
1096 468 1474 523 circumvectusque
1500 470 1673 512 classem

326 546 419 572 eum
449 531 676 572 monuisset
705 530 935 584 praefectos
965 529 1150 578 navium,
1188 537 1232 570 ut
1263 531 1423 585 vigilias
1454 538 1674 574 nocturnas

324 593 467 634 intenti
499 599 724 641 servarent,
762 591 900 632 onmia
931 590 1081 643 ubique
1111 591 1242 645 primo
1273 592 1490 633 obsessum
1514 593 1674 634 hostem

280 670 298 698 2
325 655 480 703 conari,
506 668 719 708 regressus
744 654 787 694 in
811 660 961 701 eastra,
988 659 1033 692 ut
1058 653 1216 693 consilii
1242 654 1305 694 sui
1328 654 1538 703 rationem,
1564 655 1675 707 quod

325 716 376 756 ab
401 716 502 757 urbe
527 715 788 769 potissimum
813 714 1091 769 oppugnanda
1115 713 1266 755 bellum
1286 730 1404 756 orsus
1424 722 1544 765 esset,
1571 716 1676 756 mili-

326 778 435 818 tibus
472 778 705 818 ostenderet
740 786 779 817 et
816 792 931 831 spem
967 776 1188 830 potiundae
1224 777 1473 818 cohortando
1509 777 1674 826 faceret,

283 854 301 883 3
327 840 513 880 contione
544 839 743 879 advocata
778 839 834 879 ita
863 838 1072 878 disseruit:
1112 838 1182 878 ‘ad
1212 838 1357 879 urbem
1387 854 1511 879 unam
1546 853 1676 893 oppu-

325 901 533 956 gnandam
570 901 605 941 si
640 900 730 953 quis
767 915 841 940 vos
878 900 1077 940 adductos
1115 900 1259 949 credit,
1307 900 1342 940 is
1379 901 1511 955 magis
1542 900 1675 954 operis

325 962 449 1002 vestri
475 976 598 1015 quam
617 961 879 1002 emolumenti
903 961 1101 1002 rationem
1121 968 1324 1011 exactam,
1351 962 1512 1011 milites,
1538 961 1674 1002 habet.

327 1023 617 1078 oppugnabitis
650 1024 757 1064 enim
787 1038 881 1063 vere
913 1024 1074 1064 moenia
1104 1023 1224 1065 unius
1257 1023 1388 1073 urbis,
1428 1024 1500 1065 sed
1529 1024 1572 1063 in
1597 1038 1677 1063 una

281 1100 300 1128 4
327 1085 425 1125 urbe
463 1085 694 1125 universam
731 1084 917 1138 ceperitis
954 1084 1213 1138 Hispaniam.
1279 1085 1345 1126 hic
1382 1092 1476 1125 sunt
1511 1084 1675 1126 obsides

327 1147 509 1187 omnium
545 1146 744 1187 nobilium
779 1161 924 1200 regum
961 1146 1312 1200 populorumque3
1360 1147 1430 1199 qui
1472 1146 1594 1187 simul
1634 1146 1676 1186 in

326 1215 527 1262 potestate
564 1215 700 1248 vestra
736 1215 870 1257 erunt,
908 1208 1110 1261 extemplo
1148 1209 1284 1248 onmia
1319 1223 1423 1261 quae
1455 1223 1562 1249 nunc
1599 1208 1676 1249 sub

282 1284 301 1313 5
328 1269 738 1323 Carthaginiensibus
770 1276 865 1309 sunt
895 1270 936 1309 in
966 1269 1167 1309 dicionem
1194 1270 1370 1318 tradent3
1408 1270 1473 1311 hic
1504 1269 1678 1323 pecunia

327 1331 458 1371 omnis
484 1331 682 1379 hostium,
711 1331 796 1371 sine
822 1345 904 1383 qua
928 1345 1059 1383 neque
1080 1331 1136 1370 illi
1155 1345 1296 1385 gerere
1318 1331 1470 1372 bellum
1488 1337 1675 1386 possunt,

326 1393 477 1446 quippe
514 1393 584 1445 qui
614 1392 911 1432 mercennarios
944 1392 1145 1432 exereitus
1178 1393 1304 1439 alant,
1343 1400 1383 1433 et
1418 1407 1522 1445 quae
1558 1393 1676 1434 nobis

283 1468 301 1497 (3
327 1454 507 1494 maximo
533 1454 625 1493 usui
651 1454 703 1493 ad
728 1453 1002 1493 conciliandos
1029 1453 1293 1493 barbarorum
1314 1454 1471 1494 animos
1493 1455 1584 1504 erit3
1609 1454 1677 1495 hic

327 1522 544 1563 tormenta,
594 1530 723 1563 arma,
773 1515 904 1555 omnis
941 1522 1160 1567 apparatus
1198 1514 1291 1554 bclli
1328 1523 1407 1564 est,
1450 1516 1520 1568 qui
1556 1516 1678 1557 simul

285 1592 300 1620 7
327 1592 400 1617 vos
432 1577 603 1616 instruet
633 1584 671 1615 et
702 1576 840 1615 hostes
873 1576 1055 1616 nudabit.
1115 1576 1319 1629 potiemur
1348 1583 1558 1630 praeterea
1583 1592 1676 1618 cum

325 1639 596 1692 pulcherrima
627 1638 1018 1691 opulentissimaque
1049 1637 1168 1687 urbe,
1206 1646 1292 1679 tum
1330 1640 1677 1693 opportunissimo

325 1707 445 1753 portu
471 1699 654 1754 egregio,
680 1700 788 1739 unde
814 1707 919 1739 terra
938 1700 1121 1752 marique
1141 1714 1245 1753 quae
1266 1700 1361 1741 belli
1383 1716 1480 1742 usus
1504 1709 1678 1755 poscunt

327 1761 650 1814 suppeditentur.
712 1775 817 1813 quae
854 1775 947 1801 cum
985 1776 1136 1815 magna
1170 1762 1250 1816 ipsi
1286 1761 1548 1812 habebimus,
1590 1770 1678 1803 tum

281 1837 300 1866 S
327 1822 625 1876 dempserimus
651 1822 838 1863 hostibus
863 1822 991 1863 multo
1017 1822 1182 1863 maiora.
1243 1823 1346 1864 hacc
1370 1824 1448 1864 illis
1475 1839 1567 1873 arx,
1598 1824 1677 1865 1100

325 1884 533 1932 horreum,
567 1885 785 1933 aerarium,
818 1885 1195 1933 armamentarium,
1233 1884 1311 1925 1100
1336 1885 1517 1925 onmium
1540 1900 1676 1926 rerum

325 1946 627 1999 receptaculum
653 1952 731 1995 est,
769 1946 849 1986 huc
873 1953 1008 1986 rectus
1035 1960 1085 1986 ex
1110 1946 1256 1987 Africa
1287 1961 1430 1986 cursus
1457 1953 1537 1995 est,
1574 1947 1676 1988 haec

325 2023 406 2048 una
431 2008 534 2048 inter
547 2008 807 2062 Pyrenaeum
829 2015 866 2049 et
883 2007 1022 2049 Gades
1045 2008 1183 2057 statio,
1210 2008 1305 2048 hine
1324 2008 1435 2049 omni
1448 2008 1676 2062 Hispaniae

281 2085 298 2112 9
325 2070 509 2110 imminet
532 2070 688 2110 Ati-ica.
739 2071 812 2111 sed
837 2070 1030 2123 quoniam
1057 2084 1128 2111 vos
1159 2070 1378 2111 instructos
1405 2077 1444 2110 et
1469 2071 1675 2112 ordinatos

326 2146 554 2185 cognosco,
604 2132 656 2172 ad
694 2131 990 2187 Carthaginem
1031 2146 1180 2172 novam
1225 2133 1544 2187 oppugnandam
1581 2133 1674 2173 totis

261 2207 300 2236 10
326 2194 480 2235 viribus
512 2202 551 2234 et
582 2194 688 2235 bono
719 2194 855 2235 animo
887 2194 1168 2234 transeamus!
1216 2209 1391 2247 cumque
1423 2209 1564 2235 omnes
1597 2209 1677 2235 una

325 2271 425 2296 voce
445 2256 523 2297 1100
542 2256 775 2296 faciendum
801 2256 1114 2304 succlamarent,
1148 2270 1217 2296 eos
1234 2255 1528 2311 Carthaginem
1547 2256 1675 2296 duxit.

327 2325 413 2359 tum
438 2325 543 2358 terra
566 2319 749 2371 marique
776 2332 866 2358 eam
891 2318 1120 2372 oppugnari
1144 2317 1268 2358 iubet.

286 2393 300 2420 1
410 2380 709 2421 XXXXIIII.
747 2380 878 2435 Mago
887 2379 1122 2420 Poenorum
1136 2379 1239 2435 dux]
1256 2395 1349 2421 eum
1369 2387 1475 2421 terra
1493 2381 1675 2433 marique

325 2441 471 2482 instrui
497 2443 845 2497 oppugnationem
870 2442 1042 2490 videret,
1069 2449 1108 2482 et
1132 2442 1220 2496 ipse
1246 2443 1383 2496 copias
1402 2442 1458 2483 ita
1477 2442 1675 2496 disponit:

283 2515 301 2543 2
329 2503 625 2557 oppidanorum
650 2505 730 2544 duo
760 2504 872 2544 milia
897 2503 948 2544 ab
980 2517 1028 2543 ea
1058 2510 1189 2557 parte,
1227 2518 1309 2556 qua
1334 2510 1467 2544 castra
1489 2504 1677 2544 Romana

328 2571 459 2613 erant,
497 2566 682 2619 opponit,
720 2565 953 2620 quingentis
979 2564 1175 2605 militibus
1201 2580 1337 2606 arcem
1361 2565 1527 2614 insedit,
1560 2564 1676 2617 quin-

329 2633 473 2677 gentos
499 2627 655 2668 tumulo
686 2627 798 2668 urbis
833 2628 876 2667 in
907 2626 1103 2667 orientem
1133 2641 1252 2668 verso
1283 2627 1458 2681 inponit;
1494 2626 1675 2666 multitu-

330 2684 466 2725 dinem
496 2686 634 2736 afiani,
672 2702 752 2741 quo
784 2688 954 2736 clamor,
997 2701 1077 2740 quo
1109 2687 1244 2729 subita
1273 2694 1461 2729 vocasset
1488 2701 1572 2736 res,
1613 2686 1671 2726 in-
