1815 3184
329 226 384 266 28
653 234 806 268 LIBER
831 234 943 276 xxi,
970 234 1024 267 33.
1045 234 1099 267 34.
1128 233 1366 277 [a.u.e.536]

328 337 707 385 consternabantur,
740 344 785 376 ut
811 343 989 391 stragem
1014 336 1224 390 ingentem
1251 336 1371 376 simul
1396 336 1608 378 hominum
1639 353 1686 378 ac

285 414 300 442 7
329 399 580 439 sarcinarum
607 398 738 438 omnis
766 399 928 452 generis
948 398 1142 439 facerent.
1181 397 1414 451 multosque
1433 398 1564 448 turba,
1592 414 1685 440 cum

325 460 568 513 praecipites
596 459 873 512 deruptaeque
899 460 1104 512 utrimque
1130 459 1346 514 angustiae
1372 466 1527 509 essent,
1560 461 1602 501 in
1626 463 1686 502 111-

326 536 514 561 mensum
541 521 766 561 altitudinis
793 521 957 570 deiecit,
985 521 1186 574 quosdam
1213 528 1251 561 ct
1277 530 1474 570 armatos3
1508 524 1580 563 sed
1604 524 1686 563 rui-

325 597 401 623 nae
426 583 628 623 maximae
655 583 778 623 modo
803 583 986 623 iumenta
1012 598 1105 623 cum
1132 582 1323 623 oneribus
1349 583 1683 627 devolvebantur.

279 659 298 688 8
325 659 429 697 quae
461 659 711 697 quamquam
738 644 860 685 foeda
884 645 978 685 visu
1002 651 1134 693 erant,
1169 644 1279 685 stetit
1303 659 1524 699 parumper
1549 654 1686 687 tamen

324 706 536 747 Hannibal
563 721 609 747 ac
630 722 727 747 suos
749 707 967 756 continuit,
994 721 1045 746 ne
1066 706 1286 746 tumultum
1306 721 1353 747 ac
1373 707 1685 761 trepidationem

280 785 297 812 9
325 776 504 822 augeret.
555 768 722 817 deinde,
756 775 975 823 postquam
1007 768 1247 821 interrumpi
1280 784 1430 822 agmen
1455 769 1555 809 vidit
1580 770 1686 824 peri-

325 830 544 883 culumque
571 845 680 879 esse,
707 845 758 870 ne
784 838 954 870 exutum
979 830 1267 884 inpedimentis
1295 831 1518 871 exercitum
1543 832 1686 884 nequi-

323 908 447 946 quam
480 892 729 932 incolumem
761 892 1030 941 traduxisset,
1069 892 1247 932 decurrit
1278 907 1329 932 ex
1362 892 1570 946 superiore
1594 893 1684 933 1000

324 965 380 1003 01,
408 969 502 995 011111
529 954 685 1008 impetu
710 954 799 1008 ipso
826 954 1002 994 fudisset
1026 954 1206 1003 hostem,
1235 954 1319 994 suis
1345 969 1508 1007 quoque
1535 955 1685 995 tumul-

262 1032 298 1059 1o
326 1025 411 1056 tum
438 1016 562 1056 auxit.
615 1016 687 1056 sed
712 1016 746 1056 is
773 1015 972 1056 tumultus
993 1023 1202 1056 momento
1223 1016 1437 1070 temporis,
1464 1024 1683 1070 postquam

321 1078 492 1119 liberata
524 1078 668 1118 itinera
693 1078 794 1132 fuga
820 1084 1107 1118 montanorum
1134 1085 1266 1126 erant,
1301 1078 1478 1126 sedatur,
1512 1093 1587 1118 nec
1612 1093 1685 1132 per

323 1141 451 1181 otium
488 1140 630 1188 modo,
682 1140 753 1180 sed
796 1154 922 1194 prope
966 1140 1126 1180 silentio
1170 1155 1267 1180 mox
1310 1154 1452 1180 omnes
1495 1140 1682 1180 traducti.

259 1216 293 1245 11
324 1202 536 1243 castellum
562 1203 675 1250 inde,
709 1203 818 1255 quod
843 1209 966 1256 caput
992 1202 1079 1242 eius
1105 1202 1285 1257 regionis
1312 1210 1415 1251 erat,
1442 1202 1682 1255 viculosque

323 1264 604 1304 circumiectos
638 1264 764 1318 capit,
803 1270 842 1304 et
873 1271 992 1318 capto
1027 1262 1156 1318 [cibo]
1190 1278 1236 1304 ac
1268 1264 1485 1318 pecoribus
1516 1279 1590 1318 per
1614 1264 1683 1304 tri-

322 1328 448 1367 duum
482 1327 705 1367 exercitum
738 1326 837 1366 aluit
871 1335 928 1375 et,
967 1327 1063 1379 quia
1093 1341 1168 1366 nec
1201 1327 1405 1367 montanis
1436 1327 1567 1380 primo
1592 1341 1683 1380 per-

321 1389 445 1429 culsis
471 1404 545 1429 nec
572 1389 662 1429 loco
688 1403 838 1443 magno
858 1403 980 1443 opere
1001 1388 1326 1443 inpediebantur,
1354 1388 1608 1441 aliquantum
1634 1403 1682 1429 eo

321 1451 455 1491 triduo
482 1451 571 1491 viae
598 1450 786 1491 confecit.

278 1528 295 1557 1
406 1513 658 1553 XXXIIII.
698 1512 949 1553 Perventum
975 1512 1069 1552 indc
1096 1513 1148 1553 ad
1173 1513 1429 1566 frequentem
1456 1512 1680 1554 cultoribus

323 1575 469 1623 alium,
496 1582 539 1615 ut
560 1575 664 1615 inter
684 1582 913 1623 montanos,
941 1574 1153 1629 populum.
1203 1575 1259 1615 ibi
1285 1590 1366 1615 non
1393 1574 1500 1615 bello
1526 1582 1679 1629 apertO,

323 1637 395 1677 scd
422 1637 506 1677 suis
533 1636 707 1685 artibus,
741 1636 886 1677 fraude
913 1644 951 1677 et
977 1636 1155 1685 insidiis,
1189 1644 1249 1677 est
1275 1651 1401 1690 prope
1428 1637 1682 1677 circumven-

320 1707 398 1740 tus.
451 1714 602 1753 niagno
635 1709 734 1739 natu
767 1699 972 1753 principes
1005 1699 1264 1739 castellorum
1291 1706 1471 1739 oratores
1498 1699 1550 1739 ad
1574 1698 1681 1739 Poe-

319 1776 418 1800 num
450 1761 636 1809 veniunt,
675 1761 818 1801 alienis
850 1761 986 1809 malis,
1020 1761 1108 1800 utili
1141 1761 1329 1815 exemplo
1355 1761 1497 1801 doctos
1524 1775 1680 1801 memo-

317 1830 453 1862 rantes
496 1822 718 1862 amicitiam
762 1822 882 1863 malle
926 1838 1049 1875 quam
1093 1823 1175 1862 vim
1220 1823 1394 1876 experiri
1429 1822 1678 1870 Poenorum,

273 1900 291 1928 3
318 1884 454 1937 itaque
480 1884 744 1924 oboedienter
768 1885 965 1938 imperata
986 1885 1186 1925 facturos:
1213 1891 1486 1925 commeatum
1505 1884 1680 1924 itineris-

319 1962 398 1999 que
436 1948 561 1987 duces
600 1954 639 1986 et
676 1947 727 1987 ad
763 1947 887 1987 fidem
925 1947 1221 2000 promissorum
1260 1946 1424 1987 obsides
1463 1946 1676 2000 acciperet.

273 2023 290 2050 4
317 2008 529 2049 Hannibal
563 2023 637 2048 1100
673 2017 822 2049 temere
848 2009 1097 2049 credendum
1123 2023 1198 2048 nec
1224 2008 1526 2062 aspernandum
1551 2015 1676 2056 ratus,

316 2085 365 2110 ne
397 2071 599 2124 repudiati
631 2079 771 2124 aperte
802 2070 942 2111 hostes
975 2070 1138 2119 fierent,
1177 2070 1354 2124 benigne
1385 2084 1479 2110 cum
1509 2084 1678 2122 respon-

317 2132 463 2181 disset,
491 2132 706 2173 obsidibus
727 2147 830 2185 quos
851 2132 1003 2173 dabant
1030 2132 1208 2186 acceptis
1235 2140 1274 2172 et
1299 2139 1531 2172 commeatu
1556 2145 1677 2184 quem

316 2194 357 2233 in
383 2194 490 2234 viam
516 2195 595 2249 ipsi
621 2194 850 2235 detulerant
876 2210 996 2243 usus,
1023 2209 1284 2247 nequaquam
1309 2201 1352 2233 ut
1373 2194 1477 2234 inter
1495 2198 1676 2247 pacatos,

273 2272 290 2299 ῡ
317 2257 530 2310 conposito
563 2257 726 2311 agmine
758 2257 883 2297 duces
912 2272 1052 2297 eorum
1080 2257 1274 2309 sequitur.
1324 2255 1501 2310 primum
1528 2269 1677 2309 agmen

316 2317 522 2371 elephanti
556 2327 593 2358 et
621 2319 778 2371 equites
805 2326 937 2367 erant,
971 2318 1058 2372 ipse
1084 2326 1178 2372 post
1204 2333 1297 2358 cum
1324 2317 1468 2358 robore
1493 2316 1674 2371 peditum

274 2395 290 2423 6
317 2380 665 2434 circumspectans
693 2380 974 2433 sollicitusque
1001 2381 1137 2421 omnia
1161 2379 1389 2420 incedebat.
1444 2378 1514 2419 ubi
1540 2378 1580 2418 in
1606 2393 1677 2418 an-

315 2443 540 2496 gustiorem
577 2443 687 2483 viam
724 2450 763 2482 et
799 2450 913 2497 parte
952 2442 1077 2482 altera
1116 2442 1340 2483 subiectam
1378 2441 1474 2495 iugo
1511 2441 1678 2494 insuper

315 2504 528 2544 inminenti
553 2512 722 2545 ventum
748 2512 828 2553 031,
855 2505 1036 2557 undique
1058 2520 1107 2544 ex
1127 2504 1285 2544 insidiis
1307 2502 1468 2544 barbari
1489 2518 1511 2542 a
1531 2501 1674 2549 fronte,

317 2565 366 2606 ab
399 2572 514 2620 tergo
546 2567 673 2607 coorti
706 2567 954 2615 comminus,
989 2567 1147 2607 eminus
1173 2573 1335 2620 petunt,
1371 2580 1470 2605 saxa
1494 2563 1676 2619 ingentia

274 2641 289 2669 7
317 2627 358 2666 111
401 2642 550 2681 agmen
594 2628 828 2668 devolvunt.
889 2628 1070 2669 maxima
1113 2628 1164 2668 ab
1207 2635 1322 2682 tergo
1365 2627 1427 2667 vis
1464 2626 1672 2666 hominum

320 2688 503 2741 urgebat.
554 2690 594 2730 in
626 2705 696 2730 eos
729 2705 847 2730 versa
880 2690 1062 2744 peditum
1094 2690 1201 2730 acics
1233 2689 1331 2729 haut
1363 2687 1532 2728 dubium
1563 2685 1672 2733 fecit,

275 1715 292 1743 10
