1815 3184
278 221 360 262 312
605 225 760 260 LIBER
782 224 929 267 XXVI,
955 224 1009 257 41.
1036 226 1084 266 [a.
1100 234 1132 257 u.
1150 234 1180 257 e.
1205 223 1288 267 544]

210 348 250 377 14
275 346 383 373 nunc
408 329 660 384 benignitate
685 327 808 368 desim
834 326 971 367 omnia
996 325 1192 375 secunda,
1230 340 1443 380 prospera,
1473 327 1516 367 in
1540 327 1626 368 dies

212 409 250 438 15

212 531 250 560 16

214 840 251 868 1ῖ

214 1148 252 1176 18

218 1518 256 1547 19

219 2383 259 2412 ’23

219 2506 261 2534 24

222 2628 262 2658 ‘25

275 394 443 434 laetiora
469 405 515 431 ac
540 389 708 430 meliora
731 389 774 429 in
798 388 918 428 Italia
940 386 1161 440 Siciliaque
1186 394 1401 442 geruntur3
1427 388 1469 427 in
1489 387 1628 429 Sicilia

279 454 528 508 Syracusae,
566 451 844 505 Agrigentum
869 458 1054 503 captum,
1091 449 1199 503 pulsi
1225 455 1308 490 tota
1332 449 1466 490 insula
1490 449 1627 490 hostes

276 521 521 568 receptaque
556 512 765 567 provincia
800 512 842 551 in
879 511 1038 551 dicione
1075 511 1215 565 populi
1244 511 1422 552 Romani
1458 517 1538 560 est3
1587 511 1630 551 in

276 576 394 617 Italia
408 575 514 629 Arpi
537 574 707 628 recepti,
736 573 882 627 Capua
907 579 1044 626 capta3
1070 573 1146 613 iter
1165 587 1284 613 omne
1305 572 1356 613 ab
1376 572 1475 613 urbe
1496 573 1631 613 Roma

276 638 433 692 trepida
469 638 570 691 fuga
605 651 797 677 emensus
823 634 1052 683 Hannibal,
1090 634 1133 674 in
1169 642 1396 674 extremum
1433 634 1629 689 angulum

276 700 364 755 agri
399 699 551 739 Bruttii
587 697 827 751 conpulsus,
870 696 970 736 nihil
1006 696 1087 736 iam
1124 696 1255 736 maius
1292 702 1481 749 precatur
1517 696 1629 744 deos,

276 776 400 814 quam
436 767 480 801 ut
515 759 710 800 incolumi
745 759 890 800 cedere
921 764 1043 810 atquc
1079 757 1191 798 abire
1222 772 1273 797 ex
1309 757 1490 797 hostium
1527 763 1633 797 terra

279 824 410 864 liceat.
471 821 569 874 quid
593 821 718 875 igitur
743 820 878 860 minus
906 819 1140 868 conveniat,
1171 818 1338 866 milites,
1365 833 1507 871 quam,
1540 832 1633 858 011111

278 884 380 926 31130
419 898 542 939 super
577 883 677 923 alias
714 881 851 922 clades
890 880 1194 922 cumularentur
1229 895 1277 920 ac
1313 880 1353 920 di
1388 894 1515 934 prope
1555 879 1634 933 ipsi

278 961 371 989 011111
402 944 639 987 Hannibale
672 950 842 993 starent,
880 958 953 984 vos
984 942 1050 983 hic
1082 958 1175 983 eum
1206 942 1442 996 parentibus
1475 941 1577 982 meis
1602 966 1635 970 —

278 1015 504 1062 aequentur
545 1007 653 1047 enim
690 1006 813 1047 etiam
848 1005 1001 1046 honore
1038 1005 1214 1046 nominis
1239 1029 1272 1033 —
1298 1004 1541 1045 sustinuisse
1576 1003 1635 1043 la-

278 1071 444 1111 bantem
470 1070 676 1109 fortunam
700 1067 841 1122 populi
864 1067 1061 1116 Romani,
1087 1081 1196 1107 nunc
1221 1067 1405 1115 eosdem,
1433 1066 1529 1119 quia
1552 1065 1633 1105 illic

281 1133 417 1174 onmia
454 1131 635 1172 secunda
670 1130 858 1182 laetaque
897 1137 1014 1178 sunt,
1064 1129 1210 1169 animis
1248 1128 1452 1169 deficere?
1504 1142 1635 1180 nuper

279 1208 442 1248 quoque
462 1207 566 1246 quae
588 1192 840 1240 acciderunt,
868 1191 1023 1231 utinam
1043 1198 1125 1231 tam
1146 1190 1232 1231 sine
1257 1205 1349 1230 meo
1373 1190 1485 1229 luctu
1511 1204 1634 1242 quam

283 1256 439 1312 [vestro
466 1253 724 1295 transissent!
783 1268 891 1294 nunc
917 1254 971 1293 dii
1002 1252 1249 1293 immortales
1274 1252 1434 1305 imperii
1458 1250 1633 1293 Romani

281 1317 509 1373 praesides,
548 1316 618 1369 qui
654 1316 847 1356 centuriis
885 1314 1076 1355 omnibus
1113 1321 1156 1354 ut
1187 1313 1287 1353 mihi
1322 1313 1538 1367 imperium
1574 1312 1635 1351 iu-

281 1380 424 1421 berent
448 1379 536 1419 dari
559 1378 673 1418 fuere
700 1384 904 1425 auctores,
937 1377 1060 1416 iidem
1087 1375 1268 1429 auguriis
1294 1374 1569 1427 auspiciisque
1597 1380 1634 1413 et

282 1457 355 1496 per
384 1448 604 1482 nocturnos
638 1440 759 1480 etiam
790 1439 903 1479 visus
936 1438 1073 1478 omnia
1102 1437 1209 1477 laeta
1240 1450 1287 1476 ac
1317 1450 1514 1489 prospera
1544 1449 1636 1488 por-

283 1504 466 1545 tendunt.
528 1502 686 1542 animus
725 1514 886 1553 quoque
925 1514 1060 1547 meus,
1098 1499 1302 1538 maximus
1340 1497 1440 1537 mihi
1476 1496 1528 1536 ad
1558 1496 1636 1536 hoc

282 1574 443 1619 tempus
469 1570 601 1612 vates,
633 1562 857 1616 praesagit,
896 1568 1076 1601 nostram
1102 1559 1349 1613 Hispaniam
1376 1573 1485 1606 esse,
1523 1557 1637 1598 brevi

283 1634 441 1668 extorre
466 1625 561 1665 hinc
587 1638 706 1665 omne
725 1623 929 1664 Punicum
954 1637 1103 1663 nomen
1129 1621 1256 1661 maria
1281 1628 1489 1673 terrasque
1516 1619 1638 1659 foeda

283 1689 383 1742 fuga
408 1686 683 1741 impleturum.
744 1685 855 1738 quod
885 1699 1000 1725 mens
1034 1699 1108 1724 sua
1144 1691 1288 1737 sponte
1320 1683 1491 1730 divinat,
1528 1681 1638 1721 idem

283 1750 430 1791 subicit
454 1749 557 1789 ratio
582 1748 693 1788 haud
718 1747 856 1788 fallax.
894 1747 1031 1787 vexati
1051 1746 1102 1786 ab
1123 1746 1170 1786 iis
1192 1746 1291 1787 socii
1315 1754 1495 1786 nostram
1515 1744 1637 1784 fide-m

281 1827 354 1867 per
377 1811 534 1865 legatos
561 1810 796 1864 implorant,
835 1817 916 1850 tres
948 1809 1072 1849 duces
1106 1808 1405 1855 discordantes,
1443 1820 1569 1860 prope
1594 1816 1639 1845 ut

283 1873 504 1914 defecerint
531 1872 598 1912 alii
623 1871 674 1912 ab
700 1871 802 1920 aliis,
829 1871 1027 1911 trifariam
1053 1871 1275 1911 exereitum
1300 1870 1342 1909 in
1367 1869 1549 1909 diversas
1575 1881 1638 1907 re-

282 1937 425 1991 giones
463 1935 706 1975 distraxere:
746 1934 889 1974 eadem
926 1934 967 1973 111
1002 1933 1093 1973 11105
1130 1932 1282 1987 ingruit
1312 1931 1495 1978 fortuna,
1533 1943 1638 1981 quae

282 2012 412 2052 nuper
437 2012 510 2037 nos
537 1996 713 2045 adflixit3
750 2011 846 2036 nam
872 2003 911 2036 et
936 1995 1181 2035 deseruntur
1206 1993 1256 2034 ab
1285 1993 1424 2041 sociis,
1457 1999 1501 2032 ut
1525 1991 1638 2045 prius

283 2059 334 2100 ab
363 2058 581 2105 Celtiberis
612 2073 707 2106 nos,
746 2065 784 2098 et
809 2058 1006 2097 diduxere
1037 2056 1259 2104 exercitus,
1297 2069 1401 2107 quae
1432 2053 1538 2107 patri
1567 2067 1640 2106 pa-

284 2129 456 2174 truoque
494 2135 584 2162 meo
623 2135 748 2160 eausa
785 2120 896 2160 exitii
931 2119 1020 2159 fuit.
1091 2132 1167 2158 nec
1203 2117 1406 2157 discordia
1447 2114 1641 2155 intestina

284 2184 390 2225 coire
417 2197 486 2223 eos
513 2183 553 2222 in
581 2197 706 2223 unum
739 2182 844 2222 sinet
868 2196 1001 2235 neque
1028 2181 1179 2235 singuli
1203 2179 1321 2220 nobis
1352 2178 1542 2219 resistere
1567 2191 1641 2230 po-

284 2252 430 2286 terunt.
503 2259 576 2285 vos
614 2244 755 2292 modo,
804 2244 971 2292 milites,
1020 2243 1155 2283 favete
1192 2241 1347 2282 nomini
1386 2239 1639 2294 Scipionum,

285 2307 418 2348 suboli
453 2308 746 2361 imperatorum
789 2312 1016 2346 vestrorum
1058 2304 1169 2345 velut
1211 2303 1355 2344 accisis
1398 2301 1642 2342 recrescenti

287 2369 493 2423 stirpibus.
532 2368 652 2423 agite,
680 2368 828 2408 milites
848 2374 1026 2416 veteres,
1051 2381 1205 2407 novum
1226 2364 1448 2406 exercitum
1469 2378 1643 2404 novum-

286 2446 363 2484 que
385 2432 531 2471 dueem
546 2431 744 2471 traducite
759 2429 983 2478 Hiberum,
1006 2429 1202 2469 traducite
1222 2428 1264 2468 in
1278 2434 1404 2468 terras
1425 2441 1518 2467 cum
1537 2424 1642 2465 mul-

287 2494 337 2533 tis
363 2493 538 2534 fortibus
564 2493 684 2534 factis
711 2507 833 2546 saepe
859 2508 882 2533 a
907 2492 1023 2533 vobis
1050 2498 1300 2546 peragratas.
1354 2488 1469 2530 brevi
1493 2487 1642 2528 faciam

286 2563 348 2603 ut,
386 2569 508 2607 quem
534 2555 586 2596 ad
610 2555 779 2595 modum
803 2554 1015 2595 noscitatis
1040 2554 1081 2593 111
1106 2568 1171 2593 1110
1196 2552 1323 2606 patris
1348 2550 1563 2605 patruique
1590 2548 1643 2588 si-

289 2616 559 2657 militudinem
585 2617 665 2657 oris
692 2616 911 2669 vultusque
937 2622 975 2656 et
1000 2615 1245 2655 lineamenta
1271 2612 1470 2666 corporis,
1501 2610 1558 2650 ita
1581 2609 1642 2648 in-

289 2677 418 2731 genii,
445 2678 539 2718 fidei
558 2678 801 2731 virtutisque
826 2677 1098 2731 (exemplum)
1124 2676 1304 2730 effigiem
1324 2673 1441 2714 vobis
1460 2670 1640 2717 reddam,
