1815 3184
483 226 633 260 LIBER
657 225 787 269 xxx,
813 226 865 259 ⁶28.
882 225 935 260 29.
964 227 1011 268 [a.
1028 224 1161 268 G.202]
1418 214 1498 256 511

159 331 230 371 fiat
265 330 452 372 homines
489 345 655 385 passos,
691 329 904 385 perfusum
940 329 1100 369 miliens
1132 343 1274 369 cruore
1298 328 1502 376 Romano,

159 393 329 434 exuvias
354 408 437 433 non
461 392 636 433 militum
660 399 837 441 tantum,
865 392 938 432 sed
962 391 1084 432 etiam
1108 391 1385 446 inperatorum
1409 406 1503 446 por-

159 462 326 496 tantem.
386 455 536 495 multos
573 469 814 495 occursuros
848 453 1031 508 Scipioni
1066 453 1108 493 in
1139 453 1242 502 acie,
1281 453 1349 506 qui
1384 468 1502 508 prae-

159 524 287 565 tores,
320 516 388 570 qui
412 516 698 571 imperatores,
732 516 799 569 qui
826 515 1015 557 consules
1041 516 1252 556 Romanos
1280 530 1354 556 sua
1377 530 1502 555 manu

160 578 426 627 occidissent,
475 579 699 619 muralibus
744 577 1048 631 vallaribusque
1094 578 1278 633 insignes
1327 577 1502 626 coronis,

158 647 406 695 pervagatos
445 648 564 695 capta
600 648 751 689 castra,
790 647 929 695 captas
966 641 1088 681 urbes
1126 641 1350 681 Romanas.
1420 656 1503 681 non

159 717 250 743 esse
276 702 397 743 hodie
423 710 482 743 tot
507 703 641 744 fasces
666 702 975 757 magistratibus
1006 703 1147 757 populi
1171 702 1367 751 Romani,
1405 710 1504 754 quot

159 772 300 820 captos
327 779 379 805 ex
403 765 527 805 caede
553 765 844 820 imperatorum
874 766 1081 820 praeferre
1111 772 1254 820 posset
1277 764 1501 805 Hannibal.

158 826 233 866 has
259 826 498 867 formidines
525 827 718 882 agitando
745 827 890 867 animis
916 827 996 881 ipsi
1020 842 1138 868 curas
1165 835 1205 868 et
1224 836 1357 868 metus
1378 841 1504 881 auge-

157 888 273 937 bant3
329 889 452 929 etiam
488 890 615 942 quod,
659 904 752 929 cum
788 889 1033 930 adsuessent
1073 904 1146 944 per
1183 889 1336 942 aliquot
1373 903 1502 929 annos

157 949 311 990 bellum
348 960 441 991 ante
478 951 618 992 oculos
656 951 744 991 aliis
782 959 903 1004 atque
940 951 1028 992 aliis
1065 951 1107 991 in
1137 951 1281 992 Italiae
1317 951 1502 1006 partibus

157 1011 268 1052 lenta
294 1028 366 1067 spe
392 1013 433 1053 in
458 1014 614 1053 nullum
639 1013 914 1068 propinquum
941 1014 1173 1053 debellandi
1197 1014 1322 1054 finem
1347 1028 1503 1068 gerere,

157 1084 371 1115 erexerant
402 1075 583 1115 omnium
614 1074 771 1114 animos
805 1073 944 1128 Scipio
977 1082 1017 1114 et
1041 1075 1273 1123 Hannibal,
1311 1076 1422 1115 velut
1452 1075 1504 1115 ad

157 1151 395 1190 supremum
421 1144 628 1176 certamen
653 1136 877 1190 comparati
903 1137 1042 1176 duces.
1092 1137 1128 1177 ei
1154 1151 1329 1189 quoque,
1356 1137 1502 1190 quibus

156 1205 242 1238 erat
277 1197 423 1252 ingens
460 1197 503 1237 in
535 1196 728 1252 Scipione
764 1198 914 1238 fiducia
951 1206 989 1239 et
1028 1198 1222 1239 victoriae
1259 1214 1373 1253 spes,
1423 1214 1503 1252 quo

155 1259 287 1315 magis
317 1259 360 1300 in
389 1260 661 1314 propinquam
692 1275 781 1300 eam
812 1260 1082 1301 imminebant
1106 1260 1271 1310 animis,
1309 1276 1357 1301 eo
1383 1275 1504 1302 curae

155 1330 271 1363 erant
306 1323 547 1364 intentioris.
609 1323 719 1364 haud
756 1323 895 1378 dispar
931 1323 1095 1364 habitus
1134 1323 1363 1364 animorum
1400 1323 1504 1364 Car-

156 1385 483 1440 thaginiensibus
510 1392 613 1434 erat,
652 1399 753 1438 quos
780 1385 901 1426 modo
927 1385 1081 1440 petisse
1106 1400 1271 1441 pacem,
1308 1386 1503 1427 intuentis

155 1447 436 1488 Hannibalem
461 1461 507 1487 ac
531 1462 668 1488 rerum
693 1455 904 1501 gestarum
929 1448 1016 1488 eius
1042 1448 1381 1502 magnitudinem,
1407 1464 1505 1504 pae-

155 1509 329 1557 nitebat,
355 1509 496 1558 modo,
529 1524 621 1549 cum
645 1509 897 1564 respicerent
921 1509 984 1550 bis
1011 1525 1103 1550 sese
1129 1510 1214 1551 acie
1240 1510 1389 1559 victos,
1424 1509 1503 1564 Sy-

155 1571 329 1626 phacem
355 1579 536 1626 captum,
563 1571 705 1626 pulsos
733 1586 776 1612 se
801 1572 1025 1626 Hispania,
1052 1572 1194 1626 pulsos
1220 1573 1353 1622 Italia,
1381 1581 1502 1626 atque

156 1649 204 1674 ea
229 1633 366 1673 omnia
394 1633 515 1674 unius
541 1634 689 1674 virtute
720 1642 760 1674 et
791 1634 960 1674 consilio
989 1632 1195 1689 Scipionis
1227 1635 1353 1683 facta,
1391 1635 1503 1676 velut

156 1696 322 1736 fatalem
348 1710 442 1735 eum
468 1696 615 1737 ducem
639 1696 681 1736 in
705 1696 874 1736 exitium
901 1711 1020 1736 suum
1044 1704 1187 1736 natum
1211 1696 1445 1738 horrebant.

238 1758 482 1800 XXVIIII.
520 1759 611 1799 Iam
624 1758 930 1799 Hadrumetum
951 1767 1119 1799 venerat
1131 1759 1356 1808 Hannibal,
1378 1760 1500 1809 unde,

155 1821 207 1861 ad
230 1821 495 1862 reficiendum
520 1837 571 1862 ex
595 1821 812 1863 iactatione
837 1822 1041 1863 maritima
1060 1822 1229 1863 militem
1254 1823 1395 1878 paucis
1417 1823 1502 1864 die-

153 1884 230 1924 bus
257 1883 450 1938 sumptis,
482 1884 639 1925 excitus
665 1884 826 1939 pavidis
851 1885 1003 1925 nuntiis
1031 1885 1167 1926 omnia
1192 1884 1299 1925 circa
1325 1884 1501 1926 Cartha—

153 1946 292 2001 ginem
339 1946 513 1987 obtineri
561 1947 683 1987 armis
733 1947 1028 1996 adferentium,
1077 1947 1238 2002 magnis
1286 1947 1500 1988 itineribus

155 2009 327 2050 Zamam
351 1998 573 2050 contendit.
634 2009 764 2050 Zama
788 2009 966 2063 quinque
993 2010 1150 2050 dierum
1175 2010 1251 2050 iter
1276 2025 1300 2050 a
1325 2009 1501 2051 Cartha-

154 2071 248 2125 gine
286 2072 414 2112 abest.
474 2071 568 2112 inde
604 2072 821 2127 praemissi
852 2073 1130 2127 speculatores
1163 2086 1256 2112 cum
1286 2073 1447 2128 excepti
1478 2088 1502 2114 a

155 2133 393 2174 custodibus
418 2134 618 2175 Romanis
646 2134 809 2175 deducti
835 2135 887 2175 ad
913 2133 1151 2189 Scipionem
1182 2142 1338 2183 essent,
1376 2135 1501 2175 tradi-

155 2201 218 2235 tos
255 2210 325 2236 eos
362 2196 534 2236 tribunis
571 2196 745 2236 militum
780 2196 998 2250 iussosque
1034 2196 1188 2237 omisso
1224 2205 1336 2237 metu
1367 2197 1499 2238 visere

154 2257 292 2297 omnia
325 2272 398 2312 per
436 2265 587 2307 castra,
635 2273 716 2311 qua
752 2259 921 2307 vellent,
969 2258 1218 2299 circumduci
1252 2259 1372 2300 iussit
1408 2275 1500 2314 per-

155 2327 470 2372 cunctatusque,
510 2319 615 2360 satin
644 2335 718 2374 per
749 2321 1010 2362 commodum
1039 2321 1176 2362 omnia
1200 2321 1496 2376 explorassent,

155 2380 260 2420 datis
298 2381 367 2433 qui
402 2390 747 2435 prosequerentur
781 2392 889 2424 retro
928 2384 980 2423 ad
1014 2383 1295 2424 Hannibalem
1332 2384 1497 2426 dimisit.

153 2444 365 2484 Hannibal
396 2444 497 2484 nihil
527 2445 692 2498 quidem
723 2460 864 2486 eorum
894 2460 999 2499 quae
1029 2447 1322 2487 nuntiabantur
1346 2472 1379 2476 —
1403 2463 1496 2488 nam

154 2514 195 2546 et
217 2506 487 2547 Masinissam
512 2521 606 2547 cum
631 2522 703 2548 sex
729 2508 893 2549 milibus
925 2509 1127 2564 peditum,
1166 2517 1355 2562 quattuor
1385 2511 1498 2563 equi-

153 2575 239 2608 tum
276 2568 438 2609 venisse
470 2583 518 2610 eo
548 2569 638 2624 ipso
670 2570 774 2611 forte
806 2571 870 2611 die
902 2572 1199 2612 adferebant-
1222 2572 1330 2612 laeto
1361 2572 1496 2614 animo

153 2630 282 2678 audit,
319 2630 496 2672 maxime
528 2631 683 2672 scilicet
718 2631 848 2673 hostis
884 2633 1034 2674 fiducia
1061 2632 1370 2689 [audacia]que,
1412 2650 1495 2676 non

152 2692 202 2732 de
227 2692 354 2733 nihilo
378 2692 563 2747 profecto
589 2702 799 2748 concepta,
824 2709 1046 2749 percussus
1072 2704 1147 2737 est.
1195 2695 1332 2749 itaque
1352 2711 1494 2750 quam-

1531 1337 1571 1366 10

1531 1524 1567 1552 ll

1526 2023 1544 2052 10

1518 2712 1537 2740 5
