1815 3184
471 226 624 261 LIBER
648 225 777 270 XXV,
804 225 930 261 15.16.
960 227 1008 268 [a.
1024 224 1061 259 e.
1075 225 1156 268 212]
1412 215 1495 256 233

144 329 279 371 subita
298 329 410 378 belli,
439 330 473 369 si
493 328 722 377 Hannibal,
749 328 859 381 quod
883 327 1086 369 facturum
1106 327 1216 368 haud
1243 326 1496 376 dubitabant,

144 392 196 432 ad
226 406 346 446 opem
376 391 587 431 ferendam
618 390 738 431 sociis
767 389 955 444 Capuam
985 390 1183 439 venisset,
1222 389 1378 443 equites
1414 389 1498 429 vim

144 453 344 494 sustinere
368 459 555 507 possent,
583 452 646 492 Ti.
663 450 897 493 Gracchum
924 466 973 491 ex
988 452 1171 492 Lucanis
1197 466 1290 492 cum
1316 451 1499 504 equitatu

144 529 190 555 ac
227 515 307 555 levi
344 521 548 555 armatura
572 514 859 553 Beneventum
895 513 1032 553 venire
1068 513 1226 554 iubent:
1264 512 1497 568 legionibus

144 576 385 630 stativisque
422 576 474 616 ad
510 575 752 616 obtinendas
787 589 853 615 res
889 574 930 614 in
960 575 1144 615 Lucanis
1177 574 1354 628 aliquem
1384 588 1500 629 prae-

143 637 293 678 ficeret.

226 698 351 738 XVI.
403 697 604 747 Graccho,
625 698 863 752 priusquam
885 712 936 738 ex
948 698 1134 738 Lucanis
1154 704 1348 746 moveret,
1377 697 1500 737 sacri·
1528 712 1540 739 1

144 760 279 800 ficanti
299 761 411 800 triste
430 760 662 814 prodigium
677 760 830 800 factum
851 768 930 800 est:
957 760 1009 800 ad
1029 766 1121 800 exta
1142 759 1340 800 sacrificio
1354 770 1499 813 perpe·
1525 772 1543 800 2

143 829 246 861 trato
261 836 416 876 angues
431 822 512 862 duo
527 836 577 861 ex
592 821 750 862 occulto
770 821 929 875 adlapsi
950 821 1123 861 adedere
1143 821 1255 861 iecur
1274 821 1501 874 conspecti-

143 898 221 935 que
242 890 408 937 repente
429 898 479 922 ex
498 882 626 923 oculis
652 882 850 923 abierunt.
877 882 919 922 id
939 897 1032 922 cum
1052 882 1316 936 haruspicum
1340 883 1499 922 monitu
1525 897 1543 925 3

144 944 388 984 sacrificium
418 944 712 984 instauraretur
742 950 864 996 atque
894 944 1087 984 intentius
1120 951 1214 984 exta
1243 958 1501 984 reservaren-

145 1014 225 1055 tur,
275 1006 421 1045 iterum
459 1020 505 1045 ac
542 1005 706 1045 tertium
748 1005 912 1044 tradunt
946 1004 1192 1058 libato(que)
1229 1005 1405 1045 iocinere
1440 1006 1502 1044 in-

144 1074 274 1107 tactos
301 1081 456 1120 angues
484 1066 632 1106 abisse.
689 1080 781 1106 cum
808 1065 1046 1120 haruspices
1073 1066 1124 1106 ad
1150 1066 1435 1119 imperatorem
1460 1066 1502 1106 id
1527 1080 1545 1108 4

141 1128 343 1182 pertinere
369 1127 600 1182 prodigium
627 1127 985 1180 praemonuissent
1011 1134 1049 1167 et
1081 1127 1131 1167 ab
1158 1127 1328 1168 occultis
1355 1142 1503 1168 caven-

142 1190 240 1229 dum
280 1188 516 1229 hominibus
560 1189 864 1242 consultisque,
913 1189 1025 1229 nulla
1067 1199 1204 1229 tamen
1245 1189 1501 1242 providentia

140 1252 271 1292 fatum
296 1251 516 1290 imminens
543 1251 698 1291 moveri
723 1251 868 1305 potuit.

225 1313 379 1353 Flavus
410 1313 609 1353 Lucanus
641 1313 719 1352 fuit
752 1319 874 1366 caput
904 1312 1031 1367 partis
1063 1312 1149 1353 eius
1175 1313 1444 1353 Lucanorum
1468 1337 1501 1341 -
1528 1327 1547 1356 5

142 1390 234 1415 cum
259 1390 353 1428 pars
380 1375 431 1415 ad
445 1374 724 1415 Hannibalem
750 1374 970 1416 defecisset
985 1399 1035 1423 -‚
1063 1389 1168 1427 quae
1194 1389 1286 1415 cum
1301 1375 1500 1416 Romanis

143 1436 294 1484 stabat,
333 1443 371 1476 et
407 1436 488 1476 iam
525 1451 630 1476 anno
667 1436 709 1475 in
744 1437 989 1491 magistratu
1026 1443 1128 1485 erat,
1167 1436 1217 1477 ab
1256 1437 1386 1477 isdem
1422 1437 1501 1477 illis

143 1505 301 1538 creatus
326 1505 499 1551 praetor.
538 1498 571 1538 is
598 1505 754 1538 mutata
771 1506 937 1552 repente
957 1498 1166 1539 voluntate
1187 1498 1324 1538 locum
1343 1499 1498 1553 gratiae
1525 1514 1543 1542 6

143 1560 253 1614 apud
277 1559 463 1599 Poenum
489 1574 688 1612 quaerens
714 1573 847 1612 neque
873 1560 1044 1601 transire
1070 1560 1157 1613 ipse
1182 1575 1315 1612 neque
1341 1560 1500 1600 trahere

144 1622 195 1662 ad
220 1621 492 1661 defectionem
518 1621 713 1661 Lucanos
746 1621 844 1661 satis
876 1620 1037 1670 habuit,
1074 1621 1153 1661 nisi
1178 1621 1434 1674 imperatoris
1462 1628 1501 1661 et

144 1683 329 1723 eiusdem
364 1682 535 1735 hospitis
566 1682 715 1736 proditi
752 1682 883 1736 capite
914 1696 960 1722 ac
993 1682 1192 1736 sanguine
1223 1683 1370 1723 foedus
1409 1696 1502 1722 eum

144 1743 330 1785 hostibus
358 1744 573 1784 sanxisset.
623 1743 675 1783 ad
688 1743 933 1798 Magonem,
960 1744 1030 1796 qui
1054 1744 1094 1783 in
1109 1743 1280 1784 Bruttiis
1301 1747 1498 1797 praeerat,
1528 1759 1544 1787 7

144 1807 249 1846 clam
273 1806 314 1846 in
341 1806 589 1858 colloquium
620 1806 748 1854 venit,
786 1806 948 1859 fideque
979 1806 1030 1847 ab
1062 1821 1110 1847 eo
1136 1814 1320 1860 accepta,
1360 1807 1394 1846 si
1419 1806 1502 1847 Ro-

143 1883 311 1908 manum
342 1868 391 1908 iis
423 1868 710 1922 imperatorem
743 1868 995 1917 tradidisset,
1032 1868 1182 1909 liberos
1214 1883 1307 1909 eum
1334 1869 1419 1909 suis
1444 1869 1502 1910 le-

143 1930 264 1985 gibus
290 1937 483 1970 venturos
509 1930 550 1970 in
576 1930 796 1971 amicitiam
815 1931 1032 1979 Lucanos,
1060 1931 1223 1971 deducit
1247 1930 1436 1971 Poenum
1461 1931 1503 1971 in

144 1992 296 2032 locum:
344 1990 411 2046 [eo
443 1990 555 2046 cum]
589 1992 732 2046 paucis
760 1990 995 2033 Gracchum
1027 1992 1323 2042 adducturum3
1371 1992 1501 2047 Mago
1527 2004 1547 2034 8

144 2053 214 2093 ubi
239 2054 396 2106 pedites
422 2054 662 2107 equitesque
688 2061 906 2102 armasset,
934 2061 1096 2108 caperet
1116 2069 1184 2095 eas
1210 2054 1406 2102 latebras,
1432 2054 1504 2095 ubi

144 2115 352 2168 ingentem
388 2130 604 2156 numerum
635 2116 851 2156 occuleret.
913 2116 1002 2156 loco
1035 2116 1133 2156 satis
1164 2116 1349 2170 inspecto
1380 2122 1502 2169 atque
1529 2130 1546 2158 9

145 2175 323 2228 undique
349 2176 558 2230 explorato
585 2177 671 2217 dies
692 2177 919 2231 composita
938 2178 1141 2232 gerendae
1160 2178 1218 2218 rei
1237 2184 1310 2217 est.
1347 2177 1502 2219 Flavus

145 2237 197 2276 ad
222 2237 455 2277 Romanum
479 2238 766 2292 imperatorem
792 2239 915 2279 venit.
963 2254 1050 2280 rem
1076 2254 1118 2280 se
1145 2239 1198 2279 ait
1224 2255 1417 2294 magnam
1443 2240 1503 2279 in-
1530 2253 1570 2281 10

145 2299 334 2347 coliasse‚
362 2299 413 2339 ad
439 2314 561 2352 quam
587 2300 876 2353 perficiendam
901 2301 1031 2354 ipsius
1048 2299 1226 2342 Gracchi
1250 2316 1374 2355 opera
1399 2316 1502 2355 opus

145 2375 256 2401 esse:
299 2361 481 2401 omnium
506 2362 751 2416 populorum
776 2362 1050 2417 praetoribus,
1078 2363 1147 2415 qui
1173 2363 1224 2403 ad
1249 2362 1436 2403 Poenum
1461 2363 1503 2403 in

144 2423 212 2463 illo
239 2423 445 2463 communi
470 2423 613 2464 Italiae
640 2431 753 2464 motu
778 2424 1024 2473 descissent,
1061 2424 1335 2478 persuasisse,
1372 2431 1418 2464 ut
1441 2439 1503 2465 re-

145 2485 275 2525 dirent
300 2485 342 2524 in
367 2485 587 2525 amicitiam
614 2486 912 2534 Romanorum,
950 2487 1113 2539 quando
1138 2500 1204 2527 res
1230 2500 1393 2539 quoque
1418 2486 1502 2527 Ro-
1530 2501 1566 2528 11

145 2562 282 2595 mana,
326 2561 430 2599 quae
462 2562 588 2601 prope
620 2548 790 2588 exitium
822 2548 936 2588 clade
970 2547 1180 2588 Cannensi
1216 2548 1416 2596 venisset,
1460 2548 1502 2588 in

144 2608 230 2648 (lies
257 2608 399 2649 melior
424 2616 545 2662 atque
571 2609 726 2650 auctior
749 2609 879 2659 fieret,
912 2609 1160 2650 Hannibalis
1187 2609 1245 2650 vis
1273 2618 1502 2650 senesceret

143 2683 190 2710 ac
219 2684 346 2724 prope
379 2671 430 2711 ad
461 2671 632 2712 nihilum
663 2671 861 2712 venisset:
904 2672 1030 2712 veteri
1062 2671 1209 2712 delicto
1239 2671 1337 2712 haut
1372 2671 1502 2726 inpla-
1529 2686 1568 2714 12
