1815 3184
493 223 645 257 LIBER
669 221 800 266 XXX,
827 221 953 255 1213.
981 223 1029 264 [a.
1045 219 1178 264 C.203]
1423 208 1508 251 495

163 328 368 376 dextram,
409 340 554 382 precor
585 339 820 379 quaesoque
854 339 928 380 per
963 323 1222 365 maiestatem
1255 322 1430 378 regiam,
1466 322 1509 363 in

163 405 244 443 qua
267 389 390 445 paulo
417 396 510 429 ante
540 403 615 428 nos
648 402 810 441 quoque
839 387 1012 436 fuimus,
1048 401 1122 441 per
1152 385 1287 441 gentis
1311 384 1510 426 Numida-

162 468 253 493 rum
276 466 445 499 nomen,
485 450 595 503 quod
620 450 693 490 tibi
725 464 818 490 cum
844 449 1037 504 Syphace
1068 462 1284 489 commune
1307 447 1402 496 fuit,
1437 461 1511 502 per

163 514 334 555 huiusce
352 512 491 567 regiae
517 513 630 561 deos,
657 512 727 565 qui
751 520 790 553 te
814 512 1051 552 melioribus
1077 510 1281 552 ominibus
1309 509 1511 564 accipiant

165 591 289 630 quam
327 574 564 629 Syphacem
600 574 695 614 hinc
730 574 948 623 miserunt,
997 573 1103 614 hanc
1138 573 1301 614 veniam
1338 571 1512 627 supplici
1539 585 1579 613 14

165 639 257 686 des,
293 645 339 677 ut
362 637 450 691 ipse
483 636 770 689 quodcumque
802 637 882 677 fert
906 636 1066 676 animus
1093 636 1143 676 de
1168 635 1331 690 captiva
1355 642 1512 675 statuas

164 714 298 752 neque
334 714 400 740 me
436 699 478 739 in
514 699 756 751 cuiusquam
792 699 971 740 Romani
1007 699 1230 753 superbum
1267 705 1307 738 et
1349 697 1512 738 crudele

166 762 379 802 arbitrium
414 761 554 802 venire
591 761 715 802 sinas.
793 761 828 801 si
862 760 964 801 nihil
1001 760 1111 801 aliud
1147 775 1270 813 quam
1306 758 1511 814 Syphacis
1539 773 1578 801 15

164 839 268 865 uxor
303 823 496 872 fuissem,
534 831 672 864 tamen
695 823 899 864 Numidae
936 830 1058 876 atque
1093 823 1136 862 in
1172 823 1317 863 eadem
1352 835 1515 862 mecum

165 886 311 926 Africa
336 886 464 940 geniti
490 900 613 939 quam
640 885 895 940 alienigenae
926 892 967 926 et
996 885 1155 925 externi
1184 885 1307 925 fidem
1339 883 1515 939 experiri

165 949 355 989 mallem:
411 948 508 1002 quid
545 947 881 1002 Carthaginiensi
917 948 968 988 ab
1003 948 1219 996 Romano,
1268 946 1367 1000 quid
1406 946 1515 986 filiae
1542 959 1581 988 16

166 1010 444 1051 Hasdrubalis
471 1010 698 1050 timendum
723 1010 793 1058 sit,
825 1009 955 1049 vides.
1016 1009 1050 1049 si
1074 1009 1187 1049 nulla
1210 1023 1254 1049 re
1280 1008 1359 1049 alia
1382 1017 1515 1063 poteS,

166 1081 297 1113 morte
333 1086 398 1113 me
440 1079 486 1112 ut
528 1071 712 1111 vindices
750 1086 773 1111 a
808 1071 1090 1111 Romanorum
1133 1070 1298 1111 arbitrio
1336 1085 1407 1111 oro
1444 1070 1517 1110 ob-

167 1133 402 1186 testorque?
475 1133 608 1173 forma
644 1140 732 1172 erat
766 1132 940 1186 insignis
979 1140 1019 1172 et
1054 1131 1346 1172 florentissima
1383 1139 1514 1172 aetas:
1544 1145 1581 1173 17

164 1196 302 1249 itaque
327 1209 421 1235 cum
445 1195 568 1236 modo
600 1195 789 1235 dextram
819 1194 1071 1248 amplectens
1096 1194 1139 1234 in
1168 1193 1229 1243 id,
1265 1208 1317 1234 ne
1342 1193 1408 1233 cui
1432 1194 1518 1234 Ro-

165 1273 288 1298 mano
314 1257 562 1306 traderetur,
598 1256 723 1297 fidem
748 1264 990 1311 exposceret
1018 1255 1271 1310 propiusque
1294 1254 1516 1295 blanditias

166 1320 295 1361 oratio
331 1328 442 1361 esset
478 1334 602 1373 quam
636 1333 800 1374 preces,
848 1334 932 1360 non
966 1319 1008 1359 in
1038 1318 1363 1359 misericordiam
1393 1317 1517 1358 modo
1545 1330 1583 1360 18

166 1382 385 1438 prolapsus
417 1390 481 1423 est
511 1381 671 1422 animus
703 1381 888 1430 victoris,
927 1381 1019 1429 sed,
1055 1388 1102 1421 ut
1126 1389 1189 1421 est
1219 1395 1350 1435 genus
1375 1379 1519 1421 Numi-

168 1445 312 1485 darum
358 1444 401 1484 in
436 1445 646 1486 Venerem
692 1458 918 1499 praeceps,
968 1458 1106 1484 amore
1154 1443 1341 1498 captivae
1389 1442 1519 1483 victor

169 1514 326 1561 captus.
396 1505 492 1546 data
527 1506 672 1546 dextra
706 1505 749 1546 in
784 1506 826 1546 id
862 1505 972 1558 quod
1012 1505 1229 1560 petebatur
1271 1505 1518 1560 obligandae

168 1568 264 1608 fidei
293 1568 336 1608 in
364 1568 522 1622 regiam
553 1568 752 1608 concedit.
811 1568 958 1608 institit
990 1568 1137 1608 deinde
1162 1575 1352 1622 reputare
1379 1582 1520 1608 secum
1546 1580 1584 1610 19

168 1630 277 1684 ipse,
315 1645 437 1683 quem
469 1630 522 1670 ad
545 1631 713 1671 modum
737 1630 931 1685 promissi
961 1630 1084 1671 fidem
1109 1638 1350 1685 praestaret.
1410 1629 1520 1683 quod

169 1706 263 1732 cum
298 1692 491 1748 expedire
527 1708 610 1734 non
645 1700 806 1748 posset,
845 1693 896 1733 ab
934 1707 1072 1733 amore
1104 1692 1366 1733 temerarium
1397 1700 1519 1745 atque

170 1755 386 1809 impudens
424 1762 634 1797 mutuatur
670 1755 911 1796 consilium:
958 1755 1122 1809 nuptias
1165 1755 1208 1795 in
1251 1770 1345 1796 eum
1382 1755 1520 1809 ipsum
1545 1767 1586 1796 20

170 1816 278 1857 diem
313 1816 449 1872 parari
484 1825 652 1872 repente
688 1817 818 1866 iubet,
866 1832 917 1858 ne
954 1817 1051 1870 quid
1087 1817 1335 1870 relinqueret
1369 1817 1520 1872 integri

170 1886 240 1919 aut
257 1879 403 1920 Laelio
430 1888 499 1920 aut
522 1880 602 1934 ipsi
623 1879 807 1935 Scipioni
832 1880 1073 1921 consulendi
1098 1879 1210 1920 velut
1233 1879 1275 1920 in
1300 1880 1518 1934 captivam,

170 1956 275 1995 quae
304 1941 558 1983 Masinissae
588 1942 671 1983 iam
701 1950 831 1997 nupta
861 1943 979 1984 foret.
1039 1942 1158 1982 factis
1189 1942 1343 1997 nuptiis
1377 1957 1519 1996 super·
1545 1954 1584 1984 21

170 2005 282 2045 venit
317 2005 488 2046 Laelius
534 2013 575 2046 et
617 2006 719 2046 adeo
761 2021 844 2047 non
886 2005 1160 2046 dissimulavit
1200 2005 1433 2060 improbare
1476 2020 1520 2046 se

171 2067 342 2115 factum,
380 2074 425 2107 ut
448 2066 580 2121 primo
606 2067 730 2108 etiam
761 2082 853 2108 cum
881 2066 1073 2122 Syphace
1104 2075 1144 2108 et
1169 2067 1314 2108 ceteris
1346 2067 1519 2122 captivis

172 2127 397 2168 detractam
422 2142 513 2169 eam
538 2129 689 2183 geniali
718 2129 879 2170 mittere
911 2130 963 2170 ad
989 2128 1226 2184 Scipionem
1258 2137 1428 2170 conatus
1453 2129 1519 2170 sit.

173 2189 303 2229 victus
330 2189 478 2230 deinde
501 2190 692 2245 precibus
722 2191 975 2232 Masinissae
1006 2191 1179 2240 orantis,
1215 2198 1262 2231 ut
1291 2190 1516 2241 arbitrium,
1544 2203 1584 2233 22

172 2251 301 2291 utrius
326 2266 473 2306 regum
498 2253 673 2293 duorum
698 2253 887 2295 fortunae
919 2253 1102 2295 accessio
1129 2252 1373 2309 Sophoniba
1397 2261 1520 2303 esset,

173 2313 226 2353 ad
252 2312 489 2368 Scipionem
512 2314 702 2365 reiceret,
728 2315 855 2357 misso
882 2314 1074 2371 Syphace
1101 2322 1141 2357 et
1165 2315 1337 2371 captivis
1363 2324 1519 2357 ceteras

174 2375 294 2415 urbes
320 2376 556 2425 Numidiae,
589 2391 694 2430 quae
719 2378 934 2432 praesidiis
960 2378 1085 2433 regiis
1112 2379 1374 2428 tenebantur,
1407 2378 1521 2419 adiu-

172 2444 294 2477 vante
319 2437 548 2479 Masinissa
570 2439 728 2494 recipit.

255 2498 386 2540 XIII.
447 2499 685 2556 Syphacem
720 2502 762 2542 in
798 2511 933 2543 castra
969 2502 1117 2543 adduci
1148 2516 1242 2543 cum
1271 2510 1382 2544 esset
1416 2517 1520 2543 nun·
1546 2515 1562 2544 1

172 2560 336 2609 tiatum,
375 2562 507 2602 omnis
539 2563 651 2603 velut
681 2564 734 2603 ad
766 2564 1046 2619 spectaculum
1076 2564 1272 2620 triumphi
1301 2564 1519 2606 multitudo

172 2622 305 2663 effusa
342 2631 416 2664 est.
475 2625 749 2679 praecedebat
783 2626 872 2681 ipse
908 2626 1089 2676 vinctus,
1134 2626 1382 2680 sequebatur
1417 2641 1520 2681 grex
1545 2639 1562 2668 2

171 2684 371 2726 nobilium
394 2686 677 2728 Numidarum.
737 2695 841 2738 tum,
880 2695 1077 2742 quantum
1101 2688 1274 2742 quisque
1298 2688 1519 2743 plurimum
