1815 3184
257 1209 274 1237 [Ο

259 1889 278 1917 5

297 223 322 262 2
640 228 792 262 LIBER
818 227 930 267 XXI,
956 227 987 260 1.
1007 226 1038 259 2.
1067 226 1115 269 [a.
1129 237 1162 258 u.
1179 236 1208 259 e.
1222 225 1303 268 536]

297 333 393 374 victi
429 332 533 372 ultro
569 330 764 370 inferrent
800 343 929 375 arma,
972 327 1144 375 Poenis,
1188 326 1298 379 quod
1340 326 1513 380 superbe
1555 342 1649 367 ava-

300 409 422 447 reque
453 393 662 433 crederent
692 390 967 444 imperitatum
999 389 1115 430 victis
1142 403 1252 437 esse3
1284 388 1396 428 fama
1420 395 1482 428 est
1513 389 1648 438 etiam,

298 454 575 496 Hannibalem
602 467 801 492 annorum
826 451 956 491 ferme
975 465 1123 491 novem
1143 450 1351 504 pueriliter
1375 450 1650 491 blandientem

297 518 400 572 patri
426 516 665 563 Hamilcari,
692 521 737 554 ut
762 514 978 554 duceretur
1002 514 1044 552 in
1063 513 1324 566 Hispaniam,
1352 527 1443 553 eum
1469 513 1650 567 perfeeto

298 579 443 620 Africo
474 577 581 618 bello
613 576 836 617 exereitum
868 590 916 615 eo
948 575 1188 615 traiecturus
1217 574 1479 624 sacrificaret,
1519 575 1652 616 altari-

298 641 375 681 bus
402 640 612 680 admotum
637 638 755 678 tactis
783 637 909 678 sacris
935 637 1021 677 ime
1046 637 1217 676 iurando
1243 637 1452 686 adactum,
1491 652 1534 678 se
1560 652 1651 678 cum

298 703 474 756 primum
504 706 646 770 posset
682 700 843 739 hostem
886 698 973 738 fore
1003 698 1155 752 populo
1186 698 1387 738 Romano.
1448 699 1653 753 angebant

299 763 476 817 ingentis
504 762 670 816 spiritus
695 762 828 801 xitum
857 759 997 801 Sicilia
1024 759 1295 812 Sardiniaque
1327 760 1521 801 amissae:
1559 776 1653 801 nam

299 832 337 865 et
342 801 549 865 OSiciliam
574 823 694 863 nimis
722 823 843 863 celeri
874 822 1159 875 desperatione
1190 836 1325 861 rerum
1351 836 1590 863 concessam
1616 830 1655 863 et

302 885 535 927 Sardiniam
564 885 669 925 inter
704 892 859 925 motum
891 883 1060 924 Africae
1097 883 1240 924 fraude
1272 883 1552 925 Romanorum
1585 885 1655 925 sti-

299 949 449 1003 pendio
475 949 596 988 etiam
622 948 789 1001 insuper
812 947 989 1000 inposito
1016 947 1294 1000 interceptam.
1684 997 1690 1002 ἡ

388 1011 446 1051 ΙΙ.
495 1010 575 1051 Ηὶ5
608 1010 753 1050 anxius
786 1009 892 1049 curis
924 1009 980 1049 ita
1012 1024 1055 1049 se
1087 1008 1233 1049 Africo
1269 1008 1395 1058 bello,
1433 1010 1543 1062 quod
1579 1009 1654 1050 fuit

303 1073 380 1113 sub
411 1080 615 1113 recentem
646 1073 876 1113 Romanam
908 1086 1071 1125 pacem,
1103 1087 1175 1125 per
1205 1072 1384 1124 quinque
1417 1088 1563 1122 annos,
1600 1074 1655 1113 ita

300 1135 447 1175 deinde
472 1149 619 1175 novem
645 1134 760 1174 annis
787 1134 827 1173 in
852 1133 1059 1187 Hispania
1089 1134 1278 1188 augendo
1304 1133 1461 1175 Punico
1486 1135 1656 1188 imperio

300 1197 447 1251 gessit,
480 1204 522 1236 ut
549 1202 783 1250 appareret,
818 1195 950 1236 maius
976 1210 1069 1235 eum
1096 1209 1218 1248 quam
1251 1196 1361 1248 quod
1386 1203 1544 1250 gereret
1570 1196 1657 1251 agi-

301 1267 386 1299 tare
417 1259 459 1298 in
490 1259 626 1299 animo
657 1258 809 1298 bellum
841 1263 898 1305 et,
937 1257 970 1297 si
1002 1257 1154 1297 diutius
1192 1258 1381 1306 vixisset,
1419 1258 1656 1298 Hamilcare

301 1321 405 1361 duce
430 1320 593 1360 Poenos
620 1335 731 1360 arma
756 1319 900 1359 Italiae
926 1319 1123 1359 inlaturos
1149 1318 1291 1368 fuisse,
1319 1319 1384 1360 cui
1409 1319 1655 1360 Hannibalis

302 1382 427 1422 ductu
452 1382 687 1422 intulerunt.

386 1443 503 1483 Mors
529 1443 778 1483 Hamilcaris
810 1449 1113 1496 peropportuna
1145 1450 1183 1482 et
1213 1442 1385 1496 pueritia
1411 1442 1658 1483 Hannibalis

303 1505 548 1545 distulerunt
584 1505 751 1545 bellum.
811 1504 970 1544 medius
1002 1503 1243 1544 Hasdrubal
1280 1504 1384 1544 inter
1419 1511 1575 1557 patrem
1612 1518 1658 1544 ac

302 1567 431 1607 filium
457 1575 548 1608 octo
573 1567 702 1607 ferme
735 1581 864 1606 annos
896 1566 1111 1619 imperium
1144 1565 1340 1614 obtinuit,
1377 1565 1476 1606 flore
1501 1566 1658 1615 aetatis,

303 1629 360 1668 uti
398 1628 551 1676 ferunt,
589 1629 721 1682 primo
753 1627 981 1668 Hamilcari
1018 1627 1278 1675 conciliatus,
1316 1642 1443 1681 gener
1479 1627 1572 1668 inde
1608 1627 1660 1668 ob

303 1690 426 1730 altam
462 1690 639 1729 indolem
678 1689 880 1759 (profecto
912 1689 1054 1742 animi)
1091 1689 1272 1729 adscitus
1311 1696 1367 1736 et,
1405 1689 1501 1742 quia
1536 1704 1662 1744 gener

303 1751 617 1799 elat‚f·1etionis
638 1752 837 1792 Barcinae
863 1751 1023 1804 opibus,
1051 1765 1155 1803 quae
1175 1751 1284 1804 apud
1305 1751 1452 1790 milites
1478 1751 1661 1804 plebem-

303 1828 382 1865 que
408 1813 499 1866 plus
527 1828 649 1866 quam
675 1814 859 1853 modicae
886 1820 1018 1859 erant,
1051 1812 1161 1852 haud
1187 1827 1285 1852 sane
1318 1813 1527 1853 voluntate
1551 1813 1662 1866 prin-

304 1875 440 1928 cipum
465 1875 506 1914 in
531 1875 701 1944 imperio
721 1875 892 1929 positus.
931 1875 965 1914 is
984 1874 1101 1928 plura
1121 1875 1290 1915 consilio
1310 1889 1433 1927 quam
1454 1875 1494 1914 xi
1515 1889 1661 1928 gerens

303 1936 491 1990 hospitiis
523 1937 654 1990 magis
686 1937 921 1991 regulorum
953 1937 1300 1989 conciliandisque
1337 1951 1410 1990 per
1440 1937 1660 1976 amicitiam

304 1998 534 2052 principum
559 1999 676 2039 novis
704 1998 894 2052 gentibus
921 2012 1044 2050 quam
1070 1998 1177 2038 bello
1203 2005 1272 2038 aut
1298 1998 1420 2038 armis
1446 2013 1532 2038 rem
1560 1997 1662 2039 Car-

305 2059 604 2115 thaginiensem
631 2060 755 2100 auxit.
794 2068 973 2100 ceterum
999 2060 1125 2100 nihilo
1152 2060 1187 2100 ei
1207 2075 1287 2113 pax
1308 2060 1430 2100 tutior
1449 2059 1544 2100 fuit:
1571 2059 1663 2101 bar-

305 2123 428 2164 barus
455 2138 548 2164 eum
573 2123 740 2176 quidam
765 2123 900 2177 palam
926 2122 978 2163 ob
1003 2123 1105 2162 iram
1130 2122 1333 2162 interfecit
1359 2122 1409 2162 ab
1436 2136 1483 2162 eo
1509 2122 1663 2162 domini

307 2185 553 2234 obtruncati,
593 2199 928 2239 conprensusque
961 2184 1012 2225 ab
1046 2184 1405 2225 circumstantibus
1442 2184 1553 2224 haud
1584 2184 1663 2224 alio

306 2262 429 2300 quam
451 2247 484 2287 si
503 2247 703 2287 evasisset
721 2246 850 2295 vultu,
877 2246 1088 2287 tormentis
1109 2260 1271 2299 quoque
1292 2260 1385 2286 cum
1405 2246 1662 2294 laceraretur,

307 2324 356 2349 eo
381 2310 459 2349 fuit
483 2309 626 2349 habitu
657 2309 757 2357 oris,
795 2317 840 2348 ut
872 2314 1090 2362 superante
1121 2308 1275 2348 laetitia
1305 2307 1465 2348 dolores
1495 2307 1663 2348 ridentis

308 2371 430 2411 etiam
457 2371 635 2425 speeiem
660 2370 904 2424 praebuerit.

394 2432 502 2473 Cum
528 2432 605 2473 hoe
630 2431 908 2479 Hasdrubale,
935 2431 1032 2484 quia
1056 2431 1182 2471 mirae
1207 2431 1304 2470 artis
1329 2431 1371 2471 in
1398 2430 1663 2471 sollicitandis

309 2494 498 2548 gentibus
529 2494 782 2548 imperioque
815 2508 889 2533 suo
920 2493 1138 2547 iungendis
1176 2492 1326 2541 fuerat,
1365 2492 1511 2532 foedus
1548 2506 1664 2532 reno—

309 2563 475 2596 vaverat
500 2556 676 2609 populus
696 2556 923 2602 Romanus,
951 2562 993 2594 ut
1020 2554 1111 2594 finis
1139 2555 1350 2606 utriusque
1375 2554 1535 2608 imperii
1555 2559 1662 2593 esset

310 2617 440 2657 amnis
472 2617 655 2658 Hiberus
690 2616 1014 2671 Saguntinisque
1046 2616 1190 2656 mediis
1222 2616 1327 2656 inter
1361 2615 1532 2669 imperia
1562 2614 1662 2654 duo-

310 2693 399 2717 rum
424 2679 668 2732 populorum
694 2679 859 2719 libertas
886 2685 1126 2719 servaretur.
