1815 3184
536 229 688 264 LIBER
713 229 842 273 XXV,
868 231 901 263 6.
925 229 955 263 7.
985 230 1032 272 [a.
1049 227 1183 272 0210]
1453 218 1532 259 221

187 334 412 388 periculum
448 334 643 387 petimus,
681 340 725 372 ut
761 333 958 381 virorum,
996 339 1040 373 ut
1076 332 1250 372 militum
1280 330 1416 372 officio
1446 329 1540 370 fun-

185 411 342 451 gamur.
403 395 555 436 bellum
580 395 621 434 in
649 393 790 436 Sicilia
814 395 894 435 iam
921 394 1092 435 alterum
1123 408 1274 434 annum
1298 392 1454 448 ingenti
1479 391 1538 432 di-

186 458 402 499 micatione
427 457 597 512 geritur,
630 456 753 497 urbes
780 457 878 496 alias
904 455 1089 505 Poenus,
1116 455 1215 496 alias
1235 455 1445 496 Romanus
1472 468 1540 494 ex-

186 527 355 574 pugnat,
380 519 577 573 peditum,
605 518 787 571 equitum
812 518 919 558 acies
946 524 1203 566 concurrunt,
1236 517 1288 557 ad
1308 515 1537 570 Syracusas

1564 404 1608 434 20

186 589 291 622 terra
310 580 492 633 marique
512 580 666 634 geritur
684 594 761 629 res,
790 580 1009 620 clamorem
1028 578 1300 633 pugnantium
1320 577 1538 631 crepitum-
1564 590 1601 619 ‘21

186 658 265 696 que
291 657 495 683 armorum
521 642 781 690 exaudimus,
808 641 962 681 resides
988 641 1067 695 ipsi
1086 655 1133 681 ac
1156 654 1303 695 segnes
1330 646 1539 691 tamquam

185 720 260 745 nec
285 720 430 745 manus
456 719 531 744 1100
557 720 669 745 arma
698 703 938 744 habeamus.
988 717 1198 743 servorum
1223 701 1453 756 legionibus
1475 699 1539 740 Ti.

189 766 455 821 Sempronius
471 767 613 807 consul
634 766 779 806 totiens
795 766 875 805 iam
896 780 988 805 cum
1007 765 1125 805 hoste
1140 764 1267 819 signis
1282 763 1451 804 conlatis
1466 777 1541 816 pu-

186 829 345 883 gnavit,
372 843 518 882 operae
544 828 720 882 pretium
745 826 897 867 habent
922 826 1149 867 libertatem
1169 826 1540 877 civitatemque3—

186 906 258 945 pro
285 891 412 931 servis
440 890 583 930 saltem
609 890 660 929 ad
685 889 762 929 1100
788 888 939 929 bellum
965 888 1112 941 emptis
1134 887 1250 927 vobis
1272 887 1418 935 simus,
1446 900 1542 926 con-
1589 903 1595 911 ·

187 953 301 1006 gredi
332 967 425 992 cum
456 952 572 992 hoste
603 951 723 990 liceat
754 957 794 990 ct
823 950 1046 1003 pugnando
1077 963 1272 1001 quaerere
1297 948 1539 988 libertatem.

186 1018 247 1055 vis
274 1021 317 1054 tu
342 1014 460 1062 mari,
498 1014 559 1053 vis
587 1019 709 1060 terra,
741 1012 803 1051 vis
830 1011 934 1059 acie,
969 1011 1028 1051 vis
1055 1010 1225 1051 urbibus
1252 1010 1540 1063 oppugnandis

186 1076 360 1129 experiri
395 1074 610 1115 virtutem?
665 1073 889 1126 asperrima
925 1086 1110 1124 quaeque
1143 1072 1195 1111 ad
1224 1071 1406 1110 laborem
1436 1070 1542 1123 peri-

185 1137 403 1188 culumque
440 1135 727 1188 deposcimus,
776 1140 821 1174 ut
856 1134 967 1186 quod
1007 1133 1059 1173 ad
1097 1132 1264 1173 Cannas
1302 1131 1541 1172 faciundum

184 1198 278 1246 fuit,
306 1212 427 1250 quam
448 1197 625 1251 primum
645 1196 727 1245 fiat,
755 1196 948 1249 quoniam
969 1194 1166 1248 quidquid
1186 1200 1330 1248 postea
1349 1193 1540 1241 viximus,

183 1260 225 1300 id
251 1274 370 1300 omne
397 1259 644 1299 destinatum
670 1259 919 1313 ignominiae
946 1257 1037 1298 est’.

268 1321 366 1361 VH.
419 1319 507 1361 Sub
533 1321 634 1361 11000
660 1321 768 1361 (11010
793 1321 844 1360 ad
869 1335 1003 1374 genua
1016 1318 1205 1361 Marcelli
1223 1317 1540 1373 procubuerunt.

184 1383 406 1424 Marcellus
442 1383 484 1423 id
521 1397 596 1424 1100
631 1383 728 1424 iuris
764 1381 876 1437 [nec]
911 1382 1125 1437 potcstatis
1164 1395 1262 1422 suae
1293 1395 1384 1421 0550
1421 1379 1541 1419 dixit:

186 1445 345 1485 senatui
393 1445 639 1498 scripturum
688 1459 731 1485 se
779 1444 997 1497 omniaque
1046 1444 1096 1484 de
1139 1443 1340 1484 sententia
1381 1449 1542 1496 patrum

185 1507 389 1547 facturum
415 1520 518 1546 esse.
580 1521 651 1546 eae
681 1506 838 1547 litterae
869 1506 921 1546 ad
952 1521 1080 1546 novos
1107 1505 1297 1546 consules
1324 1504 1468 1544 allatae
1494 1517 1541 1543 ac

185 1583 257 1622 per
275 1583 345 1608 eos
365 1568 405 1607 in
427 1575 570 1608 senatu
595 1568 785 1608 recitatae
806 1573 917 1616 sunt,
945 1567 1239 1619 consultusque
1260 1566 1309 1606 de
1329 1566 1378 1606 iis
1398 1565 1540 1604 litteris

186 1631 241 1670 ita
255 1629 434 1670 decrevit
449 1636 632 1677 senatus,
659 1629 873 1678 militibus,
902 1629 971 1682 qui
989 1629 1041 1669 ad
1057 1628 1223 1668 Cannas
1244 1626 1540 1668 commilitones

187 1707 283 1733 5005
310 1691 529 1746 pugnantis
556 1691 851 1740 deseruissent,
880 1697 1067 1731 senatum
1092 1689 1192 1729 nihil
1218 1689 1354 1729 videre
1381 1703 1452 1728 eur
1475 1702 1540 1728 res

186 1753 350 1808 publica
398 1753 690 1793 committenda
731 1758 851 1793 esset.
925 1752 959 1792 si
994 1751 1055 1792 M.
1096 1750 1271 1792 Claudio
1307 1749 1542 1804 proconsuli

186 1816 302 1856 aliter
337 1816 560 1864 videretur,
598 1815 751 1855 faceret
787 1813 897 1867 quod
934 1828 955 1853 0
992 1828 1034 1854 re
1070 1813 1234 1867 publica
1268 1812 1430 1865 fideque
1469 1826 1543 1852 sua

185 1878 370 1926 duceret,
409 1878 506 1917 dum
543 1892 593 1918 ne
630 1877 720 1930 quis
758 1891 899 1917 eorum
930 1890 1097 1916 munere
1128 1881 1291 1915 vacaret
1321 1889 1402 1914 neu
1432 1874 1540 1914 dono

186 1939 349 1979 militari
379 1940 539 1980 virtutis
573 1954 669 1993 ergo
700 1939 919 1979 donaretur
948 1952 1029 1978 neu
1058 1938 1100 1978 in
1130 1937 1292 1978 Italiam
1316 1942 1542 1990 reportare-

187 2009 267 2049 tur,
294 2001 425 2041 donee
449 2001 578 2041 hostis
604 2001 645 2040 111
671 2007 776 2040 terra
800 2000 919 2040 Italia
945 2006 1065 2040 esset.

273 2062 451 2103 Comitia
476 2062 621 2102 deinde
648 2078 671 2102 a
694 2069 879 2116 praetore
904 2061 1060 2102 urbano
1085 2060 1135 2101 de
1156 2065 1321 2101 senatus
1343 2059 1543 2100 sententia

188 2123 378 2177 plebique
405 2124 509 2164 scitu
536 2131 631 2164 sunt
655 2123 812 2172 habita,
839 2123 989 2176 quibus
1016 2122 1139 2163 creati
1165 2127 1259 2162 sunt
1283 2121 1542 2174 quinqueviri

187 2185 333 2233 muris,
371 2185 548 2226 turribus
585 2185 813 2226 reficiendis
851 2191 889 2225 et
926 2185 1125 2225 triumviri
1159 2183 1263 2232 bini,
1307 2183 1377 2222 uni
1415 2183 1540 2223 sacris

188 2246 474 2299 conquirendis
501 2246 700 2299 donisque
731 2246 1037 2300 persignandis,
1076 2245 1190 2286 alteri
1219 2244 1449 2286 reficiendis
1475 2259 1542 2286 00-

188 2307 308 2348 dibus
328 2307 535 2348 Fortunae
561 2314 600 2348 01
625 2308 764 2348 matris
788 2306 1012 2362 [Matutae]
1039 2308 1144 2348 intra
1169 2313 1328 2361 portam
1344 2305 1542 2347 Carmen-

188 2369 328 2417 talem,
368 2370 439 2409 sed
477 2376 516 2409 et
543 2368 642 2423 Spei
679 2376 793 2410 extra
827 2376 1004 2423 portam,
1043 2384 1148 2423 quae
1178 2369 1312 2423 priore
1344 2384 1450 2409 anno
1481 2369 1542 2409 in-

189 2431 333 2471 cendio
359 2438 625 2485 consumptae
651 2431 823 2472 fuerant.

273 2492 557 2546 Tempestates
589 2492 734 2533 foedae
765 2492 896 2542 fuere,
934 2493 975 2532 in
1007 2491 1172 2533 Albano
1202 2499 1339 2534 monte
1371 2492 1542 2533 biduum

189 2554 440 2595 continenter
463 2554 668 2608 lapidibus
699 2554 841 2608 pluvit.
902 2561 1010 2595 tacta
1040 2554 1090 2594 de
1116 2554 1228 2595 00010
1253 2554 1399 2603 1110110,
1437 2555 1541 2595 duae

188 2616 229 2656 in
256 2615 459 2670 Capitolio
496 2616 637 2665 aedes,
674 2616 827 2656 vallum
863 2616 904 2656 in
940 2616 1083 2656 castris
1116 2615 1253 2657 multis
1284 2615 1385 2657 locis
1418 2631 1541 2671 supra

1568 1516 1585 1544 [0

190 2675 449 2726 Suessulam,
487 2684 528 2718 et
562 2678 643 2718 duo
680 2678 824 2733 vigiles
862 2677 1094 2718 exanimati.
1155 2693 1294 2718 murus
1326 2684 1540 2732 turresque
1566 2691 1585 2721 8
