1815 3184
436 243 589 277 LIBER
614 243 778 287 XXVII,
805 243 837 277 7.
866 245 913 286 [a.
929 241 1059 277 (2210.
1075 242 1158 286 ⁴209]
1392 233 1472 274 331

207 345 306 387 VII.
366 346 495 386 Exitu
520 346 614 386 anni
638 345 759 386 huius
787 344 835 386 C.
861 345 1032 385 Laelius
1064 345 1129 385 die
1161 351 1306 397 quarto
1337 351 1376 385 et
1406 345 1476 384 tri·
1503 358 1517 386 1

123 408 305 449 censimo
331 423 454 461 quam
486 424 509 449 a
535 408 766 449 Tarracone
797 408 1005 461 profectus
1036 414 1121 448 erat
1145 407 1321 448 Romam
1352 407 1475 456 venit,

122 469 239 522 isque
265 483 358 510 cum
390 470 553 524 agmine
584 470 838 523 captivorum
869 470 1080 523 ingressus
1107 469 1249 509 urbem
1279 484 1476 523 magnum

123 544 368 571 concursum
393 531 604 571 hominum
629 530 738 571 fecit.
786 537 950 584 postero
976 531 1040 570 die
1071 530 1111 570 in
1137 536 1324 571 senatum
1353 531 1478 570 intro·
1503 542 1521 572 2

124 592 271 632 ductus
309 599 469 646 captam
504 591 816 646 Carthaginem,
855 598 977 646 caput
1009 592 1256 645 Hispaniae,
1294 607 1376 632 uno
1413 591 1477 632 die

122 660 390 707 receptasque
416 654 569 706 aliquot
593 653 734 702 urbes,
771 667 876 706 quae
902 653 1168 702 defecissent,
1199 667 1411 706 novasque
1435 653 1478 692 in

125 715 361 755 societatem
398 715 575 755 adscitas
612 715 812 768 exposuit.
875 729 927 755 ex
963 715 1133 768 captivis
1171 727 1379 768 comperta
1413 713 1476 754 his
1503 728 1522 757 3

123 775 208 816 fere
234 776 517 830 congruentia,
555 790 659 829 quae
684 776 726 815 in
750 776 892 816 litteris
919 776 1080 816 fuerant
1104 775 1164 816 M.
1185 775 1340 816 Valerii
1364 775 1479 816 Mes-

124 837 261 877 sallae.
333 838 510 877 maxime
546 837 674 877 movit
709 843 844 891 patres
881 837 1158 878 Hasdrubalis
1200 837 1394 877 transitus
1436 837 1479 876 in

123 898 285 938 Italiam
326 899 396 939 vix
439 898 666 939 Hannibali
709 905 830 951 atque
874 898 962 938 eius
1003 899 1126 939 armis
1171 898 1476 939 subsistentem.

123 961 345 1014 productus
394 967 433 1001 ct
479 961 521 1000 in
569 961 799 1001 contionem
836 960 1006 1000 Laelius
1056 961 1200 1000 eadem
1247 960 1476 1000 edisseruit.
1503 973 1523 1001 4

124 1030 289 1063 senatus
326 1022 377 1063 ob
419 1038 485 1063 res
522 1023 694 1063 feliciter
728 1038 752 1063 a
786 1022 835 1063 P.
870 1022 1062 1076 Scipione
1098 1029 1237 1076 gestas
1275 1023 1480 1076 supplica-

123 1084 275 1124 tionem
299 1084 340 1124 in
366 1099 493 1124 unum
519 1085 626 1124 diem
652 1084 830 1124 decrevit
840 1100 850 1133 3
884 1083 932 1124 C.
948 1084 1139 1123 Laelium
1159 1084 1291 1137 primo
1316 1097 1479 1136 quoque

122 1152 302 1198 tempore
328 1160 420 1185 cum
446 1145 595 1198 quibus
621 1151 785 1185 venerat
811 1145 985 1185 navibus
1012 1145 1143 1185 redire
1169 1145 1209 1184 in
1229 1145 1477 1198 Hispaniam

121 1207 251 1247 iussit.
313 1206 575 1261 Carthaginis
607 1207 954 1260 expugnationem
986 1206 1028 1245 in
1058 1206 1167 1246 hunc
1198 1221 1351 1246 annum
1382 1220 1478 1247 eon·
1504 1220 1523 1247 5

121 1268 195 1308 tuli
225 1268 362 1308 multis
395 1268 648 1316 auctoribus,
687 1268 797 1308 haud
828 1268 991 1308 nescius
1023 1268 1225 1320 quosdam
1256 1282 1365 1316 esse,
1409 1268 1480 1321 qui

122 1345 227 1370 anno
252 1330 484 1383 insequenti
510 1337 671 1384 captam
696 1330 953 1379 tradiderint,
991 1330 1102 1383 quod
1132 1330 1233 1370 mihi
1263 1330 1398 1370 minus
1426 1329 1480 1369 si-
1505 1343 1523 1371 G

121 1391 216 1431 mile
252 1392 338 1431 veri
379 1392 515 1431 visum
558 1399 619 1432 est
662 1407 814 1432 annum
855 1392 1061 1446 integrum
1100 1391 1337 1447 Scipionem
1379 1391 1480 1432 nihil

122 1452 306 1506 gerundo
331 1452 372 1491 in
397 1452 604 1506 Hispania
629 1453 952 1507 consumpsisse.

208 1513 260 1565 Q.
275 1513 404 1554 Fabio
429 1514 616 1555 Maximo
642 1515 842 1567 quintum,
871 1514 922 1567 Q.
944 1515 1091 1556 Fulvio
1112 1515 1263 1557 Flacco
1287 1522 1478 1569 quartum
1507 1529 1523 1557 7

123 1574 360 1615 consulibus
386 1575 521 1615 idibus
547 1575 729 1624 Martiis,
770 1590 851 1628 quo
883 1577 948 1617 die
973 1577 1259 1630 magistratum
1289 1578 1478 1627 inierunt,

123 1636 242 1676 Italia
267 1635 467 1677 ambobus
499 1638 709 1690 provincia
739 1638 918 1686 decreta,
956 1638 1194 1692 regionibus
1226 1645 1362 1679 tamen
1387 1653 1481 1692 par-

124 1698 241 1737 titum
267 1697 501 1751 imperium:
526 1698 681 1739 Fabius
702 1699 754 1738 ad
768 1698 1011 1747 Tarentum,
1037 1699 1209 1739 Fulvius
1236 1700 1276 1739 in
1294 1701 1480 1740 Lucanis

124 1774 170 1799 ac
186 1759 356 1800 Bruttiis
382 1775 467 1800 rem
493 1766 664 1814 gereret.
702 1759 763 1800 M.
782 1760 957 1801 Claudio
976 1769 1240 1815 prorogatum
1260 1762 1302 1801 in
1327 1777 1480 1802 annum
1505 1773 1524 1802 S

123 1820 351 1873 imperium.
411 1828 618 1875 praetores
646 1822 775 1862 sortiti
799 1822 1050 1875 provincias,
1090 1822 1138 1863 C.
1164 1823 1369 1864 Hostilius
1396 1823 1481 1863 Tu-

124 1881 245 1921 bulus
272 1881 487 1932 urbanam,
514 1884 567 1923 L.
582 1883 778 1924 Veturius
792 1883 914 1924 Philo
939 1884 1197 1939 peregrinam
1222 1899 1315 1924 cum
1331 1883 1479 1934 Gallia,

125 1942 174 1982 T.
202 1942 420 1995 Quinctius
455 1944 671 1998 Crispinus
706 1944 912 1998 Capuam,
963 1944 1012 1986 C.
1043 1945 1350 1986 Aurunculeius
1384 1945 1481 1987 Sar-

125 2004 289 2045 diniam.
352 2006 554 2047 exercitus
585 2007 642 2046 ita
672 2021 745 2060 per
768 2007 1000 2060 provincias
1025 2007 1163 2048 divisi:
1200 2008 1349 2048 Fulvio
1374 2008 1479 2048 duae
1506 2020 1524 2048 9

125 2065 326 2119 legiones,
364 2081 466 2120 quas
498 2068 540 2107 in
572 2066 713 2109 Sicilia
742 2067 803 2108 M.
830 2068 1020 2108 Valerius
1051 2069 1262 2109 Laevinus
1299 2068 1480 2117 haberet,

128 2126 179 2178 Q.
206 2126 355 2176 Fabio,
393 2128 541 2181 quibus
573 2130 614 2169 in
644 2130 812 2170 Etruria
844 2129 892 2170 C.
929 2129 1177 2183 Calpurnius
1211 2129 1482 2184 [praefuisset

126 2189 324 2229 decretae.
384 2190 586 2245 urbanus]
615 2192 816 2232 exercitus
848 2198 892 2231 ut
923 2192 964 2231 in
988 2192 1199 2232 Etruriam
1230 2192 1478 2240 succederet,
1509 2203 1548 2231 10

128 2248 177 2290 C.
199 2249 448 2303 Calpurnius
481 2253 613 2292 eidem
638 2260 847 2307 praeesset
871 2253 1121 2307 provinciae,
1162 2254 1479 2307 exercitumque,

127 2326 249 2364 quem
277 2311 456 2363 Quintus
483 2314 654 2354 Fulvius
681 2315 911 2364 habuisset,
938 2315 987 2356 T.
1016 2314 1235 2367 Quinctius
1261 2315 1481 2364 obtineret3

128 2373 176 2414 C.
203 2373 407 2415 Hostilius
434 2374 484 2415 ab
512 2375 561 2416 C.
587 2376 782 2417 Laetorio
806 2383 1066 2431 propraetore
1090 2377 1342 2431 provinciam
1368 2392 1483 2418 exer·
1511 2390 1547 2419 11

127 2435 353 2487 citumque,
379 2436 448 2488 qui
474 2443 559 2477 tum
585 2438 666 2477 iam
692 2437 869 2478 Arimini
895 2445 998 2487 erat,
1026 2439 1239 2493 acciperet.
1287 2438 1349 2479 M.
1369 2439 1498 2490 Mar--

129 2496 254 2543 celle,
304 2497 454 2549 quibus
493 2499 635 2540 consul
670 2514 757 2540 rem
799 2506 1007 2554 gesserat,
1055 2500 1238 2555 legiones
1282 2501 1481 2542 decretae.

126 2556 187 2598 M.
208 2557 374 2599 Valerio
399 2574 494 2600 cuin
519 2562 570 2601 L.
594 2560 738 2602 Cincio
763 2587 795 2590 —
820 2562 868 2602 iis
894 2576 1057 2615 quoque
1083 2563 1190 2603 enim
1216 2570 1481 2618 prorogatum
1509 2577 1549 2607 12

126 2620 166 2660 in
190 2620 330 2661 Sicilia
355 2622 571 2676 imperium
596 2649 628 2653 —
655 2624 885 2665 Cannensis
912 2625 1113 2666 exercitus
1140 2626 1279 2674 (latus,
1307 2640 1482 2679 eumque

128 2683 316 2736 supplere
337 2698 387 2724 ex
405 2684 621 2735 militibus,
652 2686 721 2739 qui
741 2701 790 2727 ex
815 2685 1045 2741 legionibus
1061 2686 1138 2728 Cn.
1153 2687 1275 2728 Fulvi
1295 2702 1482 2742 superes-
