1815 3184
531 236 682 270 LIBER
706 235 834 279 XXX,
859 235 912 269 30.
942 238 989 279 [a.
1004 235 1042 269 c.
1057 234 1138 278 202]
1427 224 1508 266 513

175 341 396 389 classibus,
434 348 494 381 tot
524 339 787 388 exercitibus,
824 346 883 381 tot
913 347 995 379 tam
1026 338 1201 394 egregiis
1239 338 1400 380 amissis
1437 338 1510 379 du-

175 403 303 444 cibus.
376 402 449 443 sed
482 401 701 457 praeterita
734 402 866 456 magis
902 400 1144 456 reprehendi
1179 408 1354 456 possunt
1389 415 1511 454 quam

177 464 336 520 corrigi,
384 464 440 504 ita
465 464 597 504 aliena
622 463 883 518 adpefiimus,
909 471 953 503 ut
971 463 1021 504 de
1039 462 1189 504 nostris
1211 462 1510 511 dimicaremus,
1535 473 1555 504 8

175 541 252 568 nec
275 527 316 567 in
340 526 461 567 Italia
491 526 624 567 solum
647 525 764 566 vobis
794 525 964 574 bellum,
1001 524 1118 565 nobis
1148 524 1190 565 in
1214 524 1359 565 Africa
1388 531 1511 573 esset,

177 589 250 630 sed
274 595 315 629 et
339 603 411 629 vos
436 587 479 627 in
501 587 629 642 portis
661 586 807 628 vestris
838 602 965 642 prope
997 600 1044 627 ac
1067 586 1281 627 moenibus
1307 586 1425 641 signa
1450 601 1513 627 ar-

175 665 322 704 maque
348 649 527 691 hostium
557 648 715 690 vidistis
754 656 793 690 et
828 664 903 690 nos
940 648 991 689 ab
1023 647 1276 703 Carthagine
1306 648 1514 689 fremitum

177 718 404 753 castrorum
427 712 709 753 Romanorum
733 711 987 752 exaudimus.
1043 710 1151 764 quod
1174 710 1298 766 igitur
1321 726 1397 752 nos
1427 726 1514 751 ma-

175 774 285 815 xime
320 774 619 823 abominamur,
657 788 730 814 vos
768 780 903 814 autem
935 780 1028 814 ante
1058 772 1195 814 omnia
1223 773 1436 828 optaretis,
1472 773 1514 813 in

175 835 343 877 meliore
374 843 511 877 vestra
541 836 704 876 fortuna
728 835 777 875 de
801 848 902 890 pace
928 834 1073 889 agitur.
1133 834 1293 889 agimus
1324 834 1378 884 ei,
1415 849 1515 888 quo-

175 913 267 938 rum
302 897 478 938 maxime
514 897 684 938 interest
717 911 863 952 pacem
899 911 1009 945 esse,
1059 904 1099 937 et
1129 896 1198 949 qui
1228 896 1514 950 quodcumque

176 960 400 1015 egerimus,
431 966 565 1000 ratum
589 958 774 999 civitates
800 965 963 999 nostrae
988 958 1200 999 habiturae
1227 958 1319 999 sint.
1379 958 1514 1000 animo

177 1028 335 1062 tantum
360 1021 478 1063 nobis
504 1036 607 1075 opus
633 1028 696 1061 est
718 1035 801 1060 non
826 1019 1069 1060 abhorrente
1095 1035 1118 1060 a
1142 1019 1289 1073 quietis
1321 1020 1513 1061 consiliis.

176 1084 288 1137 quod
317 1084 369 1124 ad
398 1098 463 1123 me
495 1082 719 1129 adtinebat,
756 1080 838 1120 iam
869 1087 980 1121 aetas
1014 1095 1154 1121 senem
1184 1081 1226 1121 in
1254 1081 1429 1136 patriam
1451 1097 1515 1122 re—

176 1152 420 1191 vertentem,
445 1143 554 1183 unde
578 1156 680 1197 puer
702 1141 912 1195 profectus
939 1157 1048 1190 sum,
1074 1141 1156 1182 iam
1181 1143 1402 1192 secundae,
1434 1143 1515 1183 iam

176 1205 372 1246 adversae
408 1219 473 1244 res
503 1203 561 1244 ita
591 1203 901 1251 fraudaverunt,
938 1210 983 1243 ut
1010 1203 1211 1244 rationem
1248 1204 1364 1257 sequi
1393 1218 1516 1257 quam

175 1267 382 1308 fortunam
419 1265 576 1306 malim:
619 1272 731 1305 tuam
767 1271 808 1305 et
843 1264 1165 1305 adulescentiam
1200 1272 1241 1306 et
1275 1274 1516 1320 perpetuam

117 1344 120 1347 ⁴
175 1327 430 1376 felicitatem,
462 1326 662 1368 ferociora
685 1334 857 1380 utraque
882 1340 1005 1379 quam
1031 1326 1178 1380 quietis
1204 1342 1307 1382 opus
1333 1335 1397 1368 est
1420 1342 1517 1369 con-

176 1389 295 1439 siliis,
320 1397 471 1430 metuo.
530 1404 614 1429 non
638 1395 791 1429 temere
814 1387 970 1429 incerta
994 1402 1164 1429 casuum
1187 1396 1367 1444 reputat,
1395 1404 1517 1443 quem

175 1452 338 1492 fortuna
368 1465 590 1504 numquam
627 1450 788 1505 decipit.
849 1451 957 1503 quod
988 1465 1065 1505 ego
1096 1451 1156 1492 fui
1185 1452 1238 1492 ad
1266 1452 1517 1493 Trasumen-

175 1528 292 1562 num,
330 1513 382 1554 ad
408 1512 594 1561 Cannas,
632 1513 674 1553 id
708 1520 752 1553 tu
787 1512 920 1553 hodie.
981 1512 1149 1553 vixdum
1184 1513 1348 1554 militari
1385 1523 1517 1555 aetate

175 1575 346 1630 imperio
373 1582 539 1630 accepto
565 1574 701 1615 omnia
726 1574 997 1615 audacissime
1028 1574 1288 1628 incipientem
1313 1591 1517 1629 nusquam

176 1637 322 1678 fefellit
358 1638 533 1679 fortuna.
593 1637 720 1692 patris
758 1644 798 1677 et
827 1637 961 1692 patrui
990 1645 1229 1692 persecutus
1260 1646 1433 1680 mortem
1465 1640 1516 1680 ab

178 1699 407 1740 calamitate
432 1707 593 1741 vestrae
619 1699 764 1740 domus
796 1699 921 1740 decus
952 1699 1113 1754 insigne
1143 1700 1303 1741 virtutis
1333 1701 1517 1756 pietatis-

177 1775 257 1814 que
281 1761 455 1802 eximiae
481 1761 644 1816 cepisti:
676 1761 849 1802 amissas
876 1761 1102 1816 Hispanias
1133 1761 1372 1817 reciperasti
1402 1771 1518 1816 quat—

177 1830 269 1864 tuor
292 1823 386 1864 inde
410 1823 580 1864 Punicis
606 1823 851 1864 exercitibus
877 1823 1006 1878 pulsis
1015 1839 1025 1872 3
1058 1823 1201 1864 consul
1225 1831 1398 1874 creatus,
1425 1839 1517 1865 cum

177 1885 322 1926 ceteris
359 1885 411 1926 ad
447 1885 660 1926 tutandam
688 1885 852 1926 Italiam
881 1901 1027 1941 parum
1063 1886 1186 1926 animi
1217 1894 1343 1936 esset,
1387 1895 1518 1929 trans-

177 1962 345 2002 gressus
370 1947 413 1988 in
436 1948 642 1997 Africam,
673 1948 834 1989 duobus
861 1947 927 1988 hic
952 1948 1197 1989 exercitibus
1224 1949 1373 1999 caesis,
1410 1949 1516 1991 binis

177 2009 321 2050 eadem
356 2009 456 2050 hora
492 2010 621 2065 captis
659 2010 779 2051 simul
815 2010 1074 2064 incensisque
1111 2010 1276 2060 castris,
1326 2009 1517 2067 Syphace

176 2071 461 2125 potentissimo
486 2087 583 2127 rege
609 2081 746 2127 capto,
774 2080 831 2114 tot
851 2073 1019 2114 urbibus
1039 2073 1157 2128 regni
1176 2073 1282 2123 eius,
1307 2081 1367 2115 tot
1390 2074 1518 2116 nostri

176 2133 336 2187 imperii
360 2133 528 2188 ereptis,
560 2149 625 2175 me
652 2142 813 2176 sextum
838 2135 1041 2176 decimum
1065 2135 1146 2176 iam
1172 2150 1323 2176 annum
1347 2136 1518 2178 haeren-

178 2202 261 2236 tem
296 2195 338 2235 in
373 2196 637 2250 possessione
673 2197 817 2238 Italiae
857 2197 1083 2238 detraxisti.
1141 2205 1279 2252 potest
1308 2197 1518 2239 victoriam

178 2257 299 2298 malle
325 2272 449 2311 quam
472 2273 617 2313 pacem
643 2260 815 2301 animus.
875 2260 971 2301 novi
997 2260 1162 2315 spiritus
1188 2275 1360 2316 magnos
1385 2261 1518 2316 magis

178 2333 301 2371 quam
337 2320 478 2361 utiles:
532 2328 572 2361 et
606 2322 707 2362 mihi
742 2322 834 2363 talis
873 2323 1090 2375 aliquando
1133 2323 1296 2363 fortuna
1337 2323 1517 2365 adfulsit.

178 2381 325 2434 quodsi
355 2382 397 2422 in
428 2383 618 2424 secundis
648 2385 771 2425 rebus
801 2385 952 2425 bonam
983 2399 1142 2438 quoque
1167 2392 1346 2426 mentem
1376 2385 1520 2427 darent

179 2443 262 2492 dei,
299 2459 381 2485 non
412 2459 461 2485 ea
492 2445 624 2486 solum
655 2461 758 2499 quae
790 2446 1041 2496 evenissent,
1080 2447 1153 2487 sed
1183 2447 1306 2488 etiam
1336 2463 1384 2488 ea
1414 2463 1518 2502 quae

179 2504 341 2546 evenire
381 2514 552 2560 possent
591 2515 885 2563 reputaremus.
957 2517 1001 2549 ut
1041 2509 1223 2550 omnium
1263 2509 1516 2552 obliviscaris

179 2566 368 2616 aliorum,
395 2568 494 2609 satis
520 2583 596 2623 ego
622 2569 856 2610 documenti
879 2570 921 2610 in
946 2570 1078 2612 omnis
1099 2585 1219 2611 casus
1246 2586 1347 2612 sum.
1396 2586 1517 2626 quem

178 2629 301 2669 modo
326 2630 470 2671 castris
496 2630 600 2671 inter
624 2631 831 2672 Anienem
856 2639 978 2686 atque
1002 2633 1146 2674 urbem
1169 2640 1349 2674 vestram
1372 2634 1517 2689 positis

180 2690 299 2745 signa
321 2691 565 2733 inferentem
589 2693 631 2733 in
654 2694 816 2735 moenia
828 2694 1082 2736 Romana—
1097 2695 1164 2736 hic
1188 2709 1330 2737 cernas
1356 2696 1516 2739 duobus

248 2757 312 2784 Livi
326 2758 378 2785 vol.
397 2758 430 2785 11.
1249 2761 1293 2795 33

1542 1095 1582 1125 10

1542 1281 1580 1310 11

1544 1653 1582 1682 13

1545 1839 1584 1868 14

1546 2212 1585 2241 15

1544 2524 1583 2554 16

1542 2587 1582 2616 17
