1815 3184
480 236 634 270 LIBER
658 236 826 281 XXIIII,
851 236 906 272 20.
927 237 980 270 21.
1009 239 1057 280 [a.
1075 235 1112 271 C.
1129 236 1210 279 214]
1439 227 1519 268 185

164 339 291 380 —iam
317 339 424 380 enim
450 345 583 380 aestas
610 346 754 380 exacta
774 346 858 380 erat
883 348 922 380 et
946 339 1126 380 hibernis
1145 338 1334 393 placebat
1357 338 1516 379 locus—

166 407 390 455 conportat.
450 401 691 455 praedatum
727 401 820 441 inde
846 401 1049 442 Numidae
1073 400 1292 454 Maurique
1323 415 1396 454 per
1427 399 1518 441 Sal-

164 463 363 504 lentinum
388 478 532 518 agrum
557 463 849 517 proximosque
863 462 1042 517 Apuliae
1064 463 1191 504 saltus
1214 463 1384 512 dimissi,
1411 462 1518 503 unde

166 532 323 566 ceterae
359 525 535 579 praedae
571 525 671 565 haut
701 525 893 573 multum,
932 539 1131 577 equorum
1161 539 1309 579 greges
1340 524 1518 564 maxime

165 586 318 635 abacti,
368 602 388 627 e
425 586 575 640 quibus
613 586 665 627 ad
700 594 892 639 quattuor
927 587 1038 627 milia
1074 587 1276 627 domanda
1313 585 1517 639 equitibus

166 647 310 689 divisa.

248 710 380 751 XXI.
428 710 623 758 Romani,
661 724 755 750 cum
780 709 932 751 bellurn
965 725 1225 763 nequaquam
1256 716 1518 751 contemnen-

165 772 263 812 dum
287 772 330 812 in
357 771 498 813 Sicilia
528 778 709 812 oreretur
738 787 930 825 morsque
957 772 1119 826 tyranni
1144 772 1269 813 (luces
1300 771 1432 826 magis
1458 771 1519 811 in-

164 834 303 888 pigros
341 834 522 874 dedisset
559 832 831 887 Syracusanis
875 848 997 886 quam
1041 848 1208 874 causam
1249 840 1318 873 aut
1360 833 1517 873 animos

164 902 387 944 mutasset,
436 894 497 935 M.
525 894 724 935 Marcello
755 895 870 935 alteri
901 895 1114 935 consulum
1145 909 1235 935 eam
1266 894 1518 948 provinciam

165 956 399 997 decernunt.
460 956 685 996 secundum
722 955 967 1009 Hieronymi
1004 956 1171 996 caedem
1201 956 1332 1009 primo
1369 955 1519 995 tumul-

164 1026 322 1058 tuatum
358 1018 398 1058 in
435 1017 653 1058 Leontinis
690 1023 788 1070 aput
824 1017 973 1056 milites
1005 1017 1139 1057 fuerat
1170 1016 1518 1069 vociferatumque

164 1080 369 1127 ferociter,
406 1078 704 1132 parentandum
728 1078 816 1132 regi
848 1078 1047 1131 sanguine
1079 1077 1381 1118 coniuratorum
1413 1091 1517 1118 esse.

164 1141 310 1181 deinde
329 1140 527 1180 libertatis
548 1140 758 1180 restitutae
778 1139 896 1179 dulce
911 1139 1052 1179 auditu
1071 1153 1220 1179 nomen
1241 1138 1382 1179 crebro
1402 1153 1519 1179 usur-

161 1208 320 1256 patum,
351 1215 445 1255 spes
472 1201 580 1241 facta
606 1216 656 1241 ex
680 1201 855 1255 pecunia
878 1201 991 1255 regia
1016 1200 1243 1255 largitionis
1269 1200 1518 1253 militiaeque

162 1264 396 1318 fungendae
415 1263 641 1317 potioribus
664 1262 837 1303 ducibus
858 1269 897 1303 et
915 1262 1043 1303 relata
1056 1262 1216 1316 tyranni
1230 1262 1351 1303 foeda
1365 1262 1520 1303 scelera

160 1325 446 1378 foedioresque
470 1324 660 1365 libidines
687 1325 789 1365 adeo
814 1330 1024 1368 mutavere
1050 1324 1227 1373 animos,
1263 1330 1309 1364 ut
1338 1323 1520 1378 insepul-

162 1395 248 1427 tum
272 1387 404 1427 iacere
430 1401 576 1441 corpus
608 1386 730 1441 paulo
762 1393 855 1427 ante
887 1386 1107 1427 desiderati
1136 1386 1245 1441 regis
1271 1392 1517 1440 paterentur.

162 1463 255 1489 cum
281 1448 403 1489 ceteri
429 1463 479 1488 ex
505 1449 724 1489 coniuratis
751 1449 804 1489 ad
828 1449 1051 1489 exercitum
1074 1448 1341 1489 obtinendum
1359 1462 1518 1488 reman-

163 1510 330 1558 sissent,
368 1509 607 1550 Theodotus
639 1516 678 1550 et
705 1508 822 1551 Sosis
853 1510 977 1564 regiis
1009 1510 1124 1563 equis
1156 1516 1308 1562 quanto
1339 1510 1520 1550 maximo

163 1586 285 1612 cursu
320 1577 524 1625 poterant,
566 1577 612 1611 ut
647 1571 812 1625 ignaros
850 1571 1032 1612 omnium
1062 1572 1198 1626 regios
1230 1571 1518 1625 opprimerent,

166 1632 395 1687 Syracusas
432 1633 694 1673 contendunt.
767 1639 947 1673 ceterum
988 1640 1255 1687 praevenerat
1290 1648 1373 1674 non
1408 1633 1520 1674 fama

166 1695 317 1743 solum,
356 1709 437 1747 qua
462 1694 564 1735 nihil
594 1695 635 1734 in
668 1694 817 1735 talibus
848 1694 971 1735 rebus
1003 1701 1065 1735 est
1095 1694 1287 1743 celerius,
1326 1701 1388 1735 set
1416 1710 1520 1734 nun-

164 1757 242 1797 tius
281 1756 402 1796 etiam
439 1771 491 1796 ex
525 1756 649 1811 regiis
687 1756 829 1796 servis.
889 1756 1026 1808 itaque
1050 1755 1348 1796 Adranodorus
1386 1762 1425 1796 et
1460 1756 1519 1796 in-

164 1818 295 1859 sulam
322 1825 360 1858 et
385 1833 519 1858 arcem
546 1825 584 1858 et
615 1818 711 1867 alia,
750 1832 855 1871 quae
885 1824 1044 1871 poterat
1074 1832 1260 1870 quaeque
1292 1824 1521 1872 opportuna

164 1887 293 1929 erant,
326 1880 540 1934 praesidiis
566 1880 759 1920 firmarat.
829 1880 1032 1933 hexapylo
1059 1879 1298 1920 Theodotus
1327 1894 1375 1920 ae
1402 1878 1518 1920 Sosis

162 1949 257 1997 post
288 1942 385 1983 solis
417 1957 610 1983 occasum
640 1942 722 1982 iam
753 1941 928 1983 obscura
958 1942 1048 1982 luce
1077 1941 1229 1982 invecti
1259 1956 1353 1982 cum
1378 1956 1522 1982 cruen-

164 2011 248 2044 tam
271 2005 427 2059 regiam
453 2011 609 2045 vestem
636 2010 757 2057 atque
782 2004 943 2058 insigne
969 2003 1112 2057 capitis
1139 2009 1407 2052 ostentarent,
1441 2010 1520 2043 tra-

164 2067 271 2106 vecti
306 2081 378 2120 per
402 2066 607 2120 Tycham,
647 2066 768 2107 simul
799 2066 851 2106 ad
886 2065 1133 2114 libertatem,
1173 2065 1295 2106 simul
1326 2065 1378 2105 ad
1408 2080 1522 2105 arma

165 2135 357 2169 vocantes
383 2129 424 2168 in
438 2129 718 2169 Achradinam
745 2128 962 2169 convenire
986 2127 1140 2168 iubent.
1184 2127 1400 2168 multitudo
1425 2141 1519 2181 pars

164 2190 365 2244 procurrit
400 2190 442 2230 in
478 2190 584 2239 vias,
621 2205 716 2244 pars
748 2191 789 2230 in
820 2189 1034 2230 vestibulis
1067 2195 1164 2239 stat,
1201 2204 1295 2243 pars
1328 2203 1379 2229 ex
1404 2189 1520 2229 tectis

165 2252 436 2304 fenestrisque
468 2258 730 2306 prospectant
760 2258 799 2292 et
830 2252 928 2304 quid
958 2251 1017 2291 rei
1048 2251 1099 2292 sit
1133 2251 1324 2305 rogitant.
1386 2250 1522 2291 omnia

165 2314 386 2354 luminibus
413 2314 629 2354 conlucent
655 2314 906 2368 strepituque
931 2313 1044 2354 vario
1070 2313 1322 2367 conplentur.
1378 2313 1522 2353 armati

165 2376 264 2417 locis
290 2375 524 2430 patentibus
556 2382 875 2431 congregantur,
912 2376 1088 2416 inermes
1120 2390 1172 2416 ex
1198 2374 1384 2429 Olympii
1409 2374 1520 2416 Iovis

166 2438 317 2492 templo
344 2438 473 2492 spolia
500 2436 713 2479 Gallorum
738 2438 1073 2492 Illyriorumque,
1100 2438 1207 2478 dono
1233 2438 1328 2478 data
1347 2437 1522 2478 Hieroni

165 2518 188 2542 a
218 2501 370 2555 populo
401 2501 590 2542 Romano
620 2501 783 2554 fixaque
821 2501 872 2542 ab
904 2516 970 2549 eo,
1015 2500 1251 2549 detrahunt,
1306 2506 1519 2554 precantes

166 2564 325 2612 Iovem,
362 2570 407 2603 ut
432 2563 572 2604 volens
604 2563 802 2618 propitius
833 2563 1026 2617 praebeat
1057 2577 1173 2604 sacra
1203 2578 1316 2603 arma
1345 2577 1418 2616 pro
1448 2576 1521 2616 pa-

165 2625 258 2674 tria,
296 2640 369 2679 pro
407 2625 531 2665 deum
567 2624 766 2674 delubris,
803 2640 876 2679 pro
912 2624 1097 2665 libertate
1130 2639 1220 2665 sese
1252 2623 1517 2665 armantibus.

164 2687 265 2728 haec
290 2701 452 2741 quoque
477 2687 694 2728 multitudo
721 2686 962 2728 stationibus
987 2702 1060 2741 per
1080 2686 1284 2741 principes
1304 2686 1518 2741 regionum

1549 411 1587 440 16

1544 963 1562 991 [ὗ

1547 2508 1588 2536 10

1547 2700 1583 2728 11
