1815 3184
266 602 301 629 11

281 1405 299 1433 ΚΟ

282 1528 300 1557 <20

284 2148 299 2176 *1

287 2394 304 2422 9

265 2577 304 2606 10

332 229 385 270 74
643 236 798 271 LIBER
823 236 952 279 XXII,
980 237 1033 270 19.
1053 237 1106 270 20.
1136 240 1230 280 [a.u.
1246 249 1274 272 c.
1288 238 1370 282 537]

329 356 423 381 cum
448 340 515 380 alii
540 339 730 379 resolutis
757 339 837 378 oris
863 339 904 378 in
930 354 1100 379 ancoras
1126 339 1365 388 evehuntur,
1392 341 1477 389 alii,
1508 356 1559 382 ne
1584 342 1682 395 quid

329 410 481 450 teneat,
515 401 719 441 ancoralia
747 401 948 449 incidunt,
984 401 1215 455 raptimque
1247 403 1382 443 onmia
1412 417 1681 458 praepropere

329 464 488 518 agendo
519 463 695 503 militum
726 470 925 516 apparatu
955 463 1118 503 nautica
1148 463 1373 504 ministeria
1406 465 1680 518 inpediuntur,

328 524 596 578 trepidatione
627 531 842 563 nautarum
874 538 1019 578 capere
1049 534 1089 564 et
1119 532 1257 579 aptare
1289 541 1401 565 arma.
1437 527 1552 567 miles
1590 542 1683 581 pro-

330 586 557 627 hibebatur.
619 596 656 626 et
687 585 770 625 iam
799 585 1013 626 Romanus
1043 601 1126 626 non
1159 587 1512 640 appropinquabat
1547 589 1681 637 modo,

328 649 400 689 sed
436 648 649 688 derexerat
686 647 807 687 etiam
844 648 886 687 in
921 662 1104 702 pugnam
1140 663 1280 689 naves.
1340 649 1478 702 itaque
1513 665 1594 690 non
1631 650 1682 690 ab

325 711 442 751 hoste
474 717 514 750 et
543 709 697 764 proelio
731 710 862 764 magis
888 709 1019 750 Poeni
1049 724 1174 763 quam
1206 718 1366 750 suomet
1396 711 1475 765 ipsi
1505 711 1683 752 tumultu

326 772 477 813 turbati
513 781 551 812 et
589 779 785 825 temptata
822 772 956 812 verius
994 786 1134 826 pugna
1170 786 1292 824 quam
1328 772 1427 813 inita
1462 773 1504 813 in
1539 773 1683 828 fugam

327 840 560 875 averterunt
586 833 773 873 classem.
824 843 862 873 ct
888 848 980 873 cum
1007 834 1169 874 adversi
1195 834 1326 874 amnis
1353 849 1397 875 os
1422 834 1504 875 lato
1530 835 1684 890 agmini

327 903 365 936 et
392 904 474 936 tam
500 895 638 935 multis
666 895 787 935 simul
812 895 1069 936 venientibus
1095 895 1206 936 haud
1232 910 1329 936 sane
1354 896 1540 936 intrabile
1561 903 1682 945 esset,

325 959 368 999 in
403 958 499 998 litus
530 957 686 1011 passim
717 972 843 997 naves
875 965 1045 1012 egerunt
1077 964 1200 1011 atque
1231 958 1299 998 alii
1329 958 1445 998 vadis
1476 958 1544 998 alii
1574 958 1683 999 sicco

326 1020 442 1060 litore
469 1019 646 1073 excepti,
674 1019 820 1073 partim
847 1019 992 1059 armati
1011 1020 1159 1074 partim
1178 1020 1353 1061 inermes
1374 1021 1426 1061 ad
1444 1022 1683 1061 instructam

326 1097 400 1136 per
433 1082 529 1122 litus
567 1082 695 1122 aciem
741 1096 906 1122 suorum
948 1082 1179 1136 perfugere.
1240 1083 1345 1122 duae
1381 1091 1518 1122 tamen
1551 1085 1682 1137 primo

327 1158 530 1184 concursu
549 1150 691 1197 captae
712 1151 826 1183 erant
844 1143 1027 1184 Punicae
1046 1158 1186 1192 naves,
1213 1151 1404 1196 quattuor
1423 1159 1680 1198 suppressae.

411 1205 520 1246 XX.
581 1206 778 1254 Romani,
811 1220 1061 1258 quamquam
1093 1214 1199 1246 terra
1229 1206 1411 1246 hostium
1442 1215 1525 1246 erat
1551 1222 1684 1247 arma-

326 1274 491 1320 tamque
517 1267 647 1307 aciem
679 1276 762 1308 toto
792 1275 1045 1321 praetentam
1077 1268 1119 1308 in
1148 1268 1265 1308 litore
1297 1268 1534 1317 cernebant,
1572 1269 1683 1309 haud

327 1335 564 1369 cunctanter
587 1329 761 1369 insecuti
786 1329 986 1383 trepidam
1005 1330 1185 1369 hostium
1206 1329 1379 1369 classem
1398 1330 1515 1369 navis
1536 1331 1680 1379 omnis,

326 1405 430 1443 quae
455 1406 537 1430 non
562 1398 631 1430 aut
656 1391 935 1445 perfregerant
962 1406 1102 1444 proras
1127 1391 1233 1431 litori
1259 1391 1398 1431 inlisas
1425 1398 1495 1431 aut
1525 1392 1682 1432 carinas

325 1454 498 1492 fixerant
523 1453 658 1499 vadis,
690 1453 881 1507 religatas
907 1452 1114 1506 puppibus
1141 1453 1183 1492 in
1208 1453 1336 1492 altum
1367 1461 1598 1502 extraxere,
1631 1454 1683 1494 ad

327 1515 505 1568 quinque
531 1521 570 1554 et
595 1514 742 1569 viginti
765 1529 891 1554 naves
919 1529 939 1554 e
966 1515 1237 1569 quadraginta
1263 1529 1418 1568 cepere.
1478 1529 1611 1568 neque
1641 1515 1684 1555 id

325 1576 645 1630 pulcherrimum
671 1576 757 1616 eius
783 1576 976 1616 victoriae
1001 1576 1096 1625 fuit,
1125 1576 1198 1616 sed
1216 1577 1326 1629 quod
1345 1591 1425 1617 una
1444 1576 1524 1617 levi
1544 1591 1683 1631 pugna

325 1645 410 1678 toto
436 1638 523 1678 eius
550 1652 645 1678 orae
671 1638 772 1677 mari
797 1638 914 1691 potiti
940 1646 1066 1679 erant.
1105 1638 1242 1691 itaque
1263 1638 1314 1678 ad
1337 1636 1526 1679 Onusam
1552 1638 1683 1679 classe

326 1700 526 1754 provecti,
556 1699 742 1740 escensio
768 1699 818 1740 ab
844 1699 1018 1739 navibus
1040 1700 1081 1739 in
1103 1708 1249 1740 terram
1270 1700 1390 1740 facta.
1428 1714 1520 1740 cum
1541 1699 1682 1740 urbem

325 1762 367 1801 vi
392 1761 597 1815 cepissent
617 1768 860 1815 captamque
882 1762 1160 1815 diripuissent,
1190 1761 1483 1816 Carthaginem
1502 1762 1595 1802 inde
1615 1777 1685 1816 pe-

327 1829 436 1871 tunt,
464 1829 585 1875 atque
606 1838 768 1863 omnem
789 1838 933 1877 agrum
954 1824 1060 1863 circa
1086 1823 1323 1877 depopulati
1346 1831 1553 1877 postremo
1578 1830 1684 1863 tecta

327 1899 491 1938 quoque
523 1885 704 1924 iniuncta
734 1900 852 1926 muro
888 1886 1097 1938 portisque
1134 1886 1412 1925 incenderunt.
1472 1885 1566 1924 inde
1601 1885 1683 1925 iam

326 1947 478 2001 praeda
510 1946 648 2000 gravis
681 1947 732 1986 ad
763 1947 1071 2000 Longunticam
1103 1947 1288 2000 pervenit
1320 1946 1483 1994 classis,
1519 1946 1590 1986 ubi
1621 1946 1682 1986 vis

326 2023 477 2063 magna-
508 2008 633 2062 sparti
665 2009 717 2048 ad
746 2023 833 2048 rem
863 2009 1070 2048 nauticam
1102 2016 1298 2063 congesta
1329 2007 1379 2048 ab
1405 2007 1681 2048 Hasdrubale.

326 2071 437 2123 quod
470 2070 567 2110 satis
599 2070 639 2109 in
671 2085 793 2111 usum
824 2070 901 2110 fuit
934 2070 1094 2111 sublato
1121 2081 1300 2110 ceterum
1325 2084 1444 2110 omne
1470 2070 1683 2109 incensum

327 2139 400 2172 est.
443 2147 519 2172 nec
544 2133 788 2173 continentis
814 2133 936 2173 modo
960 2133 1205 2186 praelectast
1231 2147 1317 2181 oia,
1347 2139 1408 2172 set
1431 2132 1473 2171 in
1492 2131 1683 2172 Ebusum

327 2194 504 2234 insulam
536 2194 835 2234 transmissum.
896 2194 953 2234 ibi
986 2194 1104 2242 urbe,
1142 2208 1247 2246 quac
1280 2200 1402 2247 caput
1425 2193 1583 2233 insulae
1609 2199 1683 2242 est,

328 2256 500 2297 biduum
524 2257 774 2309 nequiquam
800 2272 961 2297 summo
985 2256 1125 2297 labore
1152 2263 1388 2311 oppugnata
1411 2246 1516 2296 ubi'
1506 2271 1549 2295 1n
1569 2270 1683 2309 spem

328 2318 490 2358 inritam
517 2318 667 2358 frustia
693 2319 768 2358 teri
792 2325 953 2372 tempus
981 2318 1173 2358 animadx
1176 2333 1313 2358 e1=um
1338 2324 1418 2366 est,
1445 2318 1496 2357 ad
1515 2316 1684 2371 popula-

329 2381 479 2420 tionem
505 2381 593 2435 agri
616 2381 725 2420 versi
750 2381 917 2434 direptis
944 2381 1096 2433 aliquot
1121 2380 1380 2432 incensisque
1404 2380 1506 2420 vicis
1531 2379 1683 2419 maiore

329 2456 452 2494 quam
485 2457 536 2482 ex
567 2442 789 2482 continenti
820 2443 972 2496 praeda
1002 2454 1118 2496 parta
1149 2456 1243 2483 cum
1274 2442 1316 2481 in
1345 2456 1472 2481 naves
1505 2456 1548 2480 se
1572 2455 1684 2481 rece-

328 2504 503 2556 pissent,
542 2519 593 2544 ex
624 2504 857 2544 Baliaribus
888 2504 1034 2544 insulis
1069 2503 1195 2558 legati
1230 2518 1373 2557 pacem
1410 2509 1595 2557 petentes
1631 2502 1683 2542 ad

332 2565 568 2619 Scipionem
599 2574 809 2606 venerunt.
869 2566 964 2606 inde
994 2565 1099 2606 flexa
1123 2572 1231 2605 retro
1257 2565 1400 2605 classis
1425 2564 1511 2604 redi
1515 2572 1682 2633 tur-nque

328 2627 370 2666 in
401 2628 585 2668 citeriora
616 2629 868 2683 proxinciae,
902 2643 982 2682 quo
1009 2628 1191 2668 omnium
1215 2627 1478 2681 populorum,
1510 2626 1579 2679 qui
1603 2624 1682 2664 Hi-

330 2687 472 2728 berum
506 2689 707 2739 incolunt,
751 2690 972 2730 multorum
1007 2696 1047 2730 et
1084 2689 1251 2729 ultimae
1286 2688 1515 2742 Hispaniae
1556 2684 1680 2740 legati
